1926 3339
1902 156 1923 205 ³³3

1902 197 1923 262 !',1

1902 267 1905 286 l

480 306 563 343 288
930 316 963 344 S.
999 319 1230 345 AUGUSTIM
1263 318 1442 344 Erlscom
1901 294 1924 372 {J

477 380 647 441 aliquid
668 381 900 425 verisimile
921 381 1128 427 videntur
1149 382 1340 442 opinati,
1365 391 1543 442 propter
1577 397 1648 426 sex
1669 381 1759 427 dies
1780 384 1869 442 pri·
1901 373 1925 432 ἐξ

477 467 586 506 mos,
607 452 771 512 quibus
792 455 908 497 Deus
929 451 1111 512 perfecit
1129 468 1260 512 opera
1277 468 1353 497 sua
1368 454 1381 478 1
1404 471 1413 497 :
1439 452 1498 496 sic
1521 452 1651 511 etiam
1669 467 1741 496 sex
1759 452 1869 511 vigi·
1900 441 1924 527 ἓξ

474 521 566 577 lias,
603 522 649 566 id
679 531 768 577 est,
787 523 915 568 horas
942 521 1094 567 decem
1127 531 1171 566 et
1199 530 1299 567 octo
1332 531 1514 582 possunt
1539 520 1600 566 illi
1631 521 1870 582 opinationi
1900 529 1925 593 [fl

475 601 697 651 coaptare.
1899 581 1924 659 ῑξῖ

534 665 611 706 VI.
634 662 800 706 Deinde
820 662 901 706 iste
918 663 1054 707 homo
1076 662 1182 718 Dei,
1214 662 1286 707 vel
1307 662 1452 722 potius
1477 663 1761 722 Propheticus
1782 663 1870 723 spi·
1899 663 1925 724 {j

480 733 587 776 ritus
602 767 613 788 ,
638 732 760 776 velut
783 731 861 776 Dei
882 731 1021 790 legem
1044 733 1090 776 in
1112 741 1273 776 secreta
1294 735 1386 793 ejus
1411 733 1629 792 Sapientia
1650 735 1871 794 conscrip-

479 813 586 858 tam,
612 803 691 847 ubi
707 803 808 848 vitae
825 801 1075 848 mortalium
1092 803 1323 862 peccatrici
1345 803 1572 847 constituit
1589 804 1873 863 procurrendi
1898 788 1902 849 i

477 872 659 917 modum
679 889 728 918 ac
746 872 1023 917 mortalitatis
1043 888 1300 928 aerumnam,
1329 872 1502 916 videtur
1524 873 1717 932 quodam
1738 874 1871 920 modo
1898 871 1902 919 ὲ

475 944 672 1000 recitare,
689 959 790 988 cum
815 944 922 988 dicit
943 963 951 989 :
973 964 992 986 «
1009 946 1116 997 Quae
1126 959 1204 1003 pro
1223 943 1359 987 nihilo
1375 943 1610 998 habentur,
1627 944 1730 988 anni
1743 954 1872 991 erunt

479 1033 500 1056 »
536 1030 705 1059 eorum.
723 1018 853 1059 Mane
872 1014 986 1059 sicut
1003 1014 1140 1059 herba
1158 1023 1364 1069 transeat,
1382 1029 1510 1058 mane
1525 1014 1679 1058 ssoreat
1695 1023 1739 1059 et
1758 1030 1872 1074 prae·

477 1104 497 1127 »
534 1095 669 1130 tereat
694 1105 703 1131 :
728 1101 905 1146 vespere
927 1085 1116 1141 decidat,
1143 1087 1344 1130 durescat
1366 1095 1409 1130 et
1431 1095 1594 1129 arescat
1609 1087 1642 1129 ².
1663 1104 1683 1127 »
1710 1085 1871 1131 Felici-
1896 1081 1900 1134 i

479 1164 542 1199 tas
565 1172 668 1214 ergo
697 1155 925 1200 haeredum
950 1156 1115 1199 Veteris
1140 1155 1419 1210 Testamenti,
1445 1171 1577 1215 quam
1611 1171 1690 1215 pro
1712 1171 1871 1214 magno
1896 1167 1900 1184 ⁶

477 1226 595 1270 bono
617 1226 923 1285 expetiverunt
946 1243 967 1270 a
1002 1226 1188 1270 Domino
1218 1229 1307 1270 Deo
1326 1242 1427 1281 suo,
1454 1227 1566 1270 hanc
1594 1226 1735 1285 legem
1758 1227 1870 1270 acci-

477 1312 578 1356 pere
601 1298 760 1340 meruit
786 1297 833 1340 in
865 1296 1038 1341 occulta
1078 1299 1170 1357 ejus
1203 1297 1502 1356 providentia,
1535 1312 1667 1356 quam
1698 1296 1898 1359 videtur}

475 1367 656 1411 recitare
683 1369 856 1424 Moyses
881 1386 890 1411 ε
917 1386 937 1408 «
962 1370 1068 1419 Quae
1090 1382 1170 1425 pro
1192 1365 1330 1410 nihilo
1354 1366 1598 1421 habentur,
1624 1366 1726 1410 anni
1743 1376 1872 1411 erunt
1893 1366 1898 1422 ξ

478 1455 500 1478 »
535 1452 702 1481 eorum.
729 1455 748 1478 »
771 1440 855 1481 Pro
874 1436 1012 1481 nihilo
1035 1437 1150 1480 enim
1171 1436 1408 1491 habentur,
1429 1453 1528 1497 quae
1546 1446 1778 1497 antequam
1793 1436 1897 1497 ’νε-,ζ

476 1508 615 1563 niant,
649 1508 794 1552 adhuc
829 1523 919 1552 non
942 1516 1068 1564 sunt3
1100 1522 1202 1550 cum
1232 1507 1447 1561 venerint,
1479 1508 1571 1567 jam
1592 1523 1682 1552 non
1704 1517 1834 1552 erunt
1858 1527 1868 1554 :
1892 1504 1896 1579 ξ

476 1595 565 1624 non
594 1580 709 1623 enim
733 1588 783 1622 ut
806 1579 951 1622 adsint
978 1579 1164 1623 veniunt
1181 1613 1191 1633 ,
1217 1576 1294 1621 sed
1311 1587 1361 1622 ut
1384 1594 1473 1622 non
1495 1578 1595 1622 sint.
1626 1598 1646 1621 «
1670 1582 1820 1635 Mane,
1847 1597 1867 1622 η
1891 1583 1902 1651 j

478 1671 499 1694 «
522 1651 569 1696 id
590 1660 668 1706 est,
691 1651 828 1710 prius,
847 1651 958 1695 sicut
979 1650 1115 1694 herba
1137 1659 1345 1705 transeat,
1370 1665 1498 1693 mane
1520 1649 1673 1694 floreat
1694 1659 1738 1693 et
1758 1666 1871 1710 prae-
1890 1655 1895 1704 ᾗ

479 1742 497 1764 »
532 1731 669 1766 tereat
693 1741 702 1766 :
727 1737 908 1781 vespere
930 1757 941 1776 ,
967 1720 1014 1764 id
1038 1730 1132 1776 est,
1159 1730 1310 1779 postea
1329 1755 1340 1775 ,
1365 1719 1553 1775 decidat,
1591 1719 1794 1765 durescat
1828 1708 1894 1788 eti

479 1812 497 1833 »
533 1801 710 1845 arescat.
734 1791 931 1846 Decidat,
955 1812 970 1832 »
993 1791 1147 1851 utique
1166 1791 1212 1834 in
1230 1803 1367 1834 morte
1386 1810 1396 1847 3
1417 1809 1437 1832 «
1460 1789 1675 1846 durescat,
1700 1790 1784 1834 »in
1802 1806 1870 1835 ca·
1889 1822 1894 1871 Ι
1924 1825 1926 1836 .

474 1862 657 1920 davere3
687 1882 704 1903 «
739 1872 930 1917 arescat,
956 1881 975 1902 »
1004 1862 1050 1905 in
1080 1861 1276 1921 pulvere.
1303 1863 1412 1914 Quae
1439 1861 1521 1904 nisi
1549 1876 1670 1916 caro,
1698 1861 1778 1905 ubi
1795 1870 1893 1942 θεῖ’
1924 1895 1926 1901 .

474 1932 828 1992 concupiscentia
851 1933 1056 1976 damnata
1089 1931 1360 1975 carnalium?
1392 1950 1413 1973 «
1443 1931 1595 1974 Omnis
1621 1931 1735 1975 enim
1768 1947 1868 1977 caro

476 2020 496 2043 »
532 2001 722 2058 foenum,
739 2012 782 2047 et
804 2002 974 2047 claritas
993 2002 1179 2046 hominis
1199 2010 1249 2045 ut
1272 2002 1351 2045 flos
1372 2000 1497 2044 foeni.
1525 2004 1716 2045 Foenum
1733 2001 1863 2057 aruit,
1888 2054 1891 2063 ³
1923 2049 1926 2061 ι

474 2091 494 2114 »
531 2073 611 2118 flos
645 2073 808 2117 decidit
839 2093 848 2118 z
882 2073 1076 2117 Verbum
1105 2081 1252 2117 autem
1287 2071 1462 2117 Domini
1484 2081 1632 2116 manet
1664 2072 1711 2116 in
1740 2068 1892 2135 aeter-}
1922 2103 1926 2131 3

477 2163 497 2185 ))
532 2147 680 2189 num3.
711 2164 730 2186 ))
1886 2150 1890 2200 J
1921 2198 1924 2202 ⁴

530 2219 631 2260 Vll.
659 2219 780 2260 Hanc
815 2225 961 2260 autem
988 2230 1166 2275 poenam
1194 2214 1249 2259 de
1278 2223 1456 2274 peccato
1479 2215 1646 2259 venisse
1673 2230 1763 2260 non
1799 2207 1890 2274 ἵει-ἱ
1921 2245 1926 2272 1

468 2289 587 2341 cens,
607 2287 817 2331 continuo
836 2286 1020 2346 subjecit
1038 2321 1048 2341 ,
1077 2305 1096 2328 (ι
1124 2286 1341 2339 Quoniam
1359 2283 1600 2329 defecimus
1621 2285 1667 2328 in
1684 2285 1747 2329 ira
1768 2294 1861 2342 tua,
1885 2285 1890 2347 ξ
1920 2315 1926 2334 ,-

472 2376 493 2399 »
529 2367 573 2402 et
595 2358 640 2401 in
661 2357 958 2416 indignatione
977 2367 1052 2401 tua
1074 2357 1325 2401 conturbati
1347 2371 1497 2400 sumus
1512 2357 1544 2399 4.
1569 2355 1860 2412 Desecimus,»
1884 2355 1888 2407 f

470 2429 516 2472 in
538 2429 815 2487 infirmitate3
845 2448 864 2471 «
891 2428 1141 2473 conturbati
1172 2443 1321 2472 sumus
1340 2462 1350 2482 ,
1375 2445 1394 2467 »
1422 2427 1572 2471 mortis
1590 2428 1761 2471 timore.
1788 2421 1887 2472 Ιῐι-ἶ

470 2499 586 2543 firmi
602 2500 720 2543 enim
742 2499 846 2543 facti
867 2515 1031 2554 sumus,
1052 2508 1096 2543 et
1111 2498 1408 2542 infirmitatem
1428 2497 1553 2541 finire
1575 2497 1858 2557 trepidamus.

516 2603 524 2618 ¹
544 2598 622 2629 Gen.
644 2607 676 2638 1,
704 2595 756 2628 31.
782 2613 824 2618 —-
846 2603 858 2618 2
877 2595 957 2628 Psal.
979 2606 1090 2627 Lxxxix
1107 2620 1115 2636 ,
1134 2593 1167 2636 5,
1186 2594 1219 2626 6.
1240 2610 1281 2616 --
1304 2591 1317 2616 3
1340 2594 1410 2625 Isai'.
1431 2602 1471 2624 xa
1486 2617 1495 2633 ‚
1526 2592 1560 2634 6,
1591 2595 1657 2624 etc.
1681 2609 1721 2615 —
1739 2590 1756 2622 4
1773 2593 1858 2626 PsaI.
1882 2582 1890 2618 ἶ

474 2663 599 2693 mxxix,
620 2662 650 2693 7.
1882 2643 1884 2646 ¹
