<?xml version="1.0" encoding="UTF-8"?>
<!DOCTYPE html PUBLIC "-//W3C//DTD XHTML 1.0 Transitional//EN"
    "http://www.w3.org/TR/xhtml1/DTD/xhtml1-transitional.dtd">
<html xmlns="http://www.w3.org/1999/xhtml" xml:lang="en" lang="en">
 <head>
  <title>
</title>
<meta http-equiv="Content-Type" content="text/html;charset=utf-8" />
  <meta name='ocr-system' content='tesseract 3.04.00' />
  <meta name='ocr-capabilities' content='ocr_page ocr_carea ocr_par ocr_line ocrx_word'/>
</head>
<body>
  <div class='ocr_page' id='page_1' title='image "./operaomniaaccura10auguuoft_0551.png"; bbox 0 0 1926 3339; ppageno 0'>
   <div class='ocr_carea' id='block_1_1' title="bbox 76 231 1501 2573">
    <p class='ocr_par' dir='ltr' id='par_1_1' title="bbox 81 231 1466 437">
     <span class='ocr_line' id='line_1_1' title="bbox 436 231 1458 270; baseline 0.001 -1"><span class='ocrx_word' id='word_1_1' title='bbox 436 240 678 270; x_wconf 67' lang='lat' dir='ltr'>ENARRA&#39;rio</span> <span class='ocrx_word' id='word_1_2' title='bbox 710 244 751 268; x_wconf 75' lang='lat' dir='ltr'>m</span> <span class='ocrx_word' id='word_1_3' title='bbox 787 241 990 269; x_wconf 79' lang='lat' dir='ltr'>PsALMUM</span> <span class='ocrx_word' id='word_1_4' title='bbox 1023 243 1134 268; x_wconf 71' lang='lat' dir='ltr'>xcvi.</span> <span class='ocrx_word' id='word_1_5' title='bbox 1378 231 1458 270; x_wconf 82' lang='lat'>451</span> 
     </span>
     <span class='ocr_line' id='line_1_2' title="bbox 81 304 1466 365; baseline 0.001 -14"><span class='ocrx_word' id='word_1_6' title='bbox 81 306 316 351; x_wconf 81' lang='lat' dir='ltr'><strong>mansuetis</strong></span> <span class='ocrx_word' id='word_1_7' title='bbox 348 315 496 351; x_wconf 90' lang='lat' dir='ltr'>autem</span> <span class='ocrx_word' id='word_1_8' title='bbox 522 342 534 363; x_wconf 88' lang='lat'>,</span> <span class='ocrx_word' id='word_1_9' title='bbox 573 325 594 349; x_wconf 88' lang='lat'>«</span> <span class='ocrx_word' id='word_1_10' title='bbox 621 306 793 352; x_wconf 89' lang='lat' dir='ltr'>Justitia</span> <span class='ocrx_word' id='word_1_11' title='bbox 825 314 869 350; x_wconf 87' lang='lat' dir='ltr'>et</span> <span class='ocrx_word' id='word_1_12' title='bbox 895 304 1108 365; x_wconf 88' lang='lat' dir='ltr'>judicium</span> <span class='ocrx_word' id='word_1_13' title='bbox 1144 306 1322 351; x_wconf 87' lang='lat' dir='ltr'>directio</span> <span class='ocrx_word' id='word_1_14' title='bbox 1355 307 1466 352; x_wconf 90' lang='lat' dir='ltr'>sedis</span> 
     </span>
     <span class='ocr_line' id='line_1_3' title="bbox 83 377 562 437; baseline 0.01 -18"><span class='ocrx_word' id='word_1_15' title='bbox 83 395 104 419; x_wconf 89' lang='lat'>»</span> <span class='ocrx_word' id='word_1_16' title='bbox 139 377 245 437; x_wconf 88' lang='lat' dir='ltr'>ejus.</span> <span class='ocrx_word' id='word_1_17' title='bbox 276 396 294 418; x_wconf 86' lang='lat'>»</span> <span class='ocrx_word' id='word_1_18' title='bbox 558 419 562 424; x_wconf 92' lang='grc'><em>,</em></span> 
     </span>
    </p>

    <p class='ocr_par' dir='ltr' id='par_1_2' title="bbox 76 445 1501 2573">
     <span class='ocr_line' id='line_1_4' title="bbox 137 445 1462 506; baseline -0.002 -13"><span class='ocrx_word' id='word_1_19' title='bbox 137 450 215 493; x_wconf 89' lang='lat' dir='ltr'>VI.</span> <span class='ocrx_word' id='word_1_20' title='bbox 244 466 265 490; x_wconf 91' lang='lat'>«</span> <span class='ocrx_word' id='word_1_21' title='bbox 290 447 405 505; x_wconf 85' lang='lat' dir='ltr'><strong>Ignis</strong></span> <span class='ocrx_word' id='word_1_22' title='bbox 435 456 535 491; x_wconf 89' lang='lat' dir='ltr'>ante</span> <span class='ocrx_word' id='word_1_23' title='bbox 566 462 667 491; x_wconf 89' lang='lat' dir='ltr'>eum</span> <span class='ocrx_word' id='word_1_24' title='bbox 693 446 894 506; x_wconf 87' lang='lat' dir='ltr'>praeibit,</span> <span class='ocrx_word' id='word_1_25' title='bbox 930 455 973 490; x_wconf 90' lang='lat' dir='ltr'>et</span> <span class='ocrx_word' id='word_1_26' title='bbox 993 445 1282 490; x_wconf 79' lang='lat' dir='ltr'>inflammabit</span> <span class='ocrx_word' id='word_1_27' title='bbox 1312 447 1357 491; x_wconf 90' lang='lat' dir='ltr'>in</span> <span class='ocrx_word' id='word_1_28' title='bbox 1378 448 1462 491; x_wconf 90' lang='lat' dir='ltr'>cir-</span> 
     </span>
     <span class='ocr_line' id='line_1_5' title="bbox 81 515 1463 578; baseline -0.001 -17"><span class='ocrx_word' id='word_1_29' title='bbox 81 537 101 561; x_wconf 94' lang='lat'>»</span> <span class='ocrx_word' id='word_1_30' title='bbox 135 518 258 563; x_wconf 91' lang='lat' dir='ltr'>cuitu</span> <span class='ocrx_word' id='word_1_31' title='bbox 274 516 471 562; x_wconf 84' lang='lat' dir='ltr'>inimicos</span> <span class='ocrx_word' id='word_1_32' title='bbox 492 518 623 577; x_wconf 83' lang='lat' dir='ltr'>ejus¹.</span> <span class='ocrx_word' id='word_1_33' title='bbox 646 520 707 562; x_wconf 88' lang='lat' dir='ltr'>De</span> <span class='ocrx_word' id='word_1_34' title='bbox 728 533 817 578; x_wconf 89' lang='lat' dir='ltr'>quo</span> <span class='ocrx_word' id='word_1_35' title='bbox 833 516 934 576; x_wconf 79' lang='lat' dir='ltr'>igne</span> <span class='ocrx_word' id='word_1_36' title='bbox 951 515 1077 572; x_wconf 85' lang='lat' dir='ltr'>dicit,</span> <span class='ocrx_word' id='word_1_37' title='bbox 1091 515 1243 561; x_wconf 84' lang='lat' dir='ltr'>fratres</span> <span class='ocrx_word' id='word_1_38' title='bbox 1267 536 1274 562; x_wconf 95' lang='lat'>:</span> <span class='ocrx_word' id='word_1_39' title='bbox 1305 536 1325 559; x_wconf 83' lang='lat'>«</span> <span class='ocrx_word' id='word_1_40' title='bbox 1348 517 1463 575; x_wconf 81' lang='lat' dir='ltr'>Ignis</span> 
     </span>
     <span class='ocr_line' id='line_1_6' title="bbox 80 588 1459 648; baseline 0.001 -17"><span class='ocrx_word' id='word_1_41' title='bbox 80 607 101 632; x_wconf 90' lang='lat'>»</span> <span class='ocrx_word' id='word_1_42' title='bbox 135 598 235 634; x_wconf 88' lang='lat' dir='ltr'>ante</span> <span class='ocrx_word' id='word_1_43' title='bbox 256 604 358 633; x_wconf 92' lang='lat' dir='ltr'>eum</span> <span class='ocrx_word' id='word_1_44' title='bbox 378 588 550 648; x_wconf 86' lang='lat' dir='ltr'>praeibit</span> <span class='ocrx_word' id='word_1_45' title='bbox 566 624 576 643; x_wconf 92' lang='lat'>,</span> <span class='ocrx_word' id='word_1_46' title='bbox 602 598 645 633; x_wconf 90' lang='lat' dir='ltr'>et</span> <span class='ocrx_word' id='word_1_47' title='bbox 676 589 966 632; x_wconf 86' lang='lat' dir='ltr'>inflammabit</span> <span class='ocrx_word' id='word_1_48' title='bbox 986 589 1030 632; x_wconf 90' lang='lat' dir='ltr'>in</span> <span class='ocrx_word' id='word_1_49' title='bbox 1053 589 1238 633; x_wconf 88' lang='lat' dir='ltr'>circuitu</span> <span class='ocrx_word' id='word_1_50' title='bbox 1263 588 1459 633; x_wconf 88' lang='lat' dir='ltr'>inimicos</span> 
     </span>
     <span class='ocr_line' id='line_1_7' title="bbox 79 659 1454 721; baseline 0.001 -19"><span class='ocrx_word' id='word_1_51' title='bbox 79 679 100 702; x_wconf 88' lang='lat'>»</span> <span class='ocrx_word' id='word_1_52' title='bbox 134 661 253 721; x_wconf 81' lang='lat' dir='ltr'>ejus?</span> <span class='ocrx_word' id='word_1_53' title='bbox 278 678 298 701; x_wconf 87' lang='lat'>»</span> <span class='ocrx_word' id='word_1_54' title='bbox 325 662 424 705; x_wconf 89' lang='lat' dir='ltr'>Non</span> <span class='ocrx_word' id='word_1_55' title='bbox 452 660 636 704; x_wconf 79' lang='lat' dir='ltr'>arbitror</span> <span class='ocrx_word' id='word_1_56' title='bbox 664 659 718 704; x_wconf 89' lang='lat' dir='ltr'>de</span> <span class='ocrx_word' id='word_1_57' title='bbox 745 660 820 705; x_wconf 91' lang='lat' dir='ltr'>illo</span> <span class='ocrx_word' id='word_1_58' title='bbox 845 661 944 719; x_wconf 80' lang='lat' dir='ltr'>igne</span> <span class='ocrx_word' id='word_1_59' title='bbox 968 659 1075 714; x_wconf 87' lang='lat' dir='ltr'>dici,</span> <span class='ocrx_word' id='word_1_60' title='bbox 1112 661 1156 703; x_wconf 87' lang='lat' dir='ltr'>in</span> <span class='ocrx_word' id='word_1_61' title='bbox 1183 676 1317 720; x_wconf 81' lang='lat' dir='ltr'>quem</span> <span class='ocrx_word' id='word_1_62' title='bbox 1352 661 1454 704; x_wconf 88' lang='lat' dir='ltr'>mit-</span> 
     </span>
     <span class='ocr_line' id='line_1_8' title="bbox 76 730 1461 793; baseline 0 -17"><span class='ocrx_word' id='word_1_63' title='bbox 76 731 199 776; x_wconf 89' lang='lat' dir='ltr'>tendi</span> <span class='ocrx_word' id='word_1_64' title='bbox 230 740 332 776; x_wconf 87' lang='lat' dir='ltr'>sunt</span> <span class='ocrx_word' id='word_1_65' title='bbox 358 732 480 791; x_wconf 89' lang='lat' dir='ltr'>impii</span> <span class='ocrx_word' id='word_1_66' title='bbox 513 731 585 776; x_wconf 86' lang='lat' dir='ltr'>illa</span> <span class='ocrx_word' id='word_1_67' title='bbox 612 730 763 776; x_wconf 88' lang='lat' dir='ltr'>ultima</span> <span class='ocrx_word' id='word_1_68' title='bbox 781 732 933 792; x_wconf 84' lang='lat' dir='ltr'>judicii</span> <span class='ocrx_word' id='word_1_69' title='bbox 955 733 1167 776; x_wconf 86' lang='lat' dir='ltr'>sententia</span> <span class='ocrx_word' id='word_1_70' title='bbox 1184 768 1194 786; x_wconf 82' lang='lat'>,</span> <span class='ocrx_word' id='word_1_71' title='bbox 1222 733 1382 793; x_wconf 80' lang='lat' dir='ltr'>quibus</span> <span class='ocrx_word' id='word_1_72' title='bbox 1405 731 1461 776; x_wconf 89' lang='lat' dir='ltr'>ad</span> 
     </span>
     <span class='ocr_line' id='line_1_9' title="bbox 76 803 1456 863; baseline -0.001 -15"><span class='ocrx_word' id='word_1_73' title='bbox 76 803 288 848; x_wconf 82' lang='lat' dir='ltr'>sinistram</span> <span class='ocrx_word' id='word_1_74' title='bbox 303 803 524 863; x_wconf 85' lang='lat' dir='ltr'>separatis,</span> <span class='ocrx_word' id='word_1_75' title='bbox 541 804 652 847; x_wconf 90' lang='lat' dir='ltr'>sicut</span> <span class='ocrx_word' id='word_1_76' title='bbox 667 804 714 847; x_wconf 89' lang='lat' dir='ltr'>in</span> <span class='ocrx_word' id='word_1_77' title='bbox 733 803 966 861; x_wconf 77' lang='lat' dir='ltr'>Evangelio</span> <span class='ocrx_word' id='word_1_78' title='bbox 983 804 1147 849; x_wconf 87' lang='lat' dir='ltr'>lectum</span> <span class='ocrx_word' id='word_1_79' title='bbox 1166 804 1456 859; x_wconf 87' lang='lat' dir='ltr'>meminimus,</span> 
     </span>
     <span class='ocr_line' id='line_1_10' title="bbox 78 874 1463 936; baseline -0.001 -17"><span class='ocrx_word' id='word_1_80' title='bbox 78 874 272 919; x_wconf 88' lang='lat' dir='ltr'>dicturus</span> <span class='ocrx_word' id='word_1_81' title='bbox 308 884 372 919; x_wconf 92' lang='lat' dir='ltr'>est</span> <span class='ocrx_word' id='word_1_82' title='bbox 397 890 405 915; x_wconf 91' lang='lat'>:</span> <span class='ocrx_word' id='word_1_83' title='bbox 436 893 454 915; x_wconf 94' lang='lat'>«</span> <span class='ocrx_word' id='word_1_84' title='bbox 482 877 546 918; x_wconf 89' lang='lat' dir='ltr'>Ite</span> <span class='ocrx_word' id='word_1_85' title='bbox 568 875 614 918; x_wconf 86' lang='lat' dir='ltr'>in</span> <span class='ocrx_word' id='word_1_86' title='bbox 645 875 788 933; x_wconf 82' lang='lat' dir='ltr'><strong>ignem</strong></span> <span class='ocrx_word' id='word_1_87' title='bbox 815 886 1028 919; x_wconf 86' lang='lat' dir='ltr'>aeternum</span> <span class='ocrx_word' id='word_1_88' title='bbox 1049 911 1059 930; x_wconf 93' lang='lat'>,</span> <span class='ocrx_word' id='word_1_89' title='bbox 1099 876 1175 936; x_wconf 90' lang='lat' dir='ltr'>qui</span> <span class='ocrx_word' id='word_1_90' title='bbox 1198 885 1370 934; x_wconf 74' lang='lat' dir='ltr'>paratus</span> <span class='ocrx_word' id='word_1_91' title='bbox 1400 884 1463 919; x_wconf 85' lang='lat' dir='ltr'>est</span> 
     </span>
     <span class='ocr_line' id='line_1_11' title="bbox 82 944 1462 1006; baseline 0.001 -19"><span class='ocrx_word' id='word_1_92' title='bbox 82 964 103 987; x_wconf 72' lang='lat' dir='ltr'><strong>n</strong></span> <span class='ocrx_word' id='word_1_93' title='bbox 139 944 316 990; x_wconf 89' lang='lat' dir='ltr'>diabolo</span> <span class='ocrx_word' id='word_1_94' title='bbox 339 954 382 990; x_wconf 92' lang='lat' dir='ltr'>et</span> <span class='ocrx_word' id='word_1_95' title='bbox 404 945 564 1003; x_wconf 81' lang='lat' dir='ltr'>angelis</span> <span class='ocrx_word' id='word_1_96' title='bbox 592 947 710 1006; x_wconf 71' lang='lat' dir='ltr'>ejus&#39;2</span> <span class='ocrx_word' id='word_1_97' title='bbox 734 965 743 990; x_wconf 75' lang='grc' dir='ltr'>ε</span> <span class='ocrx_word' id='word_1_98' title='bbox 769 964 788 986; x_wconf 88' lang='lat'>»</span> <span class='ocrx_word' id='word_1_99' title='bbox 813 962 903 990; x_wconf 88' lang='lat' dir='ltr'>non</span> <span class='ocrx_word' id='word_1_100' title='bbox 925 955 1032 1005; x_wconf 87' lang='lat' dir='ltr'>puto</span> <span class='ocrx_word' id='word_1_101' title='bbox 1055 945 1109 989; x_wconf 84' lang='lat' dir='ltr'>de</span> <span class='ocrx_word' id='word_1_102' title='bbox 1132 946 1205 990; x_wconf 91' lang='lat' dir='ltr'>illo</span> <span class='ocrx_word' id='word_1_103' title='bbox 1232 946 1330 1004; x_wconf 82' lang='lat' dir='ltr'>igne</span> <span class='ocrx_word' id='word_1_104' title='bbox 1363 946 1462 989; x_wconf 84' lang='lat' dir='ltr'>dici.</span> 
     </span>
     <span class='ocr_line' id='line_1_12' title="bbox 82 1016 1468 1078; baseline -0.001 -17"><span class='ocrx_word' id='word_1_105' title='bbox 82 1016 208 1061; x_wconf 83' lang='lat' dir='ltr'>Unde</span> <span class='ocrx_word' id='word_1_106' title='bbox 230 1017 314 1061; x_wconf 91' lang='lat' dir='ltr'>hoc</span> <span class='ocrx_word' id='word_1_107' title='bbox 350 1033 438 1062; x_wconf 90' lang='lat' dir='ltr'>non</span> <span class='ocrx_word' id='word_1_108' title='bbox 466 1019 600 1077; x_wconf 79' lang='lat' dir='ltr'>puto?</span> <span class='ocrx_word' id='word_1_109' title='bbox 637 1018 744 1070; x_wconf 83' lang='lat' dir='ltr'>Quia</span> <span class='ocrx_word' id='word_1_110' title='bbox 782 1018 836 1062; x_wconf 90' lang='lat' dir='ltr'>de</span> <span class='ocrx_word' id='word_1_111' title='bbox 872 1017 1063 1078; x_wconf 84' lang='lat' dir='ltr'>quodam</span> <span class='ocrx_word' id='word_1_112' title='bbox 1098 1017 1197 1076; x_wconf 82' lang='lat' dir='ltr'>igne</span> <span class='ocrx_word' id='word_1_113' title='bbox 1225 1017 1358 1072; x_wconf 82' lang='lat' dir='ltr'>dicit,</span> <span class='ocrx_word' id='word_1_114' title='bbox 1392 1017 1468 1077; x_wconf 87' lang='lat' dir='ltr'>qui</span> 
     </span>
     <span class='ocr_line' id='line_1_13' title="bbox 79 1087 1469 1149; baseline -0.001 -17"><span class='ocrx_word' id='word_1_115' title='bbox 79 1088 255 1148; x_wconf 74' lang='lat' dir='ltr'>praeibit</span> <span class='ocrx_word' id='word_1_116' title='bbox 276 1098 377 1132; x_wconf 90' lang='lat' dir='ltr'>ante</span> <span class='ocrx_word' id='word_1_117' title='bbox 397 1088 540 1144; x_wconf 88' lang='lat' dir='ltr'>illum,</span> <span class='ocrx_word' id='word_1_118' title='bbox 562 1097 794 1149; x_wconf 78' lang='lat' dir='ltr'>antequam</span> <span class='ocrx_word' id='word_1_119' title='bbox 811 1089 957 1133; x_wconf 87' lang='lat' dir='ltr'>veniat</span> <span class='ocrx_word' id='word_1_120' title='bbox 974 1088 1028 1132; x_wconf 89' lang='lat' dir='ltr'>ad</span> <span class='ocrx_word' id='word_1_121' title='bbox 1041 1087 1272 1148; x_wconf 84' lang='lat' dir='ltr'>judicium.</span> <span class='ocrx_word' id='word_1_122' title='bbox 1293 1088 1469 1132; x_wconf 83' lang='lat' dir='ltr'>Dictum</span> 
     </span>
     <span class='ocr_line' id='line_1_14' title="bbox 81 1159 1457 1220; baseline -0.001 -16"><span class='ocrx_word' id='word_1_123' title='bbox 81 1169 146 1205; x_wconf 89' lang='lat' dir='ltr'>est</span> <span class='ocrx_word' id='word_1_124' title='bbox 166 1160 283 1204; x_wconf 91' lang='lat' dir='ltr'>enim</span> <span class='ocrx_word' id='word_1_125' title='bbox 299 1161 452 1220; x_wconf 85' lang='lat' dir='ltr'>praeire</span> <span class='ocrx_word' id='word_1_126' title='bbox 477 1161 642 1219; x_wconf 86' lang='lat' dir='ltr'>ignem,</span> <span class='ocrx_word' id='word_1_127' title='bbox 667 1170 710 1204; x_wconf 90' lang='lat' dir='ltr'>et</span> <span class='ocrx_word' id='word_1_128' title='bbox 731 1161 1000 1205; x_wconf 79' lang='lat' dir='ltr'>inflammare</span> <span class='ocrx_word' id='word_1_129' title='bbox 1023 1160 1069 1204; x_wconf 84' lang='lat' dir='ltr'>in</span> <span class='ocrx_word' id='word_1_130' title='bbox 1088 1160 1290 1214; x_wconf 85' lang='lat' dir='ltr'>circuitu,</span> <span class='ocrx_word' id='word_1_131' title='bbox 1315 1159 1361 1203; x_wconf 91' lang='lat' dir='ltr'>id</span> <span class='ocrx_word' id='word_1_132' title='bbox 1379 1169 1457 1214; x_wconf 86' lang='lat' dir='ltr'>est,</span> 
     </span>
     <span class='ocr_line' id='line_1_15' title="bbox 80 1230 1471 1291; baseline 0 -17"><span class='ocrx_word' id='word_1_133' title='bbox 80 1246 158 1291; x_wconf 91' lang='lat' dir='ltr'>per</span> <span class='ocrx_word' id='word_1_134' title='bbox 179 1240 323 1275; x_wconf 87' lang='lat' dir='ltr'>totum</span> <span class='ocrx_word' id='word_1_135' title='bbox 346 1231 498 1276; x_wconf 90' lang='lat' dir='ltr'>orbem</span> <span class='ocrx_word' id='word_1_136' title='bbox 521 1241 734 1276; x_wconf 87' lang='lat' dir='ltr'>terrarum</span> <span class='ocrx_word' id='word_1_137' title='bbox 749 1267 760 1287; x_wconf 90' lang='lat'>,</span> <span class='ocrx_word' id='word_1_138' title='bbox 786 1232 982 1276; x_wconf 91' lang='lat' dir='ltr'>inimicos</span> <span class='ocrx_word' id='word_1_139' title='bbox 1006 1233 1112 1291; x_wconf 87' lang='lat' dir='ltr'>ejus.</span> <span class='ocrx_word' id='word_1_140' title='bbox 1140 1230 1218 1275; x_wconf 83' lang='lat' dir='ltr'>Ille</span> <span class='ocrx_word' id='word_1_141' title='bbox 1240 1231 1350 1289; x_wconf 82' lang='lat' dir='ltr'>ignis</span> <span class='ocrx_word' id='word_1_142' title='bbox 1373 1239 1471 1289; x_wconf 89' lang='lat' dir='ltr'>post</span> 
     </span>
     <span class='ocr_line' id='line_1_16' title="bbox 81 1302 1464 1364; baseline -0.001 -17"><span class='ocrx_word' id='word_1_143' title='bbox 81 1304 172 1364; x_wconf 87' lang='lat' dir='ltr'>ejus</span> <span class='ocrx_word' id='word_1_144' title='bbox 204 1302 441 1348; x_wconf 89' lang='lat' dir='ltr'>adventum</span> <span class='ocrx_word' id='word_1_145' title='bbox 475 1304 575 1359; x_wconf 88' lang='lat' dir='ltr'>erit,</span> <span class='ocrx_word' id='word_1_146' title='bbox 600 1303 680 1348; x_wconf 90' lang='lat' dir='ltr'>iste</span> <span class='ocrx_word' id='word_1_147' title='bbox 712 1313 859 1348; x_wconf 90' lang='lat' dir='ltr'>autem</span> <span class='ocrx_word' id='word_1_148' title='bbox 881 1304 992 1363; x_wconf 80' lang='lat' dir='ltr'>ignis</span> <span class='ocrx_word' id='word_1_149' title='bbox 1020 1313 1120 1348; x_wconf 91' lang='lat' dir='ltr'>ante</span> <span class='ocrx_word' id='word_1_150' title='bbox 1148 1318 1248 1346; x_wconf 89' lang='lat' dir='ltr'>eum</span> <span class='ocrx_word' id='word_1_151' title='bbox 1279 1302 1464 1362; x_wconf 85' lang='lat' dir='ltr'>praeibit.</span> 
     </span>
     <span class='ocr_line' id='line_1_17' title="bbox 81 1375 1470 1435; baseline -0.001 -17"><span class='ocrx_word' id='word_1_152' title='bbox 81 1375 187 1428; x_wconf 87' lang='lat' dir='ltr'>Quis</span> <span class='ocrx_word' id='word_1_153' title='bbox 210 1384 274 1419; x_wconf 92' lang='lat' dir='ltr'>est</span> <span class='ocrx_word' id='word_1_154' title='bbox 295 1391 398 1435; x_wconf 79' lang='lat' dir='ltr'>ergo</span> <span class='ocrx_word' id='word_1_155' title='bbox 410 1375 490 1420; x_wconf 86' lang='lat' dir='ltr'>iste</span> <span class='ocrx_word' id='word_1_156' title='bbox 503 1376 636 1434; x_wconf 78' lang='lat' dir='ltr'>ignis?</span> <span class='ocrx_word' id='word_1_157' title='bbox 653 1379 888 1420; x_wconf 78' lang='lat' dir='ltr'>Possumus</span> <span class='ocrx_word' id='word_1_158' title='bbox 906 1391 1007 1420; x_wconf 92' lang='lat' dir='ltr'>eum</span> <span class='ocrx_word' id='word_1_159' title='bbox 1023 1375 1217 1435; x_wconf 84' lang='lat' dir='ltr'>accipere</span> <span class='ocrx_word' id='word_1_160' title='bbox 1235 1375 1280 1417; x_wconf 92' lang='lat' dir='ltr'>in</span> <span class='ocrx_word' id='word_1_161' title='bbox 1293 1388 1470 1433; x_wconf 79' lang='lat' dir='ltr'>poenam</span> 
     </span>
     <span class='ocr_line' id='line_1_18' title="bbox 80 1444 1467 1507; baseline -0.001 -18"><span class='ocrx_word' id='word_1_162' title='bbox 80 1444 313 1507; x_wconf 80' lang='lat' dir='ltr'>malorum,</span> <span class='ocrx_word' id='word_1_163' title='bbox 332 1462 561 1507; x_wconf 89' lang='lat' dir='ltr'>possumus</span> <span class='ocrx_word' id='word_1_164' title='bbox 582 1447 627 1491; x_wconf 91' lang='lat' dir='ltr'>in</span> <span class='ocrx_word' id='word_1_165' title='bbox 643 1446 829 1492; x_wconf 83' lang='lat' dir='ltr'>salutem</span> <span class='ocrx_word' id='word_1_166' title='bbox 848 1447 1187 1506; x_wconf 84' lang='lat' dir='ltr'>redemptorum.</span> <span class='ocrx_word' id='word_1_167' title='bbox 1216 1448 1267 1488; x_wconf 91' lang='lat' dir='ltr'>In</span> <span class='ocrx_word' id='word_1_168' title='bbox 1288 1459 1467 1504; x_wconf 88' lang='lat' dir='ltr'>poenam</span> 
     </span>
     <span class='ocr_line' id='line_1_19' title="bbox 82 1515 1471 1579; baseline -0.002 -18"><span class='ocrx_word' id='word_1_169' title='bbox 82 1516 299 1562; x_wconf 79' lang='lat' dir='ltr'>malorum</span> <span class='ocrx_word' id='word_1_170' title='bbox 321 1517 573 1579; x_wconf 80' lang='lat' dir='ltr'>quomodo?</span> <span class='ocrx_word' id='word_1_171' title='bbox 593 1518 700 1571; x_wconf 85' lang='lat' dir='ltr'>Quia</span> <span class='ocrx_word' id='word_1_172' title='bbox 719 1534 821 1563; x_wconf 92' lang='lat' dir='ltr'>cum</span> <span class='ocrx_word' id='word_1_173' title='bbox 833 1519 1142 1578; x_wconf 85' lang='lat' dir='ltr'>praedicaretur</span> <span class='ocrx_word' id='word_1_174' title='bbox 1154 1516 1367 1569; x_wconf 86' lang='lat' dir='ltr'>Christus,</span> <span class='ocrx_word' id='word_1_175' title='bbox 1385 1515 1471 1558; x_wconf 85' lang='lat' dir='ltr'>ira-</span> 
     </span>
     <span class='ocr_line' id='line_1_20' title="bbox 83 1585 1471 1648; baseline -0.004 -15"><span class='ocrx_word' id='word_1_176' title='bbox 83 1596 141 1633; x_wconf 83' lang='lat' dir='ltr'>tae</span> <span class='ocrx_word' id='word_1_177' title='bbox 166 1598 268 1633; x_wconf 87' lang='lat' dir='ltr'>sunt</span> <span class='ocrx_word' id='word_1_178' title='bbox 280 1599 451 1648; x_wconf 83' lang='lat' dir='ltr'>gentes,</span> <span class='ocrx_word' id='word_1_179' title='bbox 474 1598 516 1634; x_wconf 85' lang='lat' dir='ltr'>et</span> <span class='ocrx_word' id='word_1_180' title='bbox 529 1598 861 1634; x_wconf 82' lang='lat' dir='ltr'>commoverunt</span> <span class='ocrx_word' id='word_1_181' title='bbox 878 1589 1226 1648; x_wconf 77' lang='lat' dir='ltr'>persecutionem</span> <span class='ocrx_word' id='word_1_182' title='bbox 1251 1608 1261 1633; x_wconf 72' lang='grc' dir='ltr'>ς</span> <span class='ocrx_word' id='word_1_183' title='bbox 1286 1602 1385 1647; x_wconf 69' lang='lat' dir='ltr'>quae</span> <span class='ocrx_word' id='word_1_184' title='bbox 1406 1585 1471 1629; x_wconf 90' lang='lat' dir='ltr'>ira</span> 
     </span>
     <span class='ocr_line' id='line_1_21' title="bbox 82 1660 1474 1722; baseline -0.003 -18"><span class='ocrx_word' id='word_1_185' title='bbox 82 1660 194 1720; x_wconf 86' lang='lat' dir='ltr'>ignis</span> <span class='ocrx_word' id='word_1_186' title='bbox 206 1661 307 1717; x_wconf 83' lang='lat' dir='ltr'>fuit,</span> <span class='ocrx_word' id='word_1_187' title='bbox 323 1662 457 1721; x_wconf 85' lang='lat' dir='ltr'>magis</span> <span class='ocrx_word' id='word_1_188' title='bbox 478 1677 738 1706; x_wconf 90' lang='lat' dir='ltr'>consumens</span> <span class='ocrx_word' id='word_1_189' title='bbox 760 1677 832 1705; x_wconf 92' lang='lat' dir='ltr'>eos</span> <span class='ocrx_word' id='word_1_190' title='bbox 854 1661 931 1721; x_wconf 87' lang='lat' dir='ltr'>qui</span> <span class='ocrx_word' id='word_1_191' title='bbox 952 1660 1309 1722; x_wconf 77' lang='lat' dir='ltr'>persequebatur,</span> <span class='ocrx_word' id='word_1_192' title='bbox 1340 1672 1474 1717; x_wconf 88' lang='lat' dir='ltr'>quam</span> 
     </span>
     <span class='ocr_line' id='line_1_22' title="bbox 85 1729 1477 1793; baseline -0.004 -18"><span class='ocrx_word' id='word_1_193' title='bbox 85 1747 158 1776; x_wconf 91' lang='lat' dir='ltr'>eos</span> <span class='ocrx_word' id='word_1_194' title='bbox 175 1748 284 1793; x_wconf 90' lang='lat' dir='ltr'>quos</span> <span class='ocrx_word' id='word_1_195' title='bbox 302 1733 691 1793; x_wconf 84' lang='lat' dir='ltr'>persequebantur.</span> <span class='ocrx_word' id='word_1_196' title='bbox 709 1734 821 1777; x_wconf 90' lang='lat' dir='ltr'>Cum</span> <span class='ocrx_word' id='word_1_197' title='bbox 841 1731 956 1775; x_wconf 90' lang='lat' dir='ltr'>enim</span> <span class='ocrx_word' id='word_1_198' title='bbox 973 1730 1169 1775; x_wconf 88' lang='lat' dir='ltr'>videmus</span> <span class='ocrx_word' id='word_1_199' title='bbox 1187 1729 1312 1782; x_wconf 86' lang='lat' dir='ltr'>duos,</span> <span class='ocrx_word' id='word_1_200' title='bbox 1336 1742 1477 1772; x_wconf 91' lang='lat' dir='ltr'>unum</span> 
     </span>
     <span class='ocr_line' id='line_1_23' title="bbox 85 1797 1501 1862; baseline -0.004 -16"><span class='ocrx_word' id='word_1_201' title='bbox 85 1802 358 1858; x_wconf 84' lang='lat' dir='ltr'>irascentem,</span> <span class='ocrx_word' id='word_1_202' title='bbox 371 1802 557 1847; x_wconf 82' lang='lat' dir='ltr'>alterum</span> <span class='ocrx_word' id='word_1_203' title='bbox 568 1803 782 1862; x_wconf 86' lang='lat' dir='ltr'>patienter</span> <span class='ocrx_word' id='word_1_204' title='bbox 791 1801 1021 1856; x_wconf 87' lang='lat' dir='ltr'>ferentem,</span> <span class='ocrx_word' id='word_1_205' title='bbox 1033 1801 1129 1861; x_wconf 90' lang='lat' dir='ltr'>quis</span> <span class='ocrx_word' id='word_1_206' title='bbox 1144 1815 1295 1844; x_wconf 88' lang='lat' dir='ltr'>eorum</span> <span class='ocrx_word' id='word_1_207' title='bbox 1308 1797 1472 1852; x_wconf 81' lang='lat' dir='ltr'>ardeat,</span> <span class='ocrx_word' id='word_1_208' title='bbox 1494 1819 1501 1826; x_wconf 95' lang='lat'><strong>·</strong></span> 
     </span>
     <span class='ocr_line' id='line_1_24' title="bbox 86 1870 1478 1936; baseline -0.005 -17"><span class='ocrx_word' id='word_1_209' title='bbox 86 1884 279 1919; x_wconf 81' lang='lat' dir='ltr'>vestrum</span> <span class='ocrx_word' id='word_1_210' title='bbox 302 1884 366 1919; x_wconf 92' lang='lat' dir='ltr'>est</span> <span class='ocrx_word' id='word_1_211' title='bbox 387 1875 601 1936; x_wconf 87' lang='lat' dir='ltr'>judicare.</span> <span class='ocrx_word' id='word_1_212' title='bbox 629 1875 810 1919; x_wconf 87' lang='lat' dir='ltr'>Potestis</span> <span class='ocrx_word' id='word_1_213' title='bbox 827 1874 872 1916; x_wconf 90' lang='lat' dir='ltr'>in</span> <span class='ocrx_word' id='word_1_214' title='bbox 888 1888 1043 1931; x_wconf 85' lang='lat' dir='ltr'>genere</span> <span class='ocrx_word' id='word_1_215' title='bbox 1060 1873 1254 1916; x_wconf 84' lang='lat' dir='ltr'>humano</span> <span class='ocrx_word' id='word_1_216' title='bbox 1275 1870 1357 1914; x_wconf 89' lang='lat' dir='ltr'>tale</span> <span class='ocrx_word' id='word_1_217' title='bbox 1380 1884 1478 1928; x_wconf 91' lang='lat' dir='ltr'>spe-</span> 
     </span>
     <span class='ocr_line' id='line_1_25' title="bbox 86 1941 1478 1991; baseline -0.006 0"><span class='ocrx_word' id='word_1_218' title='bbox 86 1946 306 1991; x_wconf 89' lang='lat' dir='ltr'>ctaculum</span> <span class='ocrx_word' id='word_1_219' title='bbox 325 1947 536 1991; x_wconf 87' lang='lat' dir='ltr'>contueri.</span> <span class='ocrx_word' id='word_1_220' title='bbox 559 1946 712 1991; x_wconf 91' lang='lat' dir='ltr'>Ponite</span> <span class='ocrx_word' id='word_1_221' title='bbox 727 1945 850 1990; x_wconf 90' lang='lat' dir='ltr'>vobis</span> <span class='ocrx_word' id='word_1_222' title='bbox 872 1954 972 1989; x_wconf 89' lang='lat' dir='ltr'>ante</span> <span class='ocrx_word' id='word_1_223' title='bbox 985 1943 1134 1989; x_wconf 88' lang='lat' dir='ltr'>oculos</span> <span class='ocrx_word' id='word_1_224' title='bbox 1147 1943 1368 1987; x_wconf 90' lang='lat' dir='ltr'>hominem</span> <span class='ocrx_word' id='word_1_225' title='bbox 1392 1941 1478 1984; x_wconf 91' lang='lat' dir='ltr'>ini-</span> 
     </span>
     <span class='ocr_line' id='line_1_26' title="bbox 86 2012 1479 2077; baseline -0.004 -16"><span class='ocrx_word' id='word_1_226' title='bbox 86 2032 248 2077; x_wconf 87' lang='lat' dir='ltr'>quum,</span> <span class='ocrx_word' id='word_1_227' title='bbox 279 2026 548 2061; x_wconf 88' lang='lat' dir='ltr'>commotum</span> <span class='ocrx_word' id='word_1_228' title='bbox 581 2017 742 2071; x_wconf 85' lang='lat' dir='ltr'>animo,</span> <span class='ocrx_word' id='word_1_229' title='bbox 774 2026 941 2060; x_wconf 86' lang='lat' dir='ltr'>trucem</span> <span class='ocrx_word' id='word_1_230' title='bbox 962 2015 1114 2069; x_wconf 87' lang='lat' dir='ltr'>vultu,</span> <span class='ocrx_word' id='word_1_231' title='bbox 1152 2012 1479 2058; x_wconf 83' lang='lat' dir='ltr'>flammantibus</span> 
     </span>
     <span class='ocr_line' id='line_1_27' title="bbox 88 2084 1479 2143; baseline -0.005 -10"><span class='ocrx_word' id='word_1_232' title='bbox 88 2087 240 2143; x_wconf 89' lang='lat' dir='ltr'>oculis,</span> <span class='ocrx_word' id='word_1_233' title='bbox 273 2087 609 2132; x_wconf 85' lang='lat' dir='ltr'>scintillantibus</span> <span class='ocrx_word' id='word_1_234' title='bbox 640 2087 798 2142; x_wconf 86' lang='lat' dir='ltr'>verbis,</span> <span class='ocrx_word' id='word_1_235' title='bbox 830 2086 931 2130; x_wconf 86' lang='lat' dir='ltr'>ferri</span> <span class='ocrx_word' id='word_1_236' title='bbox 953 2087 998 2130; x_wconf 90' lang='lat' dir='ltr'>in</span> <span class='ocrx_word' id='word_1_237' title='bbox 1034 2086 1222 2130; x_wconf 89' lang='lat' dir='ltr'>hominis</span> <span class='ocrx_word' id='word_1_238' title='bbox 1244 2100 1411 2138; x_wconf 89' lang='lat' dir='ltr'>necem,</span> <span class='ocrx_word' id='word_1_239' title='bbox 1432 2084 1479 2126; x_wconf 91' lang='lat' dir='ltr'>in</span> 
     </span>
     <span class='ocr_line' id='line_1_28' title="bbox 88 2157 1474 2219; baseline -0.004 -15"><span class='ocrx_word' id='word_1_240' title='bbox 88 2158 476 2219; x_wconf 82' lang='lat' dir='ltr'>depraedationem,</span> <span class='ocrx_word' id='word_1_241' title='bbox 499 2160 543 2202; x_wconf 90' lang='lat' dir='ltr'>in</span> <span class='ocrx_word' id='word_1_242' title='bbox 561 2159 754 2218; x_wconf 80' lang='lat' dir='ltr'>injurias,</span> <span class='ocrx_word' id='word_1_243' title='bbox 781 2157 1129 2212; x_wconf 88' lang='lat' dir='ltr'>incontumelias,</span> <span class='ocrx_word' id='word_1_244' title='bbox 1147 2173 1237 2201; x_wconf 86' lang='lat' dir='ltr'>non</span> <span class='ocrx_word' id='word_1_245' title='bbox 1249 2173 1291 2200; x_wconf 89' lang='lat' dir='ltr'>se</span> <span class='ocrx_word' id='word_1_246' title='bbox 1307 2169 1474 2215; x_wconf 85' lang='lat' dir='ltr'>capere,</span> 
     </span>
     <span class='ocr_line' id='line_1_29' title="bbox 88 2226 1480 2290; baseline -0.003 -15"><span class='ocrx_word' id='word_1_247' title='bbox 88 2247 179 2276; x_wconf 91' lang='lat' dir='ltr'>non</span> <span class='ocrx_word' id='word_1_248' title='bbox 203 2247 247 2276; x_wconf 92' lang='lat' dir='ltr'>se</span> <span class='ocrx_word' id='word_1_249' title='bbox 261 2241 410 2275; x_wconf 89' lang='lat' dir='ltr'>tenere</span> <span class='ocrx_word' id='word_1_250' title='bbox 434 2251 443 2276; x_wconf 72' lang='grc' dir='ltr'>ε</span> <span class='ocrx_word' id='word_1_251' title='bbox 465 2230 650 2274; x_wconf 88' lang='lat' dir='ltr'>alterum</span> <span class='ocrx_word' id='word_1_252' title='bbox 668 2231 881 2290; x_wconf 87' lang='lat' dir='ltr'>patienter</span> <span class='ocrx_word' id='word_1_253' title='bbox 903 2230 1190 2289; x_wconf 82' lang='lat' dir='ltr'>excipientem</span> <span class='ocrx_word' id='word_1_254' title='bbox 1212 2229 1361 2282; x_wconf 88' lang='lat' dir='ltr'>verba,</span> <span class='ocrx_word' id='word_1_255' title='bbox 1382 2226 1480 2286; x_wconf 85' lang='lat' dir='ltr'>pla-</span> 
     </span>
     <span class='ocr_line' id='line_1_30' title="bbox 90 2298 1474 2363; baseline -0.004 -17"><span class='ocrx_word' id='word_1_256' title='bbox 90 2317 178 2360; x_wconf 83' lang='lat' dir='ltr'>gas,</span> <span class='ocrx_word' id='word_1_257' title='bbox 192 2301 410 2363; x_wconf 83' lang='lat' dir='ltr'>quidquid</span> <span class='ocrx_word' id='word_1_258' title='bbox 422 2301 666 2345; x_wconf 87' lang='lat' dir='ltr'>illeinferre</span> <span class='ocrx_word' id='word_1_259' title='bbox 678 2301 881 2355; x_wconf 87' lang='lat' dir='ltr'>voluerit,</span> <span class='ocrx_word' id='word_1_260' title='bbox 899 2311 941 2345; x_wconf 92' lang='lat' dir='ltr'>et</span> <span class='ocrx_word' id='word_1_261' title='bbox 961 2300 1221 2360; x_wconf 89' lang='lat' dir='ltr'>percutienti</span> <span class='ocrx_word' id='word_1_262' title='bbox 1240 2298 1474 2352; x_wconf 77' lang='lat' dir='ltr'>maxillam,</span> 
     </span>
     <span class='ocr_line' id='line_1_31' title="bbox 89 2369 1480 2433; baseline -0.004 -16"><span class='ocrx_word' id='word_1_263' title='bbox 89 2382 316 2433; x_wconf 85' lang='lat' dir='ltr'>parantem</span> <span class='ocrx_word' id='word_1_264' title='bbox 344 2382 387 2416; x_wconf 89' lang='lat' dir='ltr'>et</span> <span class='ocrx_word' id='word_1_265' title='bbox 407 2371 585 2416; x_wconf 89' lang='lat' dir='ltr'>alteram</span> <span class='ocrx_word' id='word_1_266' title='bbox 607 2392 614 2416; x_wconf 93' lang='lat'>:</span> <span class='ocrx_word' id='word_1_267' title='bbox 642 2387 744 2416; x_wconf 83' lang='lat' dir='ltr'>curn</span> <span class='ocrx_word' id='word_1_268' title='bbox 764 2371 920 2415; x_wconf 87' lang='lat' dir='ltr'>videris</span> <span class='ocrx_word' id='word_1_269' title='bbox 938 2371 1040 2415; x_wconf 83' lang='lat' dir='ltr'>hinc</span> <span class='ocrx_word' id='word_1_270' title='bbox 1065 2370 1195 2414; x_wconf 88' lang='lat' dir='ltr'>furias</span> <span class='ocrx_word' id='word_1_271' title='bbox 1212 2406 1221 2422; x_wconf 90' lang='lat'>,</span> <span class='ocrx_word' id='word_1_272' title='bbox 1247 2370 1349 2413; x_wconf 85' lang='lat' dir='ltr'>inde</span> <span class='ocrx_word' id='word_1_273' title='bbox 1366 2369 1480 2412; x_wconf 89' lang='lat' dir='ltr'>leni-</span> 
     </span>
     <span class='ocr_line' id='line_1_32' title="bbox 91 2439 1479 2502; baseline -0.004 -15"><span class='ocrx_word' id='word_1_274' title='bbox 91 2453 252 2500; x_wconf 80' lang='lat' dir='ltr'>tatem3</span> <span class='ocrx_word' id='word_1_275' title='bbox 276 2443 379 2487; x_wconf 89' lang='lat' dir='ltr'>hinc</span> <span class='ocrx_word' id='word_1_276' title='bbox 400 2443 509 2486; x_wconf 86' lang='lat' dir='ltr'>iram</span> <span class='ocrx_word' id='word_1_277' title='bbox 529 2478 539 2494; x_wconf 88' lang='lat'>,</span> <span class='ocrx_word' id='word_1_278' title='bbox 565 2443 667 2486; x_wconf 83' lang='lat' dir='ltr'>inde</span> <span class='ocrx_word' id='word_1_279' title='bbox 688 2443 967 2502; x_wconf 64' lang='lat' dir='ltr'>patientiam,</span> <span class='ocrx_word' id='word_1_280' title='bbox 997 2442 1098 2485; x_wconf 87' lang='lat' dir='ltr'>hinc</span> <span class='ocrx_word' id='word_1_281' title='bbox 1122 2442 1317 2484; x_wconf 70' lang='lat' dir='ltr'>flammas</span> <span class='ocrx_word' id='word_1_282' title='bbox 1333 2475 1343 2494; x_wconf 91' lang='lat'>,</span> <span class='ocrx_word' id='word_1_283' title='bbox 1377 2439 1479 2482; x_wconf 88' lang='lat' dir='ltr'>inde</span> 
     </span>
     <span class='ocr_line' id='line_1_33' title="bbox 92 2510 1479 2573; baseline -0.004 -14"><span class='ocrx_word' id='word_1_284' title='bbox 92 2514 394 2571; x_wconf 69' lang='lat' dir='ltr'>tolerantiam,</span> <span class='ocrx_word' id='word_1_285' title='bbox 425 2513 648 2559; x_wconf 86' lang='lat' dir='ltr'>dubitabis</span> <span class='ocrx_word' id='word_1_286' title='bbox 690 2515 974 2573; x_wconf 87' lang='lat' dir='ltr'>pronuntiare</span> <span class='ocrx_word' id='word_1_287' title='bbox 1010 2513 1106 2572; x_wconf 83' lang='lat' dir='ltr'>quis</span> <span class='ocrx_word' id='word_1_288' title='bbox 1139 2527 1288 2556; x_wconf 82' lang='lat' dir='ltr'>eorum</span> <span class='ocrx_word' id='word_1_289' title='bbox 1329 2510 1479 2555; x_wconf 84' lang='lat' dir='ltr'>ardeat</span> 
     </span>
    </p>
   </div>
   <div class='ocr_carea' id='block_1_2' title="bbox 143 2595 816 2639">
    <p class='ocr_par' dir='ltr' id='par_1_3' title="bbox 143 2595 816 2639">
     <span class='ocr_line' id='line_1_34' title="bbox 143 2595 816 2639; baseline -0.003 -9"><span class='ocrx_word' id='word_1_290' title='bbox 143 2603 152 2621; x_wconf 85' lang='lat'>¹</span> <span class='ocrx_word' id='word_1_291' title='bbox 174 2596 252 2630; x_wconf 84' lang='lat' dir='ltr'>Psal.</span> <span class='ocrx_word' id='word_1_292' title='bbox 273 2607 360 2639; x_wconf 77' lang='lat' dir='ltr'>xcvx,</span> <span class='ocrx_word' id='word_1_293' title='bbox 383 2597 413 2628; x_wconf 86' lang='lat'>3.</span> <span class='ocrx_word' id='word_1_294' title='bbox 440 2613 472 2620; x_wconf 87' lang='lat'>-·</span> <span class='ocrx_word' id='word_1_295' title='bbox 492 2603 505 2620; x_wconf 85' lang='lat'>²</span> <span class='ocrx_word' id='word_1_296' title='bbox 524 2595 637 2628; x_wconf 79' lang='lat' dir='ltr'>Matth.</span> <span class='ocrx_word' id='word_1_297' title='bbox 666 2607 742 2638; x_wconf 69' lang='lat' dir='ltr'>xxv,</span> <span class='ocrx_word' id='word_1_298' title='bbox 763 2595 816 2638; x_wconf 81' lang='grc' dir='ltr'>ίμ.</span> 
     </span>
    </p>
   </div>
   <div class='ocr_carea' id='block_1_3' title="bbox 1284 2647 1349 2686">
    <p class='ocr_par' dir='ltr' id='par_1_4' title="bbox 1284 2647 1349 2686">
     <span class='ocr_line' id='line_1_35' title="bbox 1284 2647 1349 2686; baseline 0.031 -2"><span class='ocrx_word' id='word_1_299' title='bbox 1284 2647 1349 2686; x_wconf 79' lang='lat'>29.</span> 
     </span>
    </p>
   </div>
  </div>
 </body>
</html>
