1926 3339
414 316 655 344 ENAnnAzmo
686 318 732 344 nv
763 314 968 345 PsALMUM
999 317 1185 346 Lxxxvn.
1403 311 1488 349 229

106 384 186 428 bus
220 383 524 428 affectionibus
556 382 706 427 vestris
736 383 914 426 terrenis
939 391 983 427 et
1013 384 1307 428 saecularibus.
1345 387 1489 431 visuri

105 470 252 498 sumus
274 453 482 514 quiddam
495 488 505 508 ,
525 470 613 514 quo
633 453 724 497 viso
746 453 862 498 beati
882 455 1039 499 crimus
1053 491 1064 509 ‚
1085 464 1129 498 et
1149 456 1232 500 hoc
1249 455 1388 500 solum
1408 474 1488 501 no-

105 525 170 570 bis
187 526 387 570 sufficiet.
409 528 465 569 Et
482 524 619 585 quid?
640 527 738 569 Non
759 525 1123 570 manducabimus
1141 528 1159 569 P
1186 530 1279 570 Imo
1302 526 1490 571 mandu-

103 596 320 653 cabimus·⁷
347 605 391 639 et
413 595 502 654 ipse
526 595 606 639 erit
635 595 756 640 cibus
770 605 936 649 noster,
961 597 1039 656 qui
1061 606 1103 640 et
1133 596 1312 651 reficiat,
1335 606 1378 641 et
1400 613 1489 641 non

103 667 291 712 deficiat.
322 686 342 709 «
364 670 589 727 Tanquam
606 667 951 727 jucundatorum
977 668 1175 715 omnium
1200 669 1411 713 habitatio
1442 669 1488 712 in

105 757 125 781 »
160 748 218 783 te.
248 757 267 779 »
294 741 390 782 Jam
413 737 579 782 dictum
601 748 665 782 est
682 738 800 782 unde
816 739 1160 798 jucundabimur
1190 758 1199 783 z
1235 740 1386 784 «Beati
1413 741 1489 799 qui

103 828 124 852 »
158 809 359 853 habitant
372 810 416 852 in
438 809 569 853 domo
592 818 687 864 tua,
713 810 757 853 in
780 809 936 855 saecula
958 810 1219 854 saeculorum
1240 810 1489 855 laudabunt

105 900 122 922 ³)
159 883 245 924 te¹.
264 900 280 922 »
309 879 554 924 Laudemus
583 889 626 923 ct
647 879 779 924 modo
805 880 1070 934 Dominum,
1094 889 1309 940 quantum
1336 897 1488 940 possu-

98 966 196 994 mus
209 986 219 1006 ‚
246 951 389 994 mixtis
406 950 660 1009 gemitibus,
684 951 784 1010 quia
802 948 1025 993 laudando
1043 965 1142 993 eum
1156 985 1166 1005 ,
1192 949 1486 996 desideramus

68 1071 78 1079 κ
98 1036 215 1075 eum,
240 1031 283 1064 et
304 1022 503 1064 nondum
523 1029 734 1064 tenemus.
760 1022 873 1064 Cum
898 1020 1180 1074 tenuerimus,
1206 1021 1488 1065 subtrahetur

98 1092 238 1136 omnis
261 1092 466 1150 gemitus,
493 1101 536 1135 et
558 1091 800 1135 remanebit
830 1091 920 1136 sola
942 1101 985 1136 et
1001 1107 1109 1151 pura
1144 1100 1187 1135 et
1208 1101 1368 1136 aeterna
1391 1091 1488 1137 lau-

97 1164 231 1208 datio.
257 1164 464 1209 Conversi
493 1165 548 1208 ad
570 1164 822 1208 Dominum.

592 1442 719 1490 ENA
729 1439 997 1491 imam&

424 1581 484 1619 IN
528 1580 833 1622 PSALMUM
864 1582 1155 1621 Lxxxvn.

153 1725 188 1767 Ι.
211 1725 375 1767 PsALm
397 1722 527 1782 hujus
550 1722 799 1780 octogesimi
821 1732 864 1767 et
878 1724 1049 1783 septimi
1072 1723 1225 1769 titulus
1248 1724 1381 1769 habet
1402 1723 1484 1768 ali-

92 1792 216 1853 quid,
233 1791 353 1853 quod
373 1808 537 1837 novum
555 1794 779 1852 negotium
794 1794 1051 1853 disputatori
1074 1795 1241 1838 aflerat.
1257 1797 1483 1854 Nusquam

92 1864 208 1907 enim
233 1863 417 1907 aliorum
436 1864 702 1909 Psalmorum
725 1865 914 1924 positum
941 1874 1005 1909 est
1020 1900 1031 1917 ,
1057 1866 1177 1925 quod
1198 1866 1268 1910 hic
1289 1866 1449 1925 legitur
1471 1885 1480 1910 2

95 1954 114 1976 (ι
152 1939 235 1979 Pro
257 1936 425 1979 melech
447 1935 502 1979 ad
515 1935 894 1995 respondendum.
924 1955 942 1977 n
969 1940 1078 1982 Nam
1108 1937 1162 1981 de
1184 1937 1354 1982 Psalmo
1377 1953 1482 1981 can-

90 2005 164 2050 tici
202 2015 246 2050 et
279 2006 448 2049 cantico
489 2006 645 2051 Psalmi
681 2005 782 2050 alias
819 2007 909 2067 jam
941 2006 1050 2067 quid
1093 2007 1218 2052 nobis
1261 2007 1483 2052 videretur

92 2076 278 2120 diximus
301 2078 365 2135 (3)
387 2096 395 2120 :
421 2086 464 2126 et
481 2111 491 2131 ,
522 2096 540 2118 «
568 2076 684 2120 Filiis
715 2079 849 2132 Com,
884 2077 1089 2122 usitatum
1123 2078 1169 2121 in
1192 2077 1329 2122 titulis
1363 2077 1483 2124 Psal-

89 2162 261 2191 morum
296 2147 616 2207 saepissimeque
649 2156 882 2191 tractatum
915 2158 1009 2206 est3
1043 2158 1085 2193 et
1119 2148 1228 2208 quid
1265 2149 1342 2204 sit,
1379 2167 1397 2191 «
1430 2152 1482 2194 In

92 2235 112 2258 n
148 2217 282 2261 finem
303 2235 311 2259 ·.
340 2236 360 2258 »
386 2217 460 2261 sed
479 2217 599 2277 quod
627 2217 846 2278 sequitur:
879 2237 898 2260 t<
924 2222 1007 2263 Pro
1028 2218 1197 2263 melech
1221 2219 1275 2263 ad
1299 2234 1480 2279 respon—

93 2306 114 2329 »
149 2287 366 2342 dendum,
391 2306 410 2328 n
432 2288 515 2332 hoc
538 2289 793 2332 inusitatum
811 2288 944 2333 habet
960 2289 1038 2333 iste
1062 2288 1230 2334 titulus.
1250 2294 1370 2335 «Pro
1391 2306 1482 2335 mc-

92 2376 113 2399 »
147 2358 244 2403 lech
265 2379 282 2400 »
303 2368 465 2413 autem,
486 2358 618 2403 latine
634 2375 713 2418 pro
731 2361 864 2404 choro
880 2359 965 2404 dici
978 2369 1145 2419 potest:
1174 2359 1341 2404 melech
1365 2361 1482 2405 enim

89 2429 224 2473 verbo
256 2429 433 2473 hebraeo
466 2429 624 2473 chorus
646 2429 928 2488 significatur.
958 2430 1073 2483 Quid
1103 2440 1165 2474 est
1192 2446 1294 2489 ergo
1312 2467 1322 2485 ,
1353 2451 1371 2472 «
1398 2435 1482 2475 Pro

91 2518 112 2540 »
148 2500 280 2544 choro
296 2499 350 2544 ad
365 2499 716 2560 respondendum
735 2536 745 2556 ,
774 2520 792 2541 n
820 2501 900 2545 nisi
921 2500 1033 2545 forte
1055 2511 1102 2546 ut
1126 2503 1298 2546 canenti
1322 2502 1479 2546 chorus

138 2603 147 2618 ¹
172 2597 251 2628 Psal.
272 2608 401 2639 Lxxxm,
417 2598 447 2629 5.
466 2615 508 2620 —
525 2605 536 2620 ²
557 2598 683 2630 Dictata
697 2605 767 2640 post
785 2599 977 2640 expositum,
996 2599 1076 2631 Psal.
1098 2611 1147 2630 ui
1163 2600 1203 2631 de
1222 2610 1283 2641 quo
1302 2599 1381 2631 infra
1397 2610 1427 2629 n.
1446 2610 1478 2640 5,

91 2658 123 2685 et
145 2655 229 2686 sorte.
247 2659 319 2696 po<t
339 2654 420 2686 psat.
441 2666 540 2686 xxvxi*
