1926 3339
365 287 606 316 ENAnaATio
641 290 682 314 IN
719 288 920 315 1¹SALMUM
953 288 1113 315 Lxxvu.
1358 281 1408 317 61

31 371 53 395 »
87 352 295 397 faciemus
325 362 368 397 et
401 352 672 398 audiemus¹.
717 373 733 393 »
770 353 1021 396 Notandum
1055 368 1155 396 sane
1191 351 1311 412 quod
1335 355 1413 408 ait,

32 443 54 466 «
88 423 472 476 Quemadmodum
486 432 628 482 patres
651 438 801 467 eorum
822 442 830 467 :
850 441 868 464 »
892 438 993 467 cum
1006 438 1084 482 per
1103 432 1243 466 totum
1258 423 1417 468 Psalmi

29 502 197 538 textum
226 503 437 554 tanquam
466 494 520 538 de
549 492 801 537 hominibus
833 492 995 537 eisdem
1026 491 1147 552 loqui
1173 492 1416 548 videretur,

30 573 209 623 apparet
229 573 376 609 tamen
404 580 523 608 nunc
550 563 604 608 de
634 562 717 607 illis
739 563 824 608 dici
840 599 851 619 ,
884 562 961 624 qui
976 565 1067 624 jam
1088 572 1208 608 erant
1232 563 1278 607 in
1306 573 1419 608 terra

29 634 345 694 promissionis,
375 644 418 679 et
440 644 583 694 patres
607 649 759 679 eorum
789 633 928 679 dictos
952 635 1029 695 qui
1049 634 1094 679 in
1126 650 1272 679 eremo
1297 650 1418 679 ama-

31 705 292 749 ricaverunt.

89 776 296 819 XXXIV.
316 794 336 817 «
357 776 565 821 Conversi
588 785 704 831 sunt,
725 775 890 836 inquit,
917 776 964 818 in
986 791 1136 820 arcum
1157 791 1341 835 pravum
1359 795 1368 820 ε
1396 795 1416 818 »

30 845 123 901 vel,
149 845 260 890 sicut
290 845 361 890 alii
383 845 553 890 codices
575 846 763 900 habent,
800 865 820 887 «
846 848 899 889 In
921 860 1070 890 arcum
1100 860 1366 905 perversum.
1398 863 1416 887 »

32 915 148 969 Quid
171 925 317 960 autem
338 916 422 960 hoc
445 916 520 970 sit,
556 916 601 959 in
618 931 669 960 eo
692 915 812 975 quod
835 917 1033 975 sequitur
1054 916 1187 973 magis
1212 926 1418 975 apparet,

32 987 109 1031 ubi
124 987 183 1030 ait
199 1005 209 1031 ι
228 1004 245 1027 «
264 989 321 1031 Et
336 986 382 1029 in
400 986 508 1029 iram
525 986 855 1030 concitaverunt
866 1001 967 1029 eum
982 986 1028 1029 in
1046 985 1231 1030 collibus
1245 987 1331 1030 suis
1344 990 1376 1030 2.
1396 1004 1417 1027 »

32 1060 83 1102 In
105 1056 396 1102 idololatriam
416 1071 488 1101 eos
513 1055 758 1116 prosiluisse
780 1056 1007 1114 signifieat.
1033 1059 1170 1100 Arcus
1194 1072 1297 1115 ergo
1320 1072 1422 1116 per-

32 1144 178 1174 versus
201 1137 288 1183 est,
320 1143 410 1172 non
431 1143 511 1187 pro
541 1127 718 1171 nomine
751 1127 946 1181 Domini,
976 1126 1051 1170 sed
1082 1136 1233 1171 contra
1261 1143 1423 1172 nomen

32 1199 228 1254 Domini,
253 1199 330 1260 qui
351 1198 461 1243 dixit
479 1198 619 1242 eidem
643 1197 808 1258 populo
826 1217 835 1243 ε
856 1217 876 1240 «
900 1200 999 1243 Non
1017 1207 1145 1242 erunt
1167 1198 1247 1242 tibi
1269 1198 1329 1242 dii
1351 1197 1423 1243 alii

36 1289 57 1312 »
91 1277 248 1329 praeter
269 1283 339 1312 me
353 1269 385 1311 ³.
417 1285 437 1309 n
464 1271 546 1312 Per
564 1283 712 1312 areum
731 1277 877 1312 autem
895 1268 1110 1326 signifieat,
1129 1268 1263 1312 animi
1280 1269 1424 1312 inten-

35 1342 211 1385 tionem.
239 1341 332 1384 Hoe
354 1339 496 1398 ipsum
520 1338 710 1398 denique
733 1338 904 1398 planius
939 1339 1182 1398 exprimens
1204 1359 1213 1383 :
1239 1359 1258 1381 «
1293 1342 1349 1383 Et
1380 1339 1426 1382 in

38 1433 58 1455 »
94 1412 369 1473 sculptilibus
402 1412 510 1466 suis,
536 1411 704 1471 inquit,
742 1411 796 1454 acl
828 1410 1154 1454 aemulationem
1187 1426 1288 1453 eum
1320 1426 1425 1469 pro-

44 1503 65 1527 »
96 1491 378 1530 vocaverunt.
407 1499 428 1522 »

95 1555 279 1599 XXXV.
309 1573 329 1595 «
354 1549 533 1596 Audivit
565 1554 701 1605 Deus,
725 1560 769 1595 et
796 1551 957 1611 sprevit
982 1570 990 1596 z
1027 1550 1072 1594 id
1095 1560 1180 1606 est,
1219 1550 1425 1605 advertit,

40 1645 61 1669 »
96 1635 139 1670 et
161 1624 418 1678 vindicavit,
444 1633 488 1667 et
518 1623 574 1667 ad
603 1622 788 1666 nihilum
826 1621 992 1680 redegit
1023 1622 1148 1665 nimis
1182 1621 1311 1665 Israel
1333 1622 1363 1665 ⁴³.
1407 1639 1425 1661 »

40 1702 129 1743 Deo
158 1697 320 1757 quippe
349 1703 579 1755 spernente
602 1692 710 1754 quid
732 1702 1054 1747 remanserunt,
1080 1692 1157 1752 qui
1189 1695 1279 1735 Deo
1301 1691 1429 1751 adju-

39 1779 169 1815 vante
197 1766 377 1811 suerunt
398 1766 519 1826 quod
545 1764 749 1809 suerunt?
770 1764 987 1809 Nimirum
1010 1772 1156 1807 autem
1188 1778 1278 1806 rem
1312 1761 1430 1805 illam

43 1849 207 1900 gestam
244 1845 577 1890 commemorat,
614 1835 794 1896 quando
826 1834 928 1878 vieti
963 1842 1065 1877 sunt
1098 1833 1152 1877 ab
1186 1831 1432 1891 Altophylis

44 1920 237 1969 tempore
267 1906 365 1952 Heli
395 1906 654 1960 sacerdotis,
687 1914 730 1948 et
758 1908 868 1948 Area
901 1903 1074 1948 Domini
1106 1911 1232 1962 capta
1267 1911 1354 1957 est,
1391 1910 1434 1945 et

44 1996 203 2040 magna
235 1987 376 2037 strage
408 1977 562 2022 vastati
588 1978 733 2020 sunt⁵.
772 1977 865 2018 Hoc
907 1983 971 2018 est
1012 1973 1133 2033 quod
1158 1972 1287 2028 dicit,
1328 1991 1344 2012 «
1379 1974 1435 2015 Et

48 2070 69 2094 »
104 2048 267 2110 repulit
314 2046 648 2092 tabernaculum
699 2044 843 2089 Selom
866 2079 877 2100 ,
924 2041 1259 2087 tabernaculum
1306 2057 1435 2085 suuni

49 2141 70 2164 »
105 2121 184 2166 ubi
220 2119 435 2164 habitavit
470 2119 517 2161 in
554 2115 807 2161 hominibus
826 2116 858 2157 ⁶.
900 2132 920 2156 »
961 2113 1196 2172 Eleganter
1237 2113 1436 2172 exposuit

48 2206 183 2253 quare
201 2188 409 2249 repulerit
421 2185 757 2232 tabernaculum
773 2199 917 2239 suum,
938 2199 1039 2227 eum
1053 2184 1111 2227 ait
1130 2202 1139 2227 :
1162 2202 1182 2225 α
1210 2183 1293 2226 Ubi
1311 2182 1437 2225 habi-

51 2282 71 2306 »
108 2261 215 2307 tavit
236 2261 281 2304 in
298 2258 563 2304 hominihus.
591 2277 608 2298 »
625 2258 739 2302 Cum
756 2270 859 2313 ergo
875 2253 993 2312 digni
1012 2268 1101 2296 non
1119 2260 1260 2296 essent
1280 2252 1325 2295 in
1339 2253 1438 2312 qui·-

50 2334 133 2379 bus
162 2331 401 2386 habitaret,
439 2344 517 2374 cur
550 2343 640 2371 non
672 2323 902 2386 repelleret
932 2322 1287 2377 tabernaculum,
1318 2321 1439 2382 quod

53 2405 206 2464 utique
229 2417 319 2446 non
338 2409 516 2460 propter
539 2414 582 2442 se
602 2397 868 2450 instituerat,
889 2393 964 2438 sed
981 2402 1158 2453 propter
1174 2393 1309 2453 ipsos,
1330 2407 1440 2452 quos

49 2476 138 2536 jam
150 2471 377 2534 judicabat
397 2469 600 2527 indignos
619 2468 664 2510 in
686 2466 847 2527 quibus
865 2464 1106 2509 habitaret?

105 2580 112 2595 ¹
148 2571 246 2603 Exoil.
282 2581 351 2610 xix,
384 2569 416 2600 8.
453 2585 494 2590 --
517 2574 528 2589 ²
565 2566 644 2598 psal.
685 2576 804 2605 mun,
832 2562 885 2595 58.
906 2579 947 2584 -
968 2560 980 2585 ³
1004 2561 1103 2594 Exod.
1131 2572 1186 2602 xx,
1207 2561 1237 2593 3.
1266 2577 1306 2582 —-
1324 2557 1339 2589 4
1359 2559 1438 2591 Psal.

59 2638 178 2668 mxvii,
201 2627 252 2668 59..
278 2643 317 2647 —-
336 2623 349 2647 5
370 2636 381 2655 1
403 2626 478 2665 Reg.
499 2633 543 2662 iv,
570 2632 620 2662 ιο,
645 2631 695 2652 11.
716 2637 756 2641 ——
772 2617 786 2641 6
806 2618 886 2650 Paul.
908 2628 1030 2659 Lxxvu,
1048 2616 1102 2649 60.
