1926 3339
458 329 540 368 104
882 340 913 365 s.
952 337 1181 364 acocs‘rnu
1214 336 1394 363 muscom

455 420 552 461 VOS,
579 405 623 448 in
645 404 912 464 quibus'jam
935 400 1235 461 produxerunt
1258 416 1381 460 aquae
1403 399 1570 459 reptilia
1591 400 1834 444 animarum

454 476 664 519 vivarum.
692 476 776 517 Vos
805 472 921 516 enim
951 470 1005 514 ad
1028 470 1257 516 torcularia
1279 471 1500 529 pertinetis
1529 489 1537 515 :
1562 479 1606 514 et
1640 470 1685 514 in
1711 471 1836 515 vobis

453 562 562 606 quos
584 544 885 604 produxerunt
905 556 1046 600 aquae,
1072 539 1191 584 aliud
1209 540 1442 601 eliquatur,
1457 540 1576 584 aliud
1592 541 1831 601 projicitur.

456 618 567 660 Sunt
589 614 701 657 enim
717 612 845 656 multi
862 627 951 655 non
971 610 1100 668 digne
1114 610 1307 655 viventes
1329 611 1544 671 baptismo
1560 646 1571 666 ,
1595 610 1718 671 quod
1738 626 1837 671 per·
1902 667 1906 676 ι

450 686 820 744 ceperunt.Quan1
834 680 960 724 multi
973 681 1087 724 enim
1101 680 1308 740 baptizati
1320 681 1452 725 hodie
1461 681 1623 724 circum
1636 681 1832 741 implere,

450 769 582 814 quam
599 753 723 796 istam
746 751 968 795 basilicam
989 750 1265 795 maluerunt!
1293 755 1431 805 Quam
1448 751 1576 795 multi
1599 751 1832 811 baptizati,

450 834 526 868 aut
547 839 662 868 casas
685 823 729 866 in
751 822 854 867 vicis
881 820 1074 877 faciunt,
1111 830 1188 865 aut
1222 837 1313 865 non
1345 821 1438 865 fieri
1475 822 1831 882 conqueruntur!

455 896 650 941 Psalmus
666 904 811 939 autem
825 895 904 938 iste
917 912 936 935 «
949 897 1032 938 Pro
1057 893 1346 938 torcularibus
1364 902 1407 937 et
1427 893 1579 953 quinta
1601 893 1771 937 sabbati
1787 928 1798 949 ,
1811 911 1833 935 »

449 968 495 1012 in
516 983 713 1027 pressura
735 965 1003 1010 discretionis
1023 1000 1034 1021 ,
1060 974 1103 1009 et
1121 965 1168 1009 in
1190 973 1459 1010 sacramento
1480 964 1711 1024 baptismi,
1735 980 1840 1008 can-

448 1048 566 1083 tatur
589 1058 608 1080 «
626 1037 713 1098 Ipsi
730 1038 891 1096 Asaph.
911 1055 930 1078 »
945 1038 1092 1097 Asaph
1109 1037 1242 1081 homo
1260 1035 1439 1096 quidam
1453 1034 1538 1080 fuit
1553 1036 1638 1080 hoc
1661 1035 1837 1080 nomine

447 1109 708 1170 appellatus,
741 1109 852 1152 sicut
872 1106 1052 1152 Idithun
1073 1143 1084 1164 ,
1111 1109 1223 1152 sicut
1242 1110 1354 1152 Core
1370 1143 1381 1163 ‚
1412 1107 1523 1151 sicut
1544 1106 1626 1151 alia
1660 1106 1838 1151 nomina

447 1196 548 1240 quae
570 1179 815 1223 invenimus
838 1179 883 1222 in
898 1178 1035 1223 vtitulis
1053 1179 1326 1223 Psalmorum
1345 1178 1674 1238 *interpretatio
1693 1186 1838 1221 tamen

447 1251 635 1295 nominis
649 1251 901 1307 mysterium
916 1251 1088 1294 intimat
1101 1249 1284 1295 occultae
1295 1249 1502 1294 veritatis.
1515 1249 1661 1308 Asaph
1676 1250 1838 1309 quippe

443 1322 577 1366 latine
590 1320 748 1365 dicitur
769 1322 1075 1380 Congregatio.
1092 1325 1208 1380 Ergo
1226 1340 1243 1361 «
1264 1325 1347 1366 Pro
1365 1320 1671 1376 torcularibus,
1685 1320 1838 1381 quinta

447 1411 469 1434 »
504 1391 698 1447 sabbati,
717 1412 733 1432 »
761 1401 962 1436 cantatur
987 1392 1110 1452 «Ipsi
1131 1393 1299 1452 Asaph,
1317 1410 1337 1433 »
1355 1392 1401 1435 id
1423 1401 1512 1446 est,
1539 1407 1618 1451 pro
1639 1407 1838 1451 pressura

446 1462 740 1516 discernente,
767 1462 994 1522 baptizatis
1016 1479 1067 1506 ex
1085 1479 1197 1523 aqua
1219 1463 1378 1507 renatis
1394 1498 1403 1516 .,
1422 1471 1621 1507 cantatur
1644 1461 1839 1506 Psalmus

445 1533 676 1578 dominieae
699 1533 1038 1591 congregationi.
1065 1534 1258 1578 Titulum
1277 1535 1321 1577 in
1333 1534 1486 1577 limine
1502 1533 1687 1593 legimus
1702 1569 1712 1588 ,
1738 1534 1838 1577 etin

443 1605 510 1648 his
532 1603 661 1663 prelis
684 1603 793 1664 quid
815 1604 895 1647 sihi
918 1603 1044 1659 velit,
1067 1604 1383 1648 intelleximus:
1398 1605 1487 1664 jam
1498 1604 1530 1647 si
1545 1603 1687 1664 placet
1709 1604 1837 1648 etiam

445 1675 580 1734 ipsam
610 1672 792 1718 domum
817 1674 955 1733 operis
975 1710 985 1729 ,
1016 1674 1063 1718 id
1091 1684 1177 1730 est,
1213 1675 1345 1734 ipsius
1376 1674 1603 1720 torcularis
1636 1675 1839 1719 interiora

444 1745 682 1789 videamus.
710 1748 926 1788 lntreinus
938 1745 1237 1804 ,inspiciamus
1253 1781 1263 1800 ,
1280 1745 1544 1804 gaudeamus
1557 1781 1566 1801 ,
1579 1746 1808 1790 timeamus
1822 1779 1833 1800 ,

446 1824 715 1875 appetamus,
728 1813 1124 1873 fugiamus.Onmia
1134 1815 1248 1859 enim
1262 1817 1582 1861 haecinventuri
1595 1816 1693 1860 estis
1705 1817 1837 1860 inhac

448 1887 652 1930 interiore
674 1885 821 1940 domo,
852 1884 895 1928 id
909 1894 987 1940 est,
1004 1886 1050 1928 in
1072 1894 1191 1929 textu
1204 1886 1336 1945 ipsius
1361 1886 1535 1942 Psalmi,
1563 1886 1835 1946 cumlegere,

447 1967 490 2001 et
512 1955 746 2016 adjuvante
772 1955 981 2010 Domino,
1019 1955 1140 2016 quod
1162 1956 1389 2001 donaverit
1410 1957 1533 2018 loqui
1556 1958 1834 2017 coeperimus.

507 2031 591 2071 III.
625 2030 738 2071 Eece
759 2043 856 2081 VOS,
881 2042 907 2070 o
932 2028 1077 2086 Asaph
1093 2063 1103 2082 ,
1130 2029 1406 2087 congregatio
1429 2030 1604 2073 Domini
1631 2049 1639 2074 :
1661 2049 1680 2072 α
1700 2029 1838 2074 Exul-

448 2116 468 2139 »
504 2106 591 2141 tate
619 2100 709 2141 Deo
744 2097 935 2157 adjutori
955 2100 1147 2141 nostr01.
1174 2100 1303 2142 »Vos
1341 2099 1417 2159 qui
1450 2100 1702 2158 congregati
1742 2101 1840 2145 estis

442 2167 574 2212 hodie
594 2202 605 2222 ,
629 2183 706 2212 vos
722 2167 854 2211 hodie
881 2168 1026 2228 Asaph
1044 2168 1238 2224 Domini,
1263 2169 1479 2229 siquidem
1511 2170 1635 2215 vobis
1668 2170 1838 2215 canitur

445 2237 665 2293 Psalmus,
691 2238 772 2297 ipsi
789 2238 935 2298 Asaph
965 2258 973 2282 :
1006 2256 1026 2280 «
1049 2238 1254 2282 Exultate
1280 2242 1369 2283 Deo
1399 2239 1587 2300 adjutori
1619 2250 1782 2286 nostro.
1812 2259 1833 2283 »

443 2308 736 2353 Exultantalii
754 2309 869 2354 circo
886 2345 896 2365 ,
917 2325 993 2354 vos
1016 2313 1106 2354 Deo
1135 2329 1142 2354 :
1166 2309 1363 2354 exultant
1385 2310 1457 2354 alii
1481 2310 1705 2371 deceptori
1727 2328 1805 2357 suo
1822 2348 1834 2368 ,

443 2378 631 2423 exultate
644 2395 721 2424 vos
743 2378 934 2440 adjutori
950 2389 1092 2424 vestro
1119 2400 1128 2425 ;
1156 2380 1354 2425 exultant
1377 2381 1449 2426 alii
1474 2385 1565 2427 Deo
1590 2398 1668 2427 suo
1692 2383 1836 2428 ventri

439 2466 540 2506 suo,
581 2449 770 2495 exultate
795 2467 870 2496 vos
902 2455 988 2496 Deo
1013 2461 1156 2497 vestro
1184 2453 1373 2513 adjutori
1400 2463 1560 2498 vestro.
1593 2474 1612 2496 «
1639 2454 1836 2499 Jubilate

441 2540 462 2563 »
499 2524 588 2565 Deo
611 2522 762 2565 Jacob.
785 2523 933 2575 »Quia
961 2532 1004 2566 et
1021 2538 1096 2567 vos
1122 2523 1345 2583 pertinetis
1368 2526 1424 2568 ad
1446 2525 1584 2569 Jacob
1608 2545 1616 2569 :
1642 2525 1731 2569 imo
1759 2540 1835 2569 vos

442 2591 540 2635 estis
559 2592 693 2636 Jacob
711 2627 721 2646 ,
742 2592 884 2637 minor
905 2593 1094 2653 populus
1111 2630 1121 2650 ,
1147 2595 1217 2639 cui
1235 2595 1364 2641 servit
1388 2597 1565 2655 major&
1599 2615 1619 2637 «
1639 2599 1663 2639 J
1668 2595 1833 2641 ubilate

492 2676 598 2709 'Psa1.
615 2688 709 2718 xxxx,
735 2687 767 2709 9..
788 2696 829 2701 --
850 2686 862 2702 ⁹
883 2681 962 2711 Gen.
984 2691 1058 2719 xxv,
1078 2680 1133 2711 23.
