1926 3339
473 340 713 368 ENARRATIO
748 342 791 368 m*
824 340 1025 369 PsALML'M
1059 343 1189 369 ωιτη.
1386 334 1469 370 119

90 420 109 446 so
144 405 352 465 pretiosos
375 424 383 450 :
411 405 519 449 alius
540 405 681 464 ligna,
708 404 900 460 foenum,
925 405 1129 465 stipulam
1156 425 1164 450 ς
1188 405 1466 466 uniuscujus-

88 491 110 516 »
140 490 230 534 que
252 490 361 534 opus
388 475 517 535 quale
540 476 615 530 sit,
650 476 762 534 ignis
783 476 989 536 probabit
1009 475 1131 520 :dies
1153 476 1269 519 enim
1296 477 1468 520 Domini

86 561 109 586 ν)
143 543 404 603 declarabit3
423 546 525 605 quia
547 546 592 588 in
612 545 710 603 igne
728 546 1006 590 revelabitur.
1035 547 1077 590 Si
1091 546 1160 605 cuj
1170 561 1216 589 us
1236 560 1346 605 opus
1366 562 1467 606 per-

86 631 108 657 »
142 616 345 659 manserit
378 615 499 676 quod
531 616 921 675 superaedificavit,
958 616 1203 661 mercedem
1240 616 1423 676 accipiet
1456 636 1465 662 ε

87 699 106 727 ³)
141 686 226 730 hoc
242 695 327 741 est,
351 686 454 746 quia
476 701 605 747 super
626 686 965 732 fundamentum
981 689 1097 748 justa
1125 702 1254 747 opera
1276 686 1468 732 aedifica-

85 773 107 798 »
140 756 224 811 vit,
263 772 438 811 aurum,
476 767 707 816 argentum
726 793 737 812 ,
778 757 942 817 lapides
979 757 1203 816 pretiosos.
1245 757 1288 802 Si
1321 767 1468 802 autem

83 844 105 868 »
139 836 337 886 peccata,
373 827 566 887 lignum,
604 827 801 883 foenum,
842 827 1081 887 stipulam:
1111 836 1253 872 tamen
1289 838 1467 888 propter

82 914 105 939 »
138 896 475 943 {undamentum
497 900 588 958 ipse
609 899 751 943 salvus
772 900 876 953 erit,
902 900 962 943 sic
983 908 1130 942 tamen
1156 908 1367 959 tanquam
1389 915 1468 959 per

85 986 103 1009 »
133 968 280 1027 ignem
295 971 325 1012 ¹.
355 986 376 1010 »
402 972 573 1014 Fratres
589 1005 599 1024 ,
625 970 752 1014 nimis
771 969 947 1013 timidus
969 984 1059 1013 esse
1075 968 1175 1013 volo
1198 988 1206 1013 ε
1228 968 1380 1014 melius
1403 980 1467 1014 est

79 1038 196 1082 enim
216 1054 307 1083 non
328 1039 451 1083 vobis
468 1039 571 1084 dare
592 1040 868 1084 securitatem
890 1039 1065 1084 malam.
1091 1042 1189 1083 Non
1208 1040 1322 1084 dabo
1345 1040 1466 1100 quod

77 1123 168 1154 non
187 1110 352 1170 accipio
365 1147 376 1166 ,
396 1109 554 1155 timens
574 1120 738 1155 terreo:
757 1125 928 1154 securos
945 1126 1022 1154 vos
1040 1109 1228 1154 facerem
1245 1145 1254 1164 ,
1280 1111 1315 1154 si
1338 1126 1461 1155 secu-

65 1195 151 1225 -rus
172 1180 322 1224 fierem
345 1200 354 1226 ε
375 1195 454 1239 ego
483 1181 627 1239 ignem
650 1189 865 1225 aeternum
893 1181 1041 1224 timeo.
1065 1181 1159 1224 «Et
1191 1181 1272 1225 erit
1295 1189 1465 1241 tempus

79 1267 101 1292 »
134 1265 285 1295 eorum
302 1251 347 1296 iu
366 1260 600 1307 aeternum,
624 1269 644 1291 »
667 1268 756 1296 non
778 1252 943 1310 accipio
957 1251 1037 1294 nisi
1053 1251 1197 1309 ignem
1216 1260 1430 1296 aeternum
1451 1272 1459 1296 ;

76 1319 132 1365 de
152 1337 242 1382 quo
265 1319 349 1367 alio
365 1321 462 1366 loco
482 1323 704 1382 Scriptura
727 1322 854 1367 dicit;
875 1341 894 1363 «
918 1321 1035 1380 Ignis
1052 1337 1202 1366 eorum
1219 1338 1309 1366 non
1326 1324 1465 1366 extin-

78 1411 100 1435 »
136 1402 316 1453 guetur,
340 1403 384 1438 et
402 1395 559 1438 vermis
581 1410 735 1439 eorum
758 1410 847 1438 non
867 1394 1079 1438 morietur
1092 1397 1124 1437 ².
1149 1412 1168 1435 »
1199 1393 1283 1439 Sed
1305 1393 1360 1438 de
1381 1394 1465 1438 im-

75 1463 157 1524 piis
179 1464 289 1509 dixit
304 1500 315 1519 ,
342 1463 402 1509 ait
424 1464 579 1525 aliquis
594 1501 604 1517 ,
635 1480 724 1509 non
744 1465 800 1509 de
821 1480 919 1522 me,
943 1464 1019 1525 qui
1041 1465 1237 1525 quamvis
1262 1475 1464 1524 peccator

76 1535 172 1593 sim,
189 1535 386 1596 quamvis
404 1534 590 1590 adulter,
609 1535 807 1596 quamvis
825 1533 1065 1590 fraudator,
1085 1534 1281 1595 quamvis
1296 1544 1460 1595 raptor,

75 1605 271 1666 quamvis
291 1606 516 1666 perjurus,
533 1606 678 1650 habeo
691 1615 837 1650 tamen
850 1605 896 1649 in
914 1604 1204 1650 fundamento
1221 1606 1460 1661 Christum,

75 1677 344 1722 Christianus
362 1692 456 1721 sum
469 1712 479 1730 ‚
504 1677 750 1737 baptizatus
767 1692 865 1721 sum
885 1691 989 1735 :ego
1009 1692 1088 1736 per
1106 1676 1252 1736 ignem
1274 1692 1460 1736 purgor,

57 1755 118 1791 ”et
147 1757 326 1807 propter
352 1747 692 1792 fundamentum
727 1763 816 1791 non
846 1762 992 1807 pereo.
1028 1747 1106 1790 Dic
1137 1747 1245 1790 mihi
1277 1746 1460 1802 iterum,

75 1817 194 1872 Quid
214 1820 284 1862 es?
305 1819 596 1874 Christianus,
617 1819 777 1879 inquis.
805 1818 985 1862 Interim
1008 1818 1156 1862 transi.
1183 1817 1302 1871 Quid
1318 1817 1464 1862 aliud?

74 1891 262 1949 Raptor,
299 1888 491 1943 adulter,
529 1898 572 1933 et
603 1897 759 1934 caetera
789 1887 844 1932 de
873 1888 1032 1949 quibus
1064 1887 1299 1948 Apostolus
1333 1887 1459 1944 dicit,

78 1978 99 2002 «
132 1960 351 2013 Quoniam
382 1960 457 2019 qui
494 1959 595 2004 talia
624 1969 783 2019 agunt,
823 1974 1007 2018 regnum
1041 1958 1119 2003 Dei
1150 1975 1238 2003 non
1271 1958 1464 2019 posside-

79 2049 98 2071 »
133 2029 247 2074 bunt
261 2031 293 2074 ³.
322 2049 342 2071 »
363 2032 491 2075 Certe
509 2045 609 2088 ergo
628 2046 652 2074 a
668 2030 829 2074 talibus
851 2045 940 2074 non
961 2038 1199 2084 correctus,
1224 2029 1279 2074 de
1301 2029 1462 2074 talibus

73 2101 309 2146 commissis
325 2102 628 2161 poenitentiam
646 2116 736 2145 non
753 2116 885 2160 agens
899 2136 909 2155 ,
930 2115 1115 2160 regnum
1129 2100 1342 2145 coelorum
1359 2116 1458 2161 spe-

74 2172 167 2215 ras?
188 2173 287 2216 Non
308 2172 477 2231 opinor.
508 2191 528 2214 «
549 2171 766 2225 Quoniam
788 2171 863 2231 qui
884 2170 987 2215 talia
1009 2179 1167 2229 agunt,
1192 2186 1377 2230 regnum
1389 2171 1462 2214 Dei

76 2257 98 2282 »
131 2256 222 2286 non
253 2241 555 2301 possidebunt.
585 2259 605 2283 »
632 2244 689 2286 Et
721 2242 892 2299 ignoras
923 2242 1026 2302 quia
1058 2241 1268 2301 patientia
1300 2240 1379 2285 Dei
1406 2240 1462 2285 ad

73 2312 377 2372 poenitentiam
398 2322 441 2356 te
453 2312 632 2357 adducit
646 2314 678 2356 4.
702 2315 768 2356 Tu
786 2312 924 2357 nescis
943 2313 1051 2373 quid
1062 2311 1143 2356 tibi
1157 2311 1382 2372 pollicens,
1399 2327 1463 2356 se-

73 2381 271 2427 eundum
290 2383 494 2427 duritiam
513 2392 632 2427 tuam
654 2391 698 2427 et
711 2399 786 2427 cor
803 2383 1082 2443 impoenitens
1101 2383 1363 2427 thesaurizas
1380 2382 1462 2427 tibi

72 2453 182 2498 iram
203 2454 250 2497 in
275 2454 346 2498 die
360 2454 435 2498 irae
459 2463 501 2498 et
513 2454 788 2498 revelationis
805 2454 910 2514 justi
925 2453 1079 2514 judicii
1096 2455 1194 2507 Dei,
1215 2454 1291 2514 qui
1308 2452 1462 2497 reddet

72 2524 313 2585 unicuique
334 2524 576 2569 secundum
595 2541 725 2585 opera
743 2541 833 2570 sua.
860 2526 1051 2571 Attende
1065 2541 1167 2584 ergo
1184 2526 1325 2585 ipsum
1339 2525 1459 2585 judi-

73 2611 170 2639 cem
197 2596 460 2640 venientem.
486 2600 603 2641 Bene
628 2616 637 2641 ε
662 2600 753 2642 Deo
775 2598 930 2655 gratias
957 2616 966 2641 :
991 2599 1090 2642 Non
1123 2598 1259 2640 tacuit
1284 2606 1460 2640 sentenm

123 2687 130 2702 ¹
157 2691 168 2711 1
190 2682 262 2712 Cor.
278 2692 325 2718 ιιι,
355 2681 463 2713 10-15.
486 2698 526 2704 —
547 2688 560 2703 ²
578 2682 649 2713 lsai.
677 2692 761 2720 txvl,
783 2680 835 2722 24,
856 2698 896 2703 ——
918 2679 930 2704 ²
949 2681 1016 2713 Gal.
1040 2692 1071 2721 v,
1092 2690 1145 2712 21.
1163 2698 1203 2703 -
1219 2679 1236 2709 6
1257 2682 1348 2712 Rom.
1370 2691 1404 2719 11,
1425 2678 1458 2720 4
