1926 3339
377 290 619 320 ENARRATio
651 293 696 320 ιΝ
730 289 932 320 PSALMUM
966 292 1093 320 xcvn.
1352 283 1435 322 477

57 376 78 400 »
114 372 213 417 quae
235 371 405 401 sursum
435 367 538 402 sunt
558 357 755 418 quaerite,
792 355 869 399 ubi
893 356 1088 401 Christus
1112 364 1176 400 est
1197 356 1242 400 in
1263 357 1437 404 dextera

57 446 77 471 »
111 428 188 473 Dei
218 428 394 486 sedens3
425 445 524 488 quae
553 443 724 472 sursum
756 435 857 471 sunt
885 427 1036 486 sapite,
1070 442 1160 471 non
1182 443 1281 487 quae
1311 445 1439 488 super

55 517 76 542 »
111 501 316 543 terram1.
344 516 365 540 »
387 498 501 552 Quid
524 508 602 554 est,
633 518 652 541 «
679 503 783 552 Quae
804 513 973 542 sursum
997 508 1099 543 sunt
1121 499 1335 559 quaerite?
1355 518 1373 540 »
1390 499 1440 543 Id

53 578 133 625 est,
160 584 335 614 carnem
359 568 580 624 excedite,
611 568 747 613 nolite
779 568 967 613 carnalia
990 569 1193 628 cogitare.
1234 570 1441 615 Nondum

53 650 176 686 erant
197 641 317 685 tubae
339 656 526 696 corneae,
552 641 714 701 quibus
733 640 876 685 adhuc
894 641 953 685 ita
971 639 1236 701 loquebatur
1258 661 1266 686 :
1294 661 1314 683 «
1340 645 1441 686 Fra-

57 732 76 754 »
111 721 212 768 tres,
234 727 323 756 non
347 711 471 771 potui
494 711 617 756 vobis
639 711 760 772 loqui
785 713 907 773 quasi
929 710 1209 772 spiritalibus,
1231 711 1306 755 sed
1319 712 1441 772 quasi

56 801 76 824 »
111 782 372 827 carnalibus.
403 784 628 842 Tanquam
652 782 843 842 parvulis
857 783 902 826 in
921 782 1109 837 Christo,
1126 781 1192 826 lac
1215 782 1337 827 vobis
1361 798 1440 842 po-

55 870 75 896 »
110 862 206 897 tum
227 851 344 908 dedi,
371 868 460 897 non
483 868 650 911 escam,
676 869 819 912 neque
847 853 964 897 enim
987 853 1193 912 poteratis
1220 871 1229 897 z
1261 851 1335 896 sed
1357 868 1437 896 nec

55 943 75 966 »
111 923 254 969 adhuc
281 923 461 984 quidem
484 924 690 984 potestis,
716 924 814 968 estis
841 925 956 968 enim
981 923 1124 968 adhuc
1153 923 1344 967 carnales
1357 927 1389 966 2.
1417 941 1438 964 »

52 998 168 1056 Ergo
190 1011 280 1040 non
303 1004 427 1040 erant
450 996 568 1040 tubae
593 1012 762 1040 corneae
779 1031 789 1051 ,
817 996 917 1056 quia
940 1011 1030 1039 non
1059 1004 1325 1039 excesserant
1346 1010 1442 1038 car-

52 1083 166 1113 nem.
187 1070 337 1114 Cornu
359 1077 402 1112 et
419 1067 537 1112 carni
555 1069 692 1113 haeret
712 1103 722 1123 ,
745 1077 786 1112 et
808 1083 982 1112 carnem
1007 1066 1197 1125 excedit,
1231 1075 1272 1110 et
1302 1081 1443 1126 quan-

52 1154 183 1199 quam
223 1138 277 1184 de
306 1155 436 1184 carne
471 1139 651 1194 oriatur,
687 1148 862 1198 superat
895 1153 1084 1183 carnem.
1127 1138 1167 1182 Si
1203 1152 1246 1181 es
1269 1152 1371 1195 ergo
1394 1152 1444 1180 ex

52 1209 212 1255 carnali
241 1211 469 1270 spiritali83
499 1209 642 1254 adhuc
671 1225 799 1254 carne
833 1209 971 1254 calcas
994 1218 1169 1260 terram,
1214 1217 1256 1252 ct
1289 1208 1444 1267 spiritu

52 1282 242 1341 erumpis
271 1282 317 1325 in
341 1282 519 1326 coelum.
551 1301 572 1323 «
595 1284 647 1325 In
667 1297 795 1325 carne
818 1281 933 1324 enim
963 1280 1253 1333 ambulantes,
1282 1279 1440 1338 inquit,

55 1371 76 1395 ))
112 1369 202 1397 non
234 1353 475 1397 secundum
510 1368 684 1396 carnem
717 1351 999 1395 militamusss.
1029 1369 1048 1391 ³)
1074 1353 1181 1395 Nam
1206 1349 1316 1392 illud
1343 1350 1443 1409 qui-

53 1423 135 1468 bus
159 1423 266 1468 dixit
289 1422 550 1483 Apostolus,
584 1422 758 1479 fratres,
781 1439 871 1466 non
909 1422 1305 1481 praetermittamus.
1332 1419 1445 1472 Quid

52 1493 134 1538 illis
157 1495 232 1550 ait,
258 1494 378 1538 unde
402 1494 610 1554 probaret
639 1493 734 1537 illos
767 1492 961 1537 carnales
984 1491 1172 1536 carnalia
1200 1506 1363 1550 sapere,
1404 1498 1447 1533 et

52 1566 251 1612 nondum
283 1565 419 1611 factos
454 1566 584 1609 tubas
608 1567 817 1609 corneas?
844 1583 864 1606 «
889 1566 1000 1608 Cum
1032 1563 1147 1606 enim
1180 1562 1284 1606 dicit
1306 1576 1443 1604 unus-

57 1658 75 1681 »
111 1639 297 1699 quisque
321 1647 531 1692 vestrum,
560 1640 654 1695 Ego
686 1651 782 1680 sum
805 1635 951 1692 Pauli,
977 1634 1105 1687 alius,
1138 1636 1231 1690 Ego
1258 1631 1443 1691 Apollo;

57 1730 75 1752 »
108 1709 216 1754 alius
257 1719 419 1764 autem,
453 1712 548 1767 Ego
571 1708 750 1767 Cephae,
777 1722 923 1751 nonne
952 1704 1144 1749 carnales
1167 1704 1280 1757 estis,
1307 1712 1350 1746 ct
1382 1718 1447 1745 sc-

58 1801 76 1823 »
112 1779 308 1826 cundum
331 1780 555 1824 hominem
581 1776 838 1821 ambulatis?
864 1775 977 1828 Quid
999 1784 1062 1819 est
1084 1783 1227 1818 autem
1257 1772 1446 1831 Apollo?

55 1871 77 1894 »
112 1851 221 1912 quid
244 1860 391 1895 autem
414 1849 599 1894 Paulus?
622 1847 809 1893 Ministri
836 1846 930 1899 Dei,
950 1861 1027 1905 per
1056 1860 1164 1905 quos
1187 1842 1439 1888 credidistis.

59 1941 80 1965 ³)
115 1926 208 1981 Ego
230 1922 440 1982 plantavi,
477 1919 635 1980 Apollo
679 1919 847 1977 rigavit,
880 1917 955 1961 sed
980 1920 1092 1960 Deus
1125 1916 1443 1959 incrementum

59 2011 80 2036 »
112 1992 275 2038 dedit4.
307 2013 324 2034 »
350 1992 458 2036 Vult
479 1991 576 2036 illos
599 2006 701 2049 ergo
719 1989 824 2048 erigi
853 1988 907 2032 ab
933 2003 1022 2047 spe,
1049 2001 1181 2046 quain
1204 1985 1247 2028 in
1267 1984 1443 2028 hominc

54 2073 309 2124 posuerant,
335 2073 379 2108 et
396 2062 651 2121 contingere
667 2059 875 2120 spiritalia
897 2058 1078 2113 Christi,
1100 2066 1145 2100 ut
1163 2064 1336 2115 possent
1357 2070 1444 2098 esse

55 2135 173 2180 tubae
194 2150 380 2189 corneae,
417 2133 451 2177 si
474 2141 728 2192 superarent
757 2145 946 2174 carnem.
988 2131 1174 2181 Fratres,
1206 2125 1340 2169 nolite
1375 2125 1444 2167 in-

31 2206 216 2251 ‘sultare
254 2204 478 2258 fratribus,
518 2219 626 2264 quos
669 2201 867 2246 nondum
915 2197 1129 2243 convertit
1155 2193 1441 2240 misericordia

34 2279 134 2324 'Dei
160 2298 168 2323 :
195 2277 400 2323 noveritis
432 2276 534 2337 quia
563 2273 758 2336 quandiu
779 2273 862 2317 hoc
884 2271 1040 2325 facitis,
1075 2284 1247 2314 carnem
1282 2267 1440 2326 sapitis.

0 2391 1 2394 ,
59 2350 182 2395 Tuba
206 2365 295 2394 non
318 2357 381 2393 est
410 2346 483 2391 illa
506 2363 605 2407 quae
629 2346 819 2389 delectat
845 2358 969 2387 aures
992 2342 1070 2386 Dei
1113 2360 1120 2385 :
1156 2338 1445 2383 insultationis

0 2427 1 2431 ’
57 2421 164 2465 tuba
200 2419 525 2464 infructuosum
546 2416 713 2461 bellum
738 2415 856 2459 facit.
897 2413 1018 2457 Tuba
1052 2426 1208 2456 cornea
1240 2419 1281 2454 te
1311 2409 1446 2467 erigat

4 2658 9 2788 t

7 2980 13 3182 ἱ

59 2491 262 2536 adversus
298 2488 538 2543 diabolum,
583 2504 672 2531 non
709 2486 813 2530 tuba
850 2499 1005 2528 carnea
1034 2482 1237 2526 adversus
1270 2479 1446 2523 fratrem

107 2595 115 2611 ¹
143 2588 262 2621 Coloss.
291 2599 338 2619 ni.
371 2599 382 2619 1
404 2613 411 2628 ‚
432 2596 462 2618 2.
482 2602 522 2609 —
547 2592 559 2608 2
585 2597 595 2616 ι
618 2587 688 2617 Cor.
718 2595 766 2625 ιιι,
800 2591 873 2625 1,2.
895 2598 936 2603 —-
964 2578 1013 2612 32
1032 2582 1104 2612 Cor.
1125 2590 1156 2619 x,
1179 2578 1207 2610 3.
1227 2594 1266 2600 -
1285 2575 1301 2603 4
1327 2587 1338 2607 1
1371 2577 1442 2607 Cor.
1483 2597 1490 2603 -

59 2656 83 2687 1,
106 2652 156 2684 12,
177 2648 208 2675 cl
230 2655 277 2686 ιιι,
302 2644 367 2677 ι-ϋ.
