1926 3339
468 348 486 383 1
497 345 549 383 22
895 355 929 382 s.
966 353 1195 383 AUGUSTINI
1229 353 1410 382 EPISCOPI

464 436 555 465 non
594 429 739 464 tamen
781 430 958 480 propter
985 419 1101 463 illam
1136 418 1238 464 lacis
1277 419 1505 478 rapinam,
1549 431 1638 461 non
1669 425 1848 476 propter
1900 442 1903 471 ι

461 490 581 535 illam
605 490 710 535 dicis
746 487 900 534 falsum
929 491 1225 534 testimonium
1241 524 1253 543 ,
1278 504 1367 532 non
1396 497 1574 547 propter
1595 486 1716 530 illam
1744 486 1848 532 facis

461 562 746 606 homicidium
766 595 776 610 ,
794 577 882 605 non
900 570 1076 620 propter
1097 559 1217 603 illam
1234 558 1387 603 falsum
1402 561 1522 618 juras
1534 593 1544 613 ,
1562 572 1651 601 non
1671 566 1849 617 propter
1901 567 1904 597 ι

461 632 583 676 illam
604 632 826 676 Christum
859 645 989 689 negas
1016 649 1025 675 :
1060 645 1112 674 eo
1141 629 1262 689 quod
1291 645 1380 673 non
1401 637 1579 688 propter
1600 628 1721 671 illam
1747 626 1850 672 facis
1902 623 1915 679 ζ’

461 704 577 756 haec,
613 701 833 745 Christum
866 700 1000 743 habes
1033 700 1078 742 in
1114 698 1416 743 fundamento.
1456 697 1540 743 Sed
1571 706 1716 741 tamen
1748 697 1850 757 quia

462 770 603 831 diligis
624 770 742 815 illam
760 806 771 825 ,
797 780 839 814 et
860 770 1123 815 contristaris
1140 770 1174 813 si
1187 769 1341 829 perdas
1366 768 1484 812 illam
1502 803 1512 823 ,
1538 782 1667 827 super
1686 767 1851 812 funda·

462 851 661 886 mentum
679 841 879 901 posuisti,
905 857 994 885 non
1018 855 1172 884 aurum
1190 874 1200 894 ‚
1219 849 1293 883 aut
1316 848 1546 898 argentum
1561 873 1573 893 ,
1598 847 1674 882 aut
1688 837 1851 897 lapides
1904 843 1905 891 j

461 914 670 973 pretiosos
688 932 698 969 3
723 912 798 956 sed
819 911 933 970 ligna
949 947 959 967 ,
985 911 1157 956 foenum
1174 947 1184 964 ,
1206 909 1424 970 stipulam.
1453 907 1604 953 Salvus
1626 922 1731 967 ergo
1752 909 1848 962 eris,
1904 948 1905 952 ,

462 999 562 1028 cum
581 983 732 1027 ardere
754 983 936 1042 coeperit
962 981 1082 1043 quod
1100 980 1323 1026 aedificasti
1339 1017 1349 1036 ,
1383 981 1442 1024 sic
1465 988 1611 1024 tamen
1631 979 1754 1040 quasi
1776 993 1853 1038 per
1903 978 1906 1017 ἶ

462 1055 622 1112 ignem.
658 1056 795 1099 Nemo
830 1054 945 1096 enim
982 1068 1112 1112 super
1145 1051 1485 1096 fundamentum
1520 1051 1603 1094 hoc
1636 1048 1854 1093 aedificans
1904 1083 1905 1087 ,

462 1124 675 1169 adulteria
693 1159 703 1179 ,
741 1123 1035 1183 blaphemias,
1061 1123 1304 1182 sacrilegia,
1322 1119 1608 1175 idololatrias,
1635 1120 1822 1180 perjuria
1839 1155 1850 1175 ,

462 1203 589 1254 putet
611 1209 654 1238 se
677 1192 844 1238 salvum
863 1192 1060 1237 futurum
1079 1208 1156 1252 per
1169 1193 1316 1251 ignem
1336 1227 1347 1247 ,
1368 1192 1492 1252 quasi
1510 1191 1589 1234 ista
1611 1190 1696 1235 sint
1716 1190 1851 1249 ligna,

463 1265 660 1319 foenum,
695 1263 852 1322 stipula
880 1283 888 1307 :
918 1263 994 1307 sed
1029 1264 1104 1323 qui
1137 1262 1324 1306 aedificat
1352 1277 1545 1306 amorem
1583 1270 1856 1305 terrenorum

462 1350 592 1395 super
613 1334 951 1378 fundamentum
973 1334 1094 1392 regni
1116 1333 1326 1378 coelorum
1350 1369 1360 1388 ,
1386 1333 1433 1377 id
1454 1341 1540 1387 est,
1561 1347 1691 1392 super
1707 1332 1856 1377 Chris·
1904 1367 1907 1371 .

462 1415 557 1450 tum
570 1440 582 1461 ,
606 1404 776 1449 ardebit
799 1420 919 1448 amor
940 1420 1086 1449 rerum
1104 1404 1434 1464 temporalium,
1450 1403 1596 1463 etipse
1616 1401 1759 1447 salvus
1775 1401 1856 1446 erit

461 1492 540 1537 per
559 1476 767 1521 idoneum
789 1475 1145 1520 fundamentum.

521 1550 668 1592 XXII.
703 1566 723 1589 «
754 1547 924 1591 Inimici
954 1547 1129 1591 Domini
1160 1546 1332 1590 mentiti
1363 1555 1464 1590 sunt
1491 1546 1554 1599 ei,
1590 1563 1610 1586 »
1636 1543 1852 1589 dicendo:

462 1621 528 1663 Eo
552 1619 608 1663 ad
624 1619 809 1673 vineam,
835 1627 878 1662 et
895 1634 985 1663 non
1008 1617 1170 1662 eundo²
1201 1637 1209 1662 :
1235 1636 1254 1659 «
1279 1620 1336 1661 Et
1349 1618 1429 1661 erit
1451 1626 1623 1676 tempus
1640 1630 1808 1670 eorum,
1830 1632 1852 1657 ι»
1906 1630 1924 1670 J:

463 1701 553 1734 non
576 1688 631 1733 ad
664 1697 862 1748 tempus,
888 1688 964 1733 sed
989 1707 1009 1730 «
1028 1691 1092 1732 <In
1120 1697 1350 1732 aeternum.
1382 1706 1401 1728 »
1435 1690 1492 1731 Et
1519 1687 1595 1746 qui
1622 1692 1725 1730 sunt
1758 1685 1857 1729 isti?
1906 1710 1907 1750 3

466 1778 487 1802 «
520 1763 577 1804 Et
613 1760 770 1803 cibavit
803 1758 900 1804 illos
923 1775 973 1802 ex
1007 1758 1133 1818 adipe
1161 1758 1410 1802 frumenti‘2.
1452 1776 1470 1798 ι)
1507 1757 1651 1801 Nostis
1685 1755 1856 1815 adipem
1906 1780 1922 1816 ζ’

462 1829 701 1884 frumenti,
720 1829 841 1873 unde
862 1828 1061 1873 cibantur
1084 1828 1210 1872 multi
1238 1828 1425 1881 inimici,
1448 1827 1526 1888 qui
1553 1823 1724 1870 mentiti
1755 1835 1857 1870 sunt
1905 1827 1908 1867 ἑ

463 1902 516 1946 ei.
542 1920 562 1943 «
589 1903 644 1945 Et
661 1900 821 1945 cibavit
841 1900 938 1944 illos
961 1915 1012 1943 ex
1032 1898 1159 1959 adipe
1191 1897 1398 1942 frumenti
1422 1917 1430 1943 z
1457 1916 1477 1939 »
1502 1898 1677 1942 miscuit
1698 1912 1770 1941 eos
1789 1911 1857 1941 sa·
1905 1910 1909 1954 ζ

463 1971 692 2016 oramentis
715 1970 815 2015 suis.
841 1973 898 2014 Et
928 1969 1088 2013 Judam
1105 2005 1116 2024 ,
1152 1968 1331 2030 quando
1355 1968 1476 2013 dedit
1503 1967 1747 2013 buccellam
1767 2003 1778 2023 ,
1804 1982 1857 2011 ex
1906 1958 1908 2025 ζ

1920 1413 1926 1449 ..-
1919 1355 1926 1376 .Α
1916 1121 1926 1334 .i-*,e-.-.ax—.·

464 2041 592 2102 adipe
618 2040 827 2085 frumenti
849 2040 1052 2084 cibavit³.
1079 2042 1136 2084 Et
1151 2039 1352 2084 inimicus
1372 2039 1540 2083 Domini
1562 2039 1772 2083 mentitus
1793 2046 1858 2082 est
1906 2049 1926 2083 ‚³

463 2113 529 2169 ei,
554 2122 597 2157 et
611 2113 692 2157 erit
706 2121 876 2172 tempus
891 2113 981 2172 ejus
1002 2112 1046 2155 in
1060 2120 1288 2155 aeternum.
1310 2113 1366 2154 Et
1378 2110 1539 2155 cibavit
1551 2109 1648 2155 illos
1662 2125 1714 2154 ex
1730 2109 1856 2169 adipe

465 2202 486 2225 »
523 2182 732 2227 frumenti
758 2202 767 2227 z
793 2192 837 2226 et
866 2182 921 2226 de
951 2191 1073 2241 petra
1104 2180 1234 2225 melle
1256 2180 1465 2225 saturavit
1486 2194 1573 2224 eos.
1600 2197 1622 2221 >v
1652 2180 1856 2239 Oingra-
1906 2174 1908 2213 l

462 2254 555 2299 tos!
578 2273 598 2296 «
616 2254 786 2299 Cibavit
803 2268 854 2297 ex
886 2252 1012 2312 adipe
1035 2251 1270 2306 frumenti,
1295 2260 1338 2295 et
1365 2249 1419 2295 de
1436 2260 1559 2310 petra
1587 2249 1717 2295 melle
1739 2259 1858 2295 satu-
1906 2243 1909 2266 ²

465 2343 488 2367 »
522 2326 634 2369 ravit
651 2340 737 2370 eos.
772 2345 789 2367 »
818 2328 870 2369 In
888 2340 1034 2368 eremo
1053 2323 1108 2368 de
1144 2333 1265 2383 petra
1290 2338 1447 2382 aquam
1471 2322 1678 2382 produxit
1694 2323 1732 2377 4,
1766 2337 1857 2366 non
1906 2342 1909 2361 s

463 2395 565 2439 mel.
586 2390 676 2440 Mel
691 2395 899 2455 sapientia
926 2403 1015 2449 est,
1038 2393 1275 2454 primatum
1303 2392 1493 2437 dulcoris
1515 2401 1667 2437 tenens
1684 2393 1730 2436 in
1752 2391 1858 2437 escis

463 2465 618 2510 eordiS.
640 2469 782 2520 Quam
804 2465 933 2510 multi
962 2480 1065 2524 ergo
1102 2463 1263 2508 inimici
1296 2463 1466 2507 Domini
1493 2457 1751 2507 mentientes
1771 2468 1855 2507 Do·
1906 2474 1907 2479 ¹

463 2537 583 2580 mino
601 2524 826 2591 cibantur,
846 2551 936 2580 non
961 2535 1101 2579 solum
1121 2550 1172 2578 ex
1199 2534 1327 2594 adipe
1360 2532 1597 2588 frumenti,
1627 2533 1705 2578 sed
1726 2534 1857 2577 etiam
1906 2554 1909 2572 s

461 2606 518 2654 de
534 2615 656 2667 petra
677 2606 828 2660 melle,
854 2605 908 2650 de
930 2606 1138 2665 sapientia
1161 2605 1351 2650 Christi?
1380 2607 1520 2659 Quam
1543 2604 1670 2648 multi
1703 2603 1855 2648 delec-

512 2698 520 2713 ¹
541 2691 654 2723 Matth.
674 2702 742 2732 xxi,
759 2691 856 2723 3o.—-
873 2698 885 2713 ²
900 2690 978 2723 Psal.
999 2700 1096 2732 Lxxx,
1116 2702 1212 2732 17.—
1229 2688 1341 2723 3Joan.
1361 2701 1426 2730 χιιι,
1440 2690 1493 2722 26.
1509 2706 1550 2712 —
1566 2688 1582 2719 4
1599 2689 1796 2730 Exod.xv11‚
1818 2689 1852 2720 6.
1906 2715 1908 2717 .
