1926 3339
459 295 540 339 154
883 307 917 334 s.
953 308 1180 335 AucusTuvl
1213 308 1392 334 Enscorl

455 372 682 432 disposuit.
709 372 822 425 Quid
852 372 976 416 times
1005 372 1261 426 ascendere,
1287 387 1342 415 ne
1363 381 1476 416 erret
1497 371 1572 432 qui
1604 380 1647 415 te
1680 370 1831 415 ducit?
1890 382 1894 421 ξ
1918 377 1926 406 ,t

455 446 567 488 Ecce
590 443 635 486 in
658 442 853 487 convalle
875 442 1125 501 plorationis
1154 442 1367 499 disposuit
1394 457 1618 496 ascensus,
1647 461 1666 484 «
1692 444 1745 485 In
1763 439 1832 484 lo—
1891 477 1894 499 Ξ

460 534 478 555 »
513 529 614 558 cum
627 529 758 572 quem
776 512 1002 571 disposuit.
1027 530 1046 552 »
1072 511 1294 555 Ploramus
1308 510 1454 555 modo.
1474 511 1624 556 Unde?
1642 511 1727 556 Ubi
1742 510 1833 555 dis-
1921 520 1926 547 ἱ

455 584 583 643 positi
619 591 720 626 sunt
756 582 892 625 nostri
927 596 1140 625 aseensus.
1184 580 1309 625 Unde
1339 581 1580 641 ploramus,
1617 581 1698 626 nisi
1731 580 1833 625 inde
1922 592 1926 619 :

454 652 573 696 unde
604 668 648 696 se
681 652 884 694 miserum
921 649 1190 694 exclamabat
1220 652 1480 710 Apostolus,
1517 652 1619 712 quia
1657 650 1833 696 videbat
1892 652 1896 676 ²

455 721 583 765 aliam
617 720 756 778 legem
782 721 827 764 in
860 720 1064 764 membris
1099 721 1184 765 suis
1219 731 1535 780 repugnantem
1566 721 1649 779 legi
1679 720 1836 764 mentis
1892 723 1926 746 ³

455 806 544 835 suae
563 792 606 831 ¹?
629 799 672 833 et
694 789 811 833 unde
838 791 920 834 hoc
943 790 1097 834 nobis?
1120 793 1182 834 Ex
1208 806 1336 850 poena
1360 792 1541 850 peccati.
1567 794 1624 835 Et
1643 790 1834 851 putaba-

455 877 550 905 mus
568 876 645 904 nos
659 859 783 904 facile
790 862 929 920 justos
951 877 1039 905 esse
1052 877 1174 920 posse
1194 862 1316 922 quasi
1331 862 1496 906 viribus
1517 862 1687 916 nostris,
1711 870 1835 905 ante·
1923 896 1926 900 Α

455 946 587 991 quam
619 930 910 989 acciperemus
942 930 1227 977 mandatum:
1254 932 1511 976 adveniente
1537 941 1681 976 autem
1716 947 1837 975 man·
1894 942 1899 963 ²
1924 944 1926 969 i

455 1000 582 1055 dato,
615 1010 840 1060 peccatum
875 1001 1057 1046 revixit:
1084 1017 1164 1060 ego
1186 1011 1332 1046 autem
1367 1012 1564 1046 mortuus
1595 1017 1706 1046 sum.
1743 1004 1837 1046 Hoc
1895 1008 1899 1039 ἰ

455 1071 515 1115 ait
551 1070 798 1130 Apostolus.
836 1074 942 1116 Data
973 1081 1036 1115 est
1067 1073 1182 1116 enim
1210 1076 1297 1116 Lex
1324 1073 1595 1128 hominibus,
1621 1088 1710 1117 non
1736 1088 1837 1133 quae
1897 1106 1899 1110 .

453 1140 637 1185 salvaret
657 1156 728 1184 eos
735 1141 824 1200 jam
839 1175 849 1195 ,
875 1141 951 1184 sed
965 1157 1040 1200 per
1061 1158 1193 1207 quam
1214 1142 1523 1200 cognoscerent
1544 1143 1589 1186 in
1607 1159 1693 1203 qua
1709 1142 1837 1201 aegri-

453 1209 606 1254 tudine
619 1211 838 1270 jaeebant.
862 1210 978 1255 Audi
991 1212 1119 1256 verba
1136 1213 1331 1271 Apostoli
1352 1232 1360 1257 z
1386 1232 1405 1254 «
1425 1213 1468 1258 Si
1480 1214 1596 1257 enim
1614 1212 1714 1257 data
1729 1222 1839 1258 esset

456 1298 476 1320 »
513 1282 622 1333 Lex,
649 1296 748 1339 quae
770 1290 912 1339 posset
932 1281 1172 1336 vivificare,
1198 1283 1376 1326 omnino
1402 1298 1453 1326 ex
1475 1286 1589 1342 Lege
1617 1291 1725 1327 esset
1743 1285 1835 1344 jus-

455 1367 475 1390 »
511 1348 604 1392 titia
626 1368 634 1393 :
656 1348 731 1392 sed
763 1349 974 1394 conclusit
1011 1352 1233 1411 Scriptura
1270 1352 1418 1396 omnia
1449 1353 1530 1396 sub
1563 1362 1763 1413 peccato,
1788 1362 1839 1398 ut
1898 1361 1902 1400 ἶ

457 1439 474 1460 »
510 1420 735 1479 promissio
757 1436 808 1464 ex
830 1420 915 1464 fide
937 1424 1038 1466 Jesu
1061 1423 1220 1467 Christi
1253 1422 1429 1467 daretur
1452 1422 1758 1468 credentibus²
1780 1443 1789 1469 :
1813 1443 1834 1466 »

451 1491 619 1534 veniret
641 1491 772 1549 gratia
790 1501 885 1550 post
906 1494 1087 1551 Legem,
1113 1493 1327 1537 inveniret
1343 1495 1566 1538 hominem
1585 1510 1674 1539 non
1695 1494 1839 1539 solum
1898 1489 1903 1503 ‘

446 1560 679 1619 jacentem,
703 1561 777 1604 sed
791 1562 879 1620 jam
902 1562 1031 1605 etiam
1051 1563 1334 1607 confitentem
1356 1573 1399 1607 et
1414 1563 1648 1620 dicentem,
1671 1564 1840 1609 «Miser
1900 1580 1904 1617 ς

454 1647 474 1670 »
513 1645 593 1688 ego
611 1631 758 1683 homo,
785 1632 880 1691 quis
904 1647 972 1675 me
988 1632 1192 1676 liberabit
1204 1633 1259 1676 de
1274 1649 1454 1692 corpore
1476 1635 1624 1678 mortis
1642 1635 1798 1695 hujus?
1814 1652 1835 1676 »
1900 1666 1903 1688 z

451 1702 508 1744 Et
529 1710 775 1759 opportune
796 1702 965 1746 veniret
987 1702 1180 1747 medicus
1214 1704 1270 1747 ad
1292 1703 1534 1748 convallem
1557 1704 1835 1764 plorationis,
1901 1749 1904 1763 .

451 1779 495 1814 et
511 1771 672 1815 diceret
689 1790 697 1815 :
716 1773 843 1816 Certe
861 1773 1099 1830 cognovisti
1115 1773 1216 1834 quia
1231 1774 1447 1828 cecidisti,
1475 1774 1578 1818 audi
1600 1790 1670 1819 me
1686 1785 1735 1819 ut
1748 1791 1839 1820 sur·
1901 1766 1904 1784 ³

452 1855 546 1898 gaS,
578 1841 654 1901 qui
675 1857 744 1885 me
775 1843 1073 1902 contempsisti
1102 1853 1151 1887 ut
1172 1843 1361 1887 caderes.
1391 1847 1498 1888 Data
1526 1854 1590 1890 est
1621 1861 1727 1904 ergo
1749 1849 1838 1890 Lex
1902 1877 1904 1884 ,

450 1920 500 1954 ut
521 1926 685 1969 aegrum
712 1911 766 1956 de
789 1913 943 1958 morbo
964 1914 1245 1958 convinceret
1265 1949 1276 1969 ,
1307 1916 1382 1975 qui
1404 1915 1485 1958 sibi
1507 1931 1634 1960 sanus
1656 1915 1838 1961 videba-

451 1990 522 2025 tur
547 2000 555 2024 :
578 1990 627 2025 ut
662 1992 838 2041 peccata
875 1983 1302 2039 demonstrarentur,
1339 2001 1429 2030 non
1465 1995 1516 2030 ut
1544 1985 1834 2031 auferrentur.
1899 1980 1902 1990 Α

449 2056 748 2095 Demonstrato
771 2062 949 2111 peccato
972 2069 1050 2113 per
1069 2053 1216 2098 datam
1239 2057 1399 2114 Legem
1415 2091 1425 2110 ,
1452 2065 1629 2100 auctum
1653 2066 1717 2100 est
1733 2072 1838 2116 pec-

450 2130 597 2165 catum
614 2157 625 2177 ,
650 2123 753 2183 quia
770 2134 996 2183 peccatum
1020 2134 1085 2169 est
1101 2135 1144 2170 et
1165 2135 1315 2171 contra
1339 2129 1512 2185 Legem,
1538 2147 1558 2170 «
1577 2129 1835 2184 Occasione,

454 2210 475 2234 »
508 2192 671 2253 inquit,
710 2205 915 2254 accepta,
952 2206 1178 2255 peccatum
1212 2212 1290 2256 per
1319 2196 1575 2241 mandatum
1609 2203 1838 2259 operatum
1904 2242 1906 2246 ,

454 2281 472 2304 »
508 2272 572 2306 est
589 2263 633 2306 in
657 2279 726 2307 me
748 2280 920 2308 omnem
944 2266 1384 2325 concupiscentiam&
1411 2286 1430 2308 >›
1456 2268 1572 2321 Quid
1595 2279 1680 2325 est,
1709 2289 1729 2312 «
1759 2271 1839 2314 Oc·
1903 2322 1908 2328 Β

453 2349 474 2372 »
509 2333 680 2377 casione
696 2344 870 2394 accepta
889 2351 966 2394 per
983 2336 1267 2381 mandatum?
1285 2358 1301 2378 »
1322 2341 1561 2397 Acceptum
1581 2340 1837 2385 mandatum

449 2404 572 2463 quasi
593 2405 756 2449 viribus
779 2406 865 2450 suis
888 2408 1032 2451 eonati
1058 2417 1160 2452 sunt
1191 2407 1331 2452 facere
1355 2409 1552 2454 homines
1573 2430 1582 2455 ε
1605 2411 1838 2456 νίοῑί·οοη-
1903 2458 1909 2473 ,

449 2475 714 2533 cupiscentia
730 2511 740 2531 ,
770 2477 963 2522 mandati
987 2479 1115 2523 etiam
1143 2480 1273 2539 ipsius
1297 2482 1634 2539 transgressione
1651 2483 1711 2526 rei
1734 2481 1837 2528 facti

449 2553 566 2588 sunt.
605 2545 690 2590 Sed
717 2547 825 2607 quid
859 2549 918 2592 ait
951 2549 1215 2608 Apostolus?
1245 2570 1265 2592 «
1293 2551 1377 2595 Ubi
1408 2560 1555 2596 autem
1596 2553 1836 2599 abundavit

498 2634 507 2650 ¹
531 2631 622 2661 Rom.
642 2640 699 2671 vn,
715 2631 767 2663 23.
792 2649 831 2654 -
850 2638 862 2654 ²
881 2632 982 2665 Galat.
999 2644 1046 2674 111,
1065 2642 1120 2665 21.
1141 2651 1182 2656 -—
1204 2632 1217 2655 3
1235 2637 1327 2667 Rom.
1351 2646 1408 2676 vn,
1423 2635 1453 2666 8.
