1926 3339
445 284 529 325 486
855 293 889 322 s.
924 295 1155 323 Auous‘rml
1187 296 1369 324 muscom

438 361 609 407 occulte
630 361 888 405 irascuntur.
911 361 1088 405 Interim
1113 359 1244 405 fracta
1267 370 1330 406 est
1352 358 1528 405 audacia
1549 381 1560 418 3
1580 360 1755 405 finietur
1777 370 1821 406 et

437 433 679 478 iracundia.

498 506 551 548 V.
574 502 740 546 Putatis
757 501 890 556 enim,
916 501 1087 556 fratres,
1113 502 1215 561 quia
1233 501 1296 545 illi
1316 517 1504 562 quorum
1526 502 1729 546 hesterno
1746 501 1817 545 die

438 589 599 632 organa
621 571 943 630 concrepabant
957 605 968 626 ,
994 587 1083 615 non
1103 571 1348 615 irascuntur
1370 571 1424 615 de
1439 572 1612 631 jejuniis
1634 571 1819 616 nostris?

436 647 535 689 Non
571 651 717 686 autem
744 642 805 685 eis
833 642 1091 697 irascamur,
1121 641 1197 686 sed
1217 658 1295 702 pro
1326 642 1385 686 eis
1403 644 1663 704 jejunemus.
1704 643 1819 687 Dixit

434 714 552 758 enim
573 713 699 758 nobis
718 715 928 758 Dominus
945 715 1057 757 Deus
1075 722 1235 768 noster,
1255 713 1333 773 qui
1353 714 1474 757 sedet
1493 714 1538 757 in
1560 712 1709 768 nobis,
1728 713 1819 773 ipse

434 784 561 829 nobis
588 782 811 828 mandavit
841 792 891 827 ut
923 797 1092 827 oremus
1120 799 1199 842 pro
1231 782 1414 827 inimicis
1437 783 1615 838 nostris,
1647 798 1819 828 oremus

434 870 514 916 pro
550 854 912 915 persequentibus
947 855 1053 898 nos1
1083 873 1093 899 ε
1129 863 1172 898 et
1205 869 1305 898 cum
1341 855 1424 898 hoc
1457 852 1561 898 facit
1597 854 1787 898 Ecclesia
1802 888 1815 909 ,

430 941 567 986 prope
589 926 700 970 finiti
722 934 824 970 sunt
838 925 1372 985 persecutores.Exaudita
1393 934 1457 970 est
1479 926 1596 969 enim
1613 941 1713 969 cum
1734 926 1818 970 hoc

432 996 592 1041 faceret
611 1031 622 1052 ,
656 1006 699 1040 et
731 995 962 1041 exauditur
994 1011 1095 1040 cum
1115 996 1199 1041 hoc
1221 996 1325 1041 facit
1349 1016 1359 1041 z
1384 996 1682 1056 praevalebant
1702 995 1819 1041 malo

432 1082 512 1112 suo
526 1102 538 1123 ,
558 1067 670 1111 finiti
685 1076 788 1110 sunt
809 1067 927 1110 bono
946 1066 1284 1119 su0.Qu0mod0
1302 1067 1418 1110 enim
1439 1066 1550 1111 finiti
1577 1076 1694 1122 sunt,
1720 1066 1819 1111 vul-

430 1138 484 1181 tis
503 1138 656 1181 nosse?
675 1136 931 1181 Manducati
951 1145 1054 1180 sunt
1075 1137 1130 1180 ab
1153 1136 1356 1180 Ecclesia.
1378 1137 1542 1190 Quaeris
1562 1136 1659 1182 illos
1677 1137 1722 1181 in
1739 1153 1784 1181 se
1800 1171 1817 1194 ,

433 1217 478 1252 et
499 1223 585 1251 non
611 1207 778 1251 invenis
797 1226 806 1251 ;
831 1222 978 1267 quaere
1000 1207 1045 1250 in
1069 1222 1118 1251 ea
1135 1223 1234 1267 quae
1255 1206 1351 1251 illos
1374 1206 1681 1263 manducavit,
1706 1217 1749 1252 et
1772 1208 1819 1252 in

430 1277 669 1323 visceribus
697 1279 789 1337 ejus
809 1277 1108 1321 inveniuntur.
1136 1280 1423 1322 Transeuntes
1448 1278 1565 1321 enim
1588 1278 1643 1322 ad
1664 1278 1820 1323 Eccle-

431 1348 539 1393 siam
557 1383 569 1404 ,
589 1348 819 1393 Christiani
844 1349 948 1393 facti
969 1357 1069 1392 sunt
1090 1367 1100 1392 ι
1124 1349 1348 1408 perierunt
1368 1357 1665 1408 persecutores
1685 1384 1696 1405 ,
1722 1365 1819 1394 cre-

431 1429 592 1465 verunt
622 1419 942 1479 praedicatores.
967 1418 1072 1463 Ideo
1093 1435 1170 1479 per
1204 1419 1295 1464 dies
1324 1419 1455 1464 festos
1472 1421 1690 1479 ipsorum,
1715 1421 1820 1481 quia

431 1491 629 1536 videmus
660 1506 733 1536 eos
755 1491 833 1552 qui
855 1490 1012 1551 reliqui
1033 1488 1135 1536 facti
1152 1500 1256 1536 sunt
1269 1526 1281 1546 ,
1301 1491 1488 1537 insanire
1508 1491 1651 1536 adhuc
1671 1492 1716 1536 in
1736 1508 1820 1537 vo-

430 1561 674 1622 luptatibus
690 1563 776 1606 suis
799 1562 921 1606 malis
939 1570 982 1605 et
997 1563 1222 1621 perversis,
1235 1578 1438 1621 rogamus
1457 1578 1538 1622 pro
1557 1562 1642 1607 illis
1659 1565 1816 1619 Deum,

430 1641 482 1676 ut
506 1633 584 1692 qui
605 1631 921 1676 delectabiliter
943 1631 1130 1677 audiunt
1150 1648 1362 1691 organum
1382 1667 1394 1688 ,
1418 1632 1718 1678 delectabilius
1741 1649 1820 1678 au·-

429 1702 552 1746 diant
572 1718 724 1747 vocem
753 1702 847 1747 Dei.
879 1705 976 1748 Non
1000 1703 1117 1746 enim
1147 1702 1268 1764 quod
1289 1711 1414 1747 sonat
1434 1703 1526 1747 sine
1555 1704 1720 1748 ratione
1741 1704 1821 1749 de·-

426 1772 559 1818 lectat
581 1789 728 1818 aurem
746 1809 757 1830 ,
782 1783 826 1818 et
847 1775 1034 1818 verbum
1062 1774 1140 1819 Dei
1163 1790 1252 1819 non
1275 1773 1463 1819 delectat
1492 1789 1580 1820 cor.
1614 1774 1699 1820 Sed
1719 1775 1819 1821 ideo

428 1860 508 1904 pro
527 1844 611 1888 illis
629 1860 801 1889 oramus
819 1880 830 1901 ,
855 1844 1034 1905 quando
1056 1845 1210 1890 diebus
1227 1844 1403 1890 illorum
1421 1844 1539 1890 festis
1557 1861 1635 1890 nos
1646 1847 1820 1906 jejuna-

428 1932 542 1971 mus,
559 1925 610 1960 ut
630 1916 738 1961 fiant
758 1917 840 1961 sibi
860 1917 941 1977 ipsi
962 1917 1273 1977 spectaculum.
1286 1916 1473 1971 Quando
1496 1917 1612 1962 enim
1632 1917 1819 1963 viderint

427 2002 471 2031 se
489 2022 499 2042 ,
535 1986 830 2046 displicebunt
861 1988 943 2032 sibi
969 2008 978 2032 :
1004 1988 1079 2032 sed
1100 1988 1198 2033 ideo
1220 2004 1310 2033 non
1331 1988 1414 2032 sibi
1438 1987 1689 2048 displicent,
1714 1988 1818 2048 quia

428 2073 520 2102 non
544 2073 588 2101 se
621 2057 871 2102 attendunt.
898 2058 1057 2103 Ebrius
1089 2075 1179 2103 non
1202 2058 1283 2103 sibi
1307 2057 1530 2118 displicet,
1561 2057 1633 2102 sed
1671 2058 1816 2103 sobrio

426 2128 641 2188 displicet.
670 2132 730 2173 Da
758 2130 981 2173 hominem
1003 2130 1077 2190 qui
1099 2131 1191 2191 jam
1211 2130 1479 2190 jucundatur
1497 2130 1543 2173 in
1565 2132 1655 2174 Deo
1671 2165 1682 2185 ,
1709 2130 1816 2176 vivit

429 2201 632 2260 graviter,
652 2201 837 2260 suspirat
856 2202 902 2245 in
922 2201 1040 2246 illam
1059 2218 1209 2261 pacem
1231 2211 1453 2251 aeternam,
1475 2217 1607 2262 quam
1629 2200 1692 2245 illi
1714 2217 1817 2261 pro-1

427 2272 542 2316 misit
564 2275 678 2316 Deus
700 2291 709 2316 2
736 2282 778 2316 et
795 2271 894 2317 vide
910 2273 1012 2333 quia
1035 2272 1213 2333 quando
1234 2272 1467 2332 respexerit
1484 2272 1707 2317 hominem
1728 2273 1816 2317 sal-

426 2352 594 2387 tantem
611 2342 668 2387 ad
689 2358 901 2401 organum
916 2379 926 2398 ,
952 2343 1049 2403 plus
1071 2343 1194 2387 illum
1213 2343 1332 2389 dolet
1353 2344 1656 2399 insanientem,
1682 2359 1816 2404 quam

428 2413 731 2473 phreneticum
752 2412 1028 2458 febrientem.
1054 2417 1170 2473 Ergo
1191 2415 1224 2459 si
1253 2415 1453 2460 novimus
1475 2413 1588 2458 mala
1608 2412 1782 2459 illorum
1797 2448 1810 2469 ,

427 2484 531 2544 quia
550 2483 605 2528 de
626 2485 726 2544 ipsis
748 2484 870 2529 malis
892 2495 936 2529 et
957 2501 1034 2530 nos
1054 2485 1226 2530 liberati
1248 2501 1413 2541 sumus,
1437 2483 1662 2530 doleamus
1683 2483 1779 2529 illos
1797 2505 1810 2542 3

480 2599 491 2615 ¹
513 2593 627 2624 Matth.
643 2603 679 2631 v,
699 2592 754 2634 44.
