1926 3339
435 316 518 354 230
868 325 901 354 s.
940 326 1168 355 Aucus-nm
1201 330 1381 357 anscom

429 391 711 436 consonando
737 391 1028 451 respondeat?
1048 393 1170 437 Sicut
1189 409 1278 438 non
1292 395 1423 438 istum
1442 392 1598 448 solum,
1618 392 1693 438 sed
1709 392 1814 439 alios

429 479 607 523 quoque
639 462 830 507 Psalmos
857 462 1125 507 credendum
1155 473 1220 508 est
1250 480 1340 508 θεεθ
1372 473 1593 520 cantatos,
1619 464 1815 524 quamvis

428 533 533 577 alios
554 532 704 577 titulos
724 533 970 592 acceperint
991 551 1000 577 z
1032 534 1153 592 quod
1175 532 1339 578 factum
1361 535 1559 579 existimo
1581 551 1709 579 causa
1735 550 1813 579 va-

426 604 588 647 rietatis
605 638 615 657 ‚
653 618 739 662 qua
773 601 996 646 fastidium
1028 601 1260 647 levaretur.
1301 607 1398 649 Non
1433 605 1549 650 enim
1591 605 1707 649 solus
1735 604 1815 649 iste

428 673 622 718 Psalmus
645 673 801 730 dignus
823 681 887 715 est
908 672 1105 727 habitus,
1122 673 1198 716 ubi
1221 673 1502 733 responderet
1518 676 1693 730 chorus,
1713 690 1815 719 cum

427 744 579 803 utique
602 758 691 786 non
713 742 768 786 sit
785 742 902 786 solus
924 741 978 785 de
1000 743 1172 786 Domini
1194 745 1392 801 passione
1421 745 1705 804 conscriptus.
1727 748 1817 790 Aut

426 815 461 858 si
489 823 554 858 est
575 813 656 857 alia
692 829 845 869 causa,
878 829 956 857 cur
990 822 1110 857 tanta
1143 814 1196 858 sit
1227 815 1410 859 varietas
1443 814 1694 871 titulorum,
1729 831 1815 877 qua

426 885 560 945 possit
574 883 744 929 ostendi
761 885 820 928 ita
846 883 1035 928 Psalmos
1054 900 1202 929 omnes
1216 900 1305 929 esse
1323 895 1603 945 praenotatos,
1623 887 1699 947 qui
1715 897 1818 932 sunt

427 955 552 999 aliter
584 964 716 1014 atque
750 953 875 998 aliter
906 955 1159 1014 praenotati,
1201 965 1252 1000 ut
1284 956 1447 1001 nullius
1478 957 1634 1001 titulus
1676 956 1819 1001 valeat

429 1025 558 1069 alicui
590 1024 713 1068 alteri
748 1025 1008 1081 convenire3
1038 1040 1117 1083 ego
1151 1041 1271 1081 eam,
1302 1025 1462 1080 fateor,
1496 1043 1595 1072 cum
1629 1026 1818 1071 multum

426 1105 608 1141 conatus
625 1111 787 1153 essem,
815 1105 1042 1154 penetrare
1060 1112 1149 1140 non
1165 1098 1287 1155 potui
1311 1117 1320 1141 :
1341 1107 1385 1140 et
1405 1099 1437 1142 si
1458 1097 1567 1158 quid
1595 1097 1650 1141 de
1669 1099 1752 1141 hac
1774 1113 1819 1141 re

423 1166 511 1225 legi
531 1166 586 1210 ab
609 1166 667 1210 eis
687 1165 869 1219 dictum,
893 1166 967 1225 qui
985 1175 1084 1209 ante
1101 1182 1179 1210 nos
1202 1167 1280 1211 ista
1307 1176 1569 1223 tractarunt,
1592 1184 1681 1212 non
1703 1168 1819 1213 satis-

424 1236 529 1281 fecit
543 1235 831 1295 expectationi
846 1236 934 1279 sive
948 1236 1140 1285 tarditati
1157 1253 1281 1281 meae.
1300 1241 1350 1281 In
1364 1255 1452 1298 quo
1468 1239 1601 1297 igitur
1613 1239 1820 1297 mysterio

426 1308 594 1352 dictum
627 1309 735 1351 mihi
761 1307 960 1352 videatur
981 1327 989 1351 ε
1016 1311 1099 1352 Pro
1121 1309 1255 1353 choro
1286 1310 1341 1353 ad
1373 1309 1750 1369 respondendum,
1773 1310 1819 1354 id
1845 1308 1850 1315 ¹

425 1386 515 1431 est,
548 1386 598 1421 ut
624 1377 797 1421 canenti
820 1392 896 1436 per
913 1378 1096 1422 chorum
1117 1379 1444 1437 respondeatur,
1473 1395 1703 1439 exponam.
1731 1384 1819 1425 Do·-

424 1449 532 1492 mini
551 1449 622 1492 hic
642 1449 780 1507 passio
794 1449 1093 1507 prophetatur.
1112 1449 1225 1493 Dicit
1242 1459 1386 1494 autem
1401 1450 1619 1509 apostolus
1633 1455 1785 1496 Petrus
1803 1472 1812 1496 2

431 1538 451 1560 α
485 1518 681 1564 Christus
710 1534 787 1577 pro
811 1519 936 1562 nohis
970 1533 1116 1577 passus
1144 1529 1228 1573 est,
1254 1520 1504 1580 relinquens
1528 1522 1651 1565 nobis
1673 1537 1817 1566 exem-

430 1606 451 1629 »
485 1587 608 1647 plum
633 1597 682 1631 ut
699 1604 933 1647 sequamur
954 1589 1129 1647 vestigia
1144 1590 1181 1649 ej
1192 1592 1286 1646 us¹3
1307 1608 1325 1631 »
1346 1591 1429 1634 hoc
1452 1601 1515 1634 est
1538 1591 1812 1651 respondere.

426 1659 539 1703 Dicit
556 1658 684 1702 etiam
704 1658 921 1717 apostolus
944 1661 1131 1702 Joannes
1155 1678 1162 1703 :
1193 1678 1213 1700 «
1240 1660 1360 1704 Sicut
1381 1661 1578 1705 Christus
1596 1677 1673 1720 pro
1691 1662 1817 1705 nobis

430 1748 448 1770 »
485 1728 673 1772 animam
696 1744 818 1772 suam
839 1729 1006 1788 posuit,
1031 1730 1090 1773 ita
1110 1738 1153 1773 et
1175 1745 1252 1773 nos
1284 1730 1495 1774 debemus
1523 1731 1712 1775 animam
1738 1747 1817 1791 pro

427 1816 448 1841 >›
484 1799 692 1843 fratribus
711 1804 922 1859 ponere'23
943 1801 1025 1844 hoc
1048 1810 1127 1855 est,
1150 1802 1425 1860 respondere.
1445 1820 1464 1842 »
1483 1803 1654 1847 Chorus
1672 1812 1816 1847 autem

425 1869 703 1914 concordiam
719 1870 953 1928 significat,
970 1887 1069 1930 quae
1083 1872 1126 1914 in
1145 1872 1355 1915 charitate
1376 1872 1585 1916 consistit.
1612 1873 1818 1934 Quisquis

427 1939 527 1998 ergo
549 1941 672 1999 qua-si
694 1939 925 1984 aemulator
948 1940 1179 1985 dominicae
1196 1942 1400 2000 passionis
1420 1942 1647 1986 tradiderit
1663 1958 1819 2003 corpus

425 2024 552 2053 suurn
575 2018 624 2053 ut
645 2009 813 2064 ardeat,
838 2010 869 2053 si
893 2010 1146 2054 charitatem
1167 2027 1254 2054 non
1277 2011 1453 2066 habeat,
1474 2027 1564 2056 non
1587 2012 1819 2072 respondet

426 2080 471 2124 111
494 2081 652 2137 011010,
679 2090 721 2123 et
742 2079 840 2124 ideo
865 2079 975 2124 nihil
1000 2082 1038 2124 ei
1062 2080 1284 2140 prodestss.
1312 2083 1499 2126 Proinde
1528 2083 1818 2142 quemadmo-

427 2151 531 2194 dum
557 2149 763 2194 dicuntur
785 2151 830 2194 in
854 2160 944 2194 arte
967 2153 1129 2196 musica
1144 2187 1155 2206 ,
1176 2152 1287 2196 sicut
1316 2169 1365 2197 ea
1393 2152 1513 2197 docti
1534 2154 1732 2198 homines
1752 2154 1818 2198 la·-

423 2221 514 2264 11110
536 2220 682 2264 dicere
704 2230 964 2279 potuerunt,
984 2232 1228 2281 praecentor
1245 2234 1287 2267 et
1305 2234 1549 2279 succentor,
1577 2235 1819 2284 praecentor

424 2290 586 2335 scilicet
608 2291 685 2350 qui
712 2306 864 2335 vocem
886 2292 1111 2350 praemittit
1142 2293 1188 2336 in
1223 2304 1377 2349 cantu,
1409 2304 1640 2339 succentor
1672 2304 1818 2340 autem

427 2363 502 2422 qui
530 2362 846 2422 subsequenter
867 2363 1066 2407 canendo
1090 2365 1321 2423 respondet
1344 2385 1352 2410 :
1386 2366 1445 2410 ita
1468 2367 1514 2423 in
1536 2367 1620 2412 hoc
1649 2368 1819 2412 cantico

427 2432 635 2492 passionis
655 2432 973 2491 praecedentem
986 2434 1207 2478 Christum
1223 2436 1503 2496 subsequitur
1525 2439 1682 2482 chorus
1700 2441 1819 2483 Mar-

428 2513 578 2560 tyrum
596 2503 640 2545 111
662 2503 795 2545 finem
819 2502 1063 2546 coelestium
1086 2519 1359 2549 coronarum.
1388 2508 1480 2550 Hoc
1502 2508 1618 2550 enim
1649 2508 1818 2551 canitur

432 2593 451 2614 «
487 2572 605 2616 Filiis
629 2576 761 2627 Corc⁷
792 2591 811 2613 »
847 2572 892 2616 id
925 2583 1009 2628 est,
1045 2574 1334 2622 imitatoribus
1375 2578 1581 2635 passionis
1619 2578 1780 2623 Christi
1805 2598 1814 2622 :

483 2665 490 2680 ¹
514 2670 524 2689 1
549 2661 631 2689 Petr.
658 2671 692 2698 11,
716 2669 766 2690 21.
790 2675 831 2680 —
852 2666 864 2680 ’ἱ
888 2671 898 2690 1
921 2662 1011 2690 Joan⁴
1035 2672 1080 2698 111,
1107 2661 1144 2692 16
1181 2679 1221 2683 —
1244 2660 1256 2683 3
1280 2674 1289 2692 1
1312 2663 1386 2694 Cor.
1406 2673 1480 2703 11111,
1507 2663 1538 2694 3.
