1926 3339
0 291 15 362 l
264 319 506 348 ΕΝΑΡιῐιΑΤιο
539 323 553 347 ι
586 322 630 349 m
662 319 865 352 ,PSALMUM
900 322 977 361 xc,
1011 320 1150 352 ,Siznmo
1184 325 1212 350 1.
1359 312 1442 351 309

9 365 14 394 'l
111 387 190 429 IX.
211 386 339 430 Multi
361 400 461 444 ergo
483 385 770 430 ceciderunta
786 383 1004 430 daemonio
1018 387 1272 431 meridiano.
1299 390 1440 441 Quam

0 398 13 500 l
52 456 195 511 multi,
221 456 350 500 vultis
375 458 530 501 nosse?
556 457 775 516 Sequitur,
801 465 843 500 et
866 456 972 501 dicit
997 476 1006 501 ε
1033 476 1053 498 «
1073 458 1242 502 Cadent
1261 474 1283 501 a
1306 458 1441 502 latere

4 502 11 580 l
54 544 74 567 »
109 535 186 570 tuo
200 526 318 570 mille
340 536 382 570 et
405 527 516 570 dena
537 526 670 570 millia
689 542 712 570 a
728 526 888 571 dextris
905 528 988 572 tuis
1011 547 1020 572 ι
1047 527 1100 572 ad
1117 537 1159 571 te
1182 538 1327 572 autem
1350 544 1440 572 non

5 631 9 649 ,
54 614 74 637 n
111 597 522 658 appropinquabit&
550 615 570 638 »
597 597 678 642 Cui
704 596 864 641 dicitur
897 598 1126 652 hoc?,cui‚
1155 597 1332 652 fratres,
1359 598 1441 641 nisi

3 720 7 725 ff
49 667 234 712 Domino
257 670 359 711 Jesu
377 668 582 712 Christo?
600 668 811 712 Dominus
828 669 945 712 enim
966 671 1105 724 Jesus,
1128 685 1217 714 non
1236 668 1374 713 solum
1394 669 1439 711 in

4 733 6 737 ⁸
48 752 108 793 se,
131 737 204 781 sed
219 738 475 783 etinnobis.
495 738 799 783 Recordamini
812 740 943 784 verba
961 739 1033 783 illa
1053 760 1060 784 ε
1084 759 1102 781 «
1123 739 1266 795 Saule,
1293 740 1435 795 Saule,

1 795 7 832 Ξ
52 827 70 850 »
105 808 213 869 quid
235 824 305 852 me
326 810 641 869 persequeris2.
670 829 690 851 »
727 810 914 863 Quando
943 811 1085 870 ipsum
1118 827 1246 855 nemo
1282 820 1438 870 tange-

45 879 148 934 bat,
175 887 218 922 et
240 879 434 934 dicebat,
462 880 574 933 Quid
606 896 676 924 me
705 881 1000 940 persequeris,
1026 881 1241 941 numquid
1275 897 1363 924 non
1392 882 1437 924 in

0 946 2 949 ¹
45 949 170 994 nobis
193 965 237 993 se
254 950 396 1009 ipsum
410 950 719 1009 computabat?
743 950 926 1003 Quando
956 951 1130 995 dicebat
1151 971 1160 995 ;
1191 971 1207 990 «
1231 952 1313 1004 Qui
1335 951 1439 995 fecit

0 1009 2 1081 ζ
47 1037 68 1062 »
102 1021 179 1064 uni
202 1036 252 1064 ex
274 1021 461 1064 minimis
486 1021 607 1074 meis,
639 1021 746 1064 mihi
765 1020 893 1065 fecit3
919 1037 930 1065 :
961 1042 979 1063 »
1004 1037 1150 1066 nonne
1172 1022 1216 1066 in
1244 1022 1369 1066 nobis
1394 1036 1438 1065 se

0 1085 1 1151 i
43 1092 184 1151 ipsum
221 1092 533 1151 computabat?
568 1095 665 1138 Non
696 1093 814 1136 enim
848 1093 982 1137 divisa
1022 1102 1124 1138 sunt
1161 1093 1215 1137 al)
1250 1093 1437 1137 invicem

0 1153 1 1156 Ἴ
43 1162 253 1217 membra,
280 1171 412 1222 caput
434 1171 475 1207 et
492 1178 663 1222 corpus.
691 1164 805 1216 Quid
828 1173 890 1207 est
913 1174 1044 1223 caput
1067 1173 1109 1208 et
1128 1165 1315 1222 corpus?
1340 1163 1436 1208 Sal-

41 1242 163 1278 vator
182 1242 225 1277 et
249 1233 456 1278 Ecclesia.
484 1233 713 1287 Quomodo
737 1249 839 1293 ergo
863 1233 1030 1279 dictum
1054 1243 1144 1278 est:
1176 1255 1191 1273 ιι
1221 1233 1389 1278 Cadent
1413 1250 1434 1277 a

44 1322 65 1347 »
98 1305 232 1349 latere
254 1314 332 1349 tuo
348 1305 489 1360 mille,
516 1315 559 1349 et
581 1305 694 1350 dena
707 1305 841 1350 millia
860 1322 881 1350 a
905 1305 1066 1350 dextris
1096 1306 1236 1350 tuisp»
1266 1305 1437 1351 Cadent

41 1376 158 1420 enim
181 1392 205 1420 a
226 1375 444 1421 daemonio
467 1377 722 1421 meridiano.
741 1380 927 1436 Magnus
946 1387 1099 1432 terror,
1124 1377 1294 1430 fratres,
1324 1393 1347 1421 a
1369 1377 1435 1420 la-

40 1455 130 1491 tere
147 1447 308 1492 Christi
326 1446 498 1502 cadere,
519 1464 543 1491 a
566 1447 724 1491 dextris
745 1448 906 1492 Christi
928 1448 1097 1493 cadere.
1123 1447 1351 1500 Quomodo
1368 1464 1435 1492 ca-

39 1516 146 1562 dent
163 1534 186 1562 a
202 1511 366 1563 latere?
382 1522 521 1571 Quare
538 1519 601 1562 illi
623 1535 646 1563 a
664 1518 813 1574 latere,
838 1518 900 1562 illi
919 1536 940 1563 3
956 1519 1139 1564 dextris?
1157 1523 1296 1572 Quare
1314 1519 1434 1563 mille

39 1604 59 1633 a
83 1588 232 1645 latere,
258 1599 302 1633 et
320 1590 432 1633 dena
448 1588 585 1633 millia
608 1605 631 1633 a
644 1588 835 1633 dextris?
857 1590 971 1643 Quid
984 1598 1070 1643 est,
1085 1605 1109 1633 a
1130 1589 1265 1633 latere
1285 1589 1435 1633 mille?

39 1660 146 1713 Quia
161 1660 386 1719 pauciores
406 1669 508 1705 sunt
531 1659 671 1715 mille,
696 1675 829 1720 quam
852 1660 965 1704 dena
991 1658 1126 1712 millia
1148 1675 1249 1720 quae
1279 1675 1302 1703 3
1328 1660 1434 1703 dex-

38 1730 113 1774 tris
134 1729 309 1776 cadent.
339 1731 422 1785 Qui
449 1740 551 1775 sunt
580 1730 675 1775 isti?
696 1730 830 1777 Modo
851 1730 1034 1791 planum
1063 1731 1143 1776 erit
1173 1732 1217 1775 in
1255 1730 1433 1775 nomine

38 1801 213 1857 Christi,
238 1793 371 1847 modo
387 1812 588 1862 apertum
607 1802 704 1846 erit.
725 1801 994 1856 Quibusdam
1017 1801 1215 1861 promisit
1237 1801 1434 1847 Christus

37 1872 140 1932 quia
161 1888 262 1917 cum
290 1871 366 1916 illo
383 1871 652 1933 judicabunt
676 1891 685 1916 :
712 1872 928 1931 Apostolis
951 1872 1137 1926 scilicet,
1159 1872 1236 1931 qui
1264 1870 1436 1914 dimise-

37 1951 140 1986 runt
160 1943 322 1996 omnia,
345 1952 388 1987 et
405 1943 541 1986 secuti
558 1951 660 1987 suut
673 1958 790 1986 eum.
811 1945 921 1987 Nam
941 1945 1094 1987 Petrus
1108 1940 1243 1986 aitilli
1261 1960 1268 1986 z
1289 1960 1305 1980 α
1323 1942 1436 1985 Ecce

43 2033 60 2055 »
95 2029 173 2058 nos
194 2013 436 2058 dimisimus
455 2013 619 2068 omnia,
646 2023 687 2057 et
710 2014 845 2058 secuti
868 2029 1018 2057 sumus
1039 2022 1082 2057 te
1107 2032 1115 2057 ς
1137 2033 1154 2055 »
1178 2022 1222 2057 et
1243 2013 1329 2057 hoe
1352 2012 1435 2056 illis

37 2084 235 2144 promisit
258 2119 268 2139 ,
313 2103 332 2126 «
367 2084 580 2129 Sedebitis
613 2099 742 2143 super
773 2082 1007 2128 duodecim
1038 2082 1159 2128 sedes
1190 2082 1436 2143 judicantes

40 2171 60 2194 »
94 2153 324 2198 duodecim
345 2155 485 2198 tribus
503 2153 636 2198 Israel
651 2155 682 2196 ⁴.
710 2175 727 2194 »
754 2153 897 2198 Nolite
919 2163 1073 2212 putare
1091 2153 1192 2213 quia
1210 2153 1309 2212 ipsis
1334 2152 1434 2197 solis

36 2226 232 2285 promisit
265 2226 490 2270 Dominus.
528 2225 614 2271 Ubi
646 2225 762 2268 enim
794 2224 964 2269 sedebit
992 2223 1152 2269 Paulus
1186 2223 1432 2283 apostolus,

37 2297 111 2357 qui
132 2296 231 2356 plus
255 2296 457 2341 omnibus
477 2295 560 2340 illis
578 2295 838 2351 lab01·avit⁵,
863 2296 897 2339 si
921 2311 1009 2342 non
1037 2295 1099 2339 ibi
1122 2295 1338 2340 sedebunt
1354 2294 1435 2338 nisi

36 2367 295 2412 duodecim?
322 2367 402 2412 Ille
424 2368 542 2411 enim
564 2367 932 2412 tertius-decimus
963 2376 1041 2411 est.
1067 2369 1176 2411 Nam
1194 2366 1248 2410 de
1269 2366 1435 2411 duode-

37 2439 121 2483 cim
144 2439 301 2483 cecidit
319 2437 476 2489 Judas;
504 2438 550 2481 in
580 2438 728 2481 locum
751 2447 899 2481 autem
922 2437 1050 2481 Judae
1067 2436 1287 2481 traditoris
1316 2440 1433 2481 Mat-

37 2509 147 2554 thias
179 2509 404 2554 ordinatus
426 2517 490 2552 est
526 2528 534 2553 :
566 2509 613 2551 in
638 2508 820 2553 Actibus
843 2508 1155 2568 Apostolorum
1177 2508 1360 2567 legimus
1377 2508 1392 2534 ⁰
1422 2526 1431 2552 :

0 161 6 261 l

0 551 9 660 ῃ

0 661 8 717 Ε

0 744 7 787 l

0 837 6 937 ξ

0 959 3 993 l

86 2611 95 2627 ¹
113 2604 195 2636 Psal.
218 2613 269 2646 xe,
290 2615 320 2645 7.
342 2621 385 2626 —
404 2611 417 2626 ²
437 2606 508 2636 Act.
535 2602 692 2644 1x‚4.—
708 2602 722 2626 3
745 2603 858 2636 Matth.
877 2615 953 2640 xxv,
974 2603 1024 2645 4ο.
1052 2620 1092 2626 -—
1110 2603 1191 2635 4121.
1215 2614 1279 2639 xix,
1309 2613 1362 2643 ²7³
1378 2601 1431 2632 98.

41 2676 81 2681 —
96 2658 110 2682 5
129 2671 139 2691 ῐ
164 2662 239 2693 Cor.
259 2671 312 2696 xv,
339 2671 385 2692 io.
411 2676 450 2681 —
473 2658 488 2681 6
508 2663 579 2690 Act.
606 2671 628 2698 ι,
645 2659 699 2690 QG.
