1926 3339
465 304 519 343 54
912 315 945 341 s.
981 311 1209 339 Anousnm
1241 310 1420 338 Emscom

521 383 706 426 XXVII.
739 378 854 433 Quid
885 391 986 435 ergo
1013 376 1093 419 ista
1120 374 1384 432 significent,
1416 373 1532 418 dicat
1562 381 1768 418 tractator
1793 381 1844 417 ut

467 461 634 513 potest,
662 450 828 510 judicet
859 448 996 492 lector
1018 455 1062 489 et
1089 444 1262 488 auditor
1294 453 1345 488 ut
1360 445 1527 504 justum
1550 453 1627 488 est.
1652 447 1779 504 Aqua
1798 443 1844 487 in

463 522 717 580 sanguinem
739 534 968 573 conversa,
1006 516 1113 560 mihi
1140 514 1314 559 videtur
1348 515 1589 573 significare
1616 514 1671 558 de
1697 528 1844 558 rerum

463 592 600 637 causis
625 589 782 634 sentire
807 587 1052 632 carnaliter.
1092 585 1357 642 Cynomyia,
1383 584 1526 629 canini
1547 599 1689 628 mores
1711 592 1841 639 sunt,

462 663 537 722 qui
559 676 638 704 nec
669 667 867 717 parentes
898 655 1076 717 quando
1108 664 1375 710 nascuntur,
1409 654 1576 699 vident.
1601 658 1750 709 Rana,
1781 662 1846 698 est

460 730 759 791 loquacissima
782 728 961 772 vanitas.
987 727 1160 785 Rubigo
1191 726 1361 771 occulte
1382 735 1536 781 nocet,
1561 741 1692 786 quam
1715 726 1846 769 etiam

459 801 695 859 aeruginem
716 798 918 844 nonnulli
934 797 1203 858 interpretati
1221 806 1338 851 sunt,
1357 795 1427 840 alii
1444 796 1691 841 caniculum
1703 815 1712 841 :
1725 795 1846 856 quod

461 872 627 916 malum
649 871 719 914 cui
754 870 959 914 vitiorum
988 868 1128 928 aptius
1153 876 1452 926 comparatur,
1482 866 1563 910 nisi
1584 865 1704 927 quod
1725 865 1844 910 diffi-

458 942 620 987 cillime
642 949 845 1000 apparet,
877 939 1003 984 sicuti
1024 948 1087 982 est
1105 937 1294 982 multum
1316 936 1370 981 de
1392 952 1436 981 se
1457 935 1622 980 fidere?
1641 939 1760 980 Aura
1782 945 1846 980 est

459 1013 576 1058 enim
597 1011 739 1066 noxia,
754 1026 854 1071 quae
871 1010 955 1054 hoc
976 1009 1022 1053 in
1044 1008 1260 1053 fructibus
1276 1007 1462 1052 latenter
1481 1016 1684 1066 operatur
1706 1025 1716 1052 ι
1736 1006 1847 1051 sicut

457 1084 506 1128 in
527 1082 720 1127 moribus
744 1080 917 1126 occulta
945 1080 1146 1139 superbia
1164 1115 1174 1134 ,
1199 1080 1378 1140 quando
1400 1093 1444 1123 se
1465 1079 1699 1138 quisquam
1719 1086 1846 1137 putat

459 1153 623 1214 aliquid
652 1168 741 1197 esse
768 1188 778 1207 ,
804 1168 904 1197 cum
933 1151 1043 1195 nihil
1073 1151 1171 1195 sit¹.
1198 1154 1384 1195 Locusta
1404 1159 1468 1194 est
1489 1149 1651 1193 malitia
1674 1164 1748 1193 ore
1774 1147 1848 1192 lae-

458 1225 566 1269 dens
584 1259 594 1278 ,
615 1222 778 1267 infideli
801 1221 963 1266 scilicet
986 1221 1248 1266 testimonio.
1271 1221 1448 1266 Grando
1470 1229 1532 1264 est
1554 1220 1760 1280 iniquitas
1781 1234 1846 1263 res

459 1294 619 1339 alienas
655 1291 885 1350 auferens,
918 1291 1036 1336 unde
1068 1291 1185 1335 furta
1200 1326 1214 1342 .,
1250 1292 1439 1351 rapinae,
1473 1291 1847 1350 praedationesque

458 1371 699 1408 nascuntur
724 1381 734 1407 z
759 1362 857 1421 plus
886 1371 1032 1405 autem
1062 1362 1167 1406 vitio
1199 1378 1278 1406 suo
1306 1371 1498 1406 vastatur
1528 1362 1617 1420 ipse
1639 1370 1843 1405 vastator.

460 1435 621 1480 Pruina
650 1434 860 1493 significat
885 1434 1068 1489 vitium,
1105 1450 1195 1494 quo
1223 1434 1408 1478 charitas
1434 1432 1617 1493 proximi
1653 1432 1848 1477 stultitiae

461 1504 653 1548 tenebris
679 1502 801 1547 velut
829 1512 1045 1548 nocturno
1075 1502 1237 1563 frigore
1269 1503 1546 1562 congelascit.
1573 1502 1688 1560 Ignis
1709 1517 1813 1546 vero
1832 1537 1844 1557 ‚

460 1575 496 1619 si
532 1589 622 1618 non
643 1572 716 1618 ille
738 1573 808 1618 hic
837 1583 1229 1628 commemoratur,
1252 1574 1329 1634 qui
1363 1583 1455 1617 erat
1487 1574 1533 1616 in
1562 1571 1774 1631 grandine
1795 1587 1848 1615 ex

458 1643 782 1702 fulgurantibus
812 1644 1034 1699 nubibus,
1071 1644 1279 1705 quoniam
1306 1644 1377 1688 hic
1403 1643 1511 1687 dixit
1546 1661 1555 1687 ·.
1596 1662 1616 1685 «
1653 1641 1849 1686 Tradidit

461 1733 481 1756 »
517 1714 828 1774 possessionem
850 1730 1001 1759 eorum
1023 1715 1137 1773 igni,
1168 1733 1188 1755 »
1213 1714 1290 1758 ubi
1324 1729 1418 1758 eam
1455 1713 1667 1771 significat
1694 1712 1848 1772 utique

456 1785 676 1830 incensam
693 1821 704 1840 ,
736 1785 857 1846 quod
879 1786 989 1844 ignis
1006 1785 1078 1829 ille
1098 1784 1245 1829 fecisse
1268 1801 1358 1830 non
1380 1784 1540 1844 legitur
1565 1803 1574 1830 ε
1598 1784 1847 1832 immanita-

456 1864 545 1900 tem
574 1871 677 1914 ergo
709 1856 944 1900 iracundiae
966 1856 1073 1900 mihi
1096 1855 1269 1900 videtur
1298 1855 1538 1914 significare
1553 1890 1564 1910 ,
1588 1871 1675 1915 qua
1698 1864 1742 1899 et
1762 1855 1846 1900 ho-

457 1925 682 1970 micidium
712 1926 882 1970 admitti
906 1935 1061 1985 potest.
1093 1929 1234 1970 Morte
1255 1941 1461 1985 pecorum
1491 1926 1729 1984 figuratum
1752 1934 1815 1969 est
1832 1959 1844 1981 ,

458 2006 674 2056 quantum
706 1996 890 2040 arbitror
921 1997 1132 2039 damnum
1162 1996 1401 2055 pudicitiae.
1436 1995 1846 2054 Concupiscentiam

458 2067 621 2126 quippe
637 2101 647 2118 ‚
674 2082 760 2126 qua
790 2065 924 2110 foetus
945 2066 1135 2110 exoritur
1152 2101 1162 2120 ,
1186 2080 1463 2111 communem
1493 2081 1593 2110 cum
1615 2066 1847 2125 pecoribus

456 2137 684 2180 habemus.
718 2139 840 2180 Hanc
874 2136 1020 2195 itaque
1043 2134 1278 2180 edomitam
1311 2135 1473 2179 habere
1501 2145 1545 2180 et
1572 2135 1843 2192 ordinatam,

456 2205 677 2266 pudicitiae
698 2207 835 2250 virtus
858 2215 936 2249 est.
953 2209 1069 2250 Mors
1088 2205 1421 2265 primitivorum,
1437 2215 1500 2250 est
1521 2207 1691 2251 amissio
1713 2207 1847 2266 ipsius

451 2276 647 2336 justitiae,
669 2292 756 2336 qua
778 2276 964 2336 quisque
986 2276 1179 2320 humano
1203 2273 1349 2335 generi
1370 2276 1537 2321 socialis
1559 2286 1637 2321 est.
1653 2276 1738 2322 Sed
1758 2277 1847 2321 sive

455 2347 513 2390 ita
535 2362 579 2390 se
600 2346 789 2390 habeant
812 2347 968 2390 harum
990 2362 1135 2390 rerum
1153 2347 1350 2405 figuratae
1371 2347 1707 2406 significationes
1727 2383 1737 2402 ‚
1757 2348 1846 2392 sive

450 2416 573 2459 aliter
591 2415 743 2460 melius
765 2415 1083 2474 intelligantur,
1099 2432 1230 2476 quem
1248 2432 1338 2461 non
1359 2426 1533 2461 moveat
1553 2416 1674 2477 quod
1691 2417 1844 2462 decem

450 2484 585 2545 plagis
607 2487 916 2544 percutiuntur
937 2487 1146 2546 AEgyptii‚
1163 2496 1206 2531 et
1227 2487 1380 2531 decem
1399 2489 1626 2547 praeceptis
1643 2489 1844 2533 scribun-

447 2565 520 2599 tur
556 2555 742 2612 tabulae,
778 2557 939 2616 quibus
969 2567 1143 2616 regatur
1172 2556 1359 2617 populus
1393 2559 1494 2602 Dei?
1529 2562 1589 2602 De
1605 2559 1793 2619 quibus,
1819 2574 1843 2603 e

502 2646 510 2661 ¹
529 2639 596 2671 Gal.
620 2650 665 2680 Vl,
685 2639 715 2671 3.
