1926 3339
465 294 519 332 86
901 301 936 330 s.
962 300 1192 329 AUGUSTJM
1216 301 1396 328 Emscom

463 390 484 413 «
519 371 654 430 Injice
670 369 825 429 pedem
842 376 967 411 tuum
988 366 1033 409 in
1050 363 1281 424 compedes
1297 365 1387 424 ejus
1403 367 1433 409 1.
1451 364 1702 410 Secundum
1721 380 1846 424 mag-

467 460 487 483 »
523 441 784 495 nitudinem,
805 438 975 498 inquit,
1000 436 1165 479 brachii
1188 435 1252 479 tui
1271 471 1282 490 ,
1314 436 1456 495 recipe
1482 436 1527 480 in
1565 436 1843 496 adoptionem

469 530 490 553 »
526 510 635 555 filios
667 510 1023 554 mortificatorum
1044 525 1052 550 ε
1088 524 1107 547 »
1148 505 1241 560 vel,
1278 505 1388 550 sicut
1421 506 1467 550 in
1498 505 1589 551 aliis
1619 505 1843 551 codicibus

465 581 623 639 legitur
637 615 648 635 ,
679 599 697 621 α
718 579 890 623 Posside
912 576 1019 620 filios
1037 584 1177 619 morte
1194 576 1462 635 punitorum.
1484 594 1504 617 »
1523 577 1718 620 Ubisatis
1735 576 1844 620 mihi

461 650 633 695 videtur
654 647 887 692 ostendisse
911 646 1153 704 Scriptura,
1180 646 1275 705 quis
1306 645 1438 689 fuerit
1461 646 1645 704 gemitus
1666 661 1844 706 compe-

459 720 674 773 ditorum,
698 717 773 776 qui
795 732 874 776 pro
905 715 1081 759 nomine
1111 716 1271 759 Christi
1301 717 1619 775 persecutiones
1647 717 1846 776 gravissi-

458 805 549 834 mas
570 788 871 849 pertulerunt,
899 803 998 848 quae
1016 787 1062 830 in
1083 787 1165 831 isto
1189 786 1359 831 Psalmo
1378 787 1642 846 apertissime
1661 788 1847 847 prophe-

458 870 622 904 tantur.
648 863 698 903 ln
716 859 891 903 diversis
914 857 1026 901 enim
1041 857 1307 916 passionibus
1318 857 1541 901 constituti
1563 857 1746 902 orabant
1766 873 1845 917 pro

460 930 674 984 Ecclesia,
700 944 754 972 ne
777 927 1070 972 infructuosus
1099 937 1207 972 esset
1226 928 1409 988 posteris
1445 928 1618 987 sanguis
1638 927 1843 987 illorum3

459 1011 511 1046 ut
527 1001 743 1045 dominica
765 1015 901 1058 seges,
922 999 1041 1043 unde
1062 999 1225 1044 inimici
1247 1015 1340 1043 earn
1356 1000 1570 1059 putabant
1589 1000 1842 1058 perituram,

469 1072 571 1117 inde
593 1071 778 1115 feracius
796 1069 1045 1130 pullularet.
1077 1089 1097 1112 «
1121 1069 1252 1115 Filios
1268 1071 1430 1131 quippe
1442 1071 1800 1116 mortificatorum
1821 1090 1841 1113 n

466 1141 598 1197 dicit,
624 1142 698 1201 qui
721 1157 809 1186 non
828 1140 968 1185 solum
991 1156 1080 1185 non
1102 1150 1204 1185 sunt
1225 1142 1361 1186 territi
1384 1140 1725 1201 praecedentium
1748 1158 1847 1202 pas-

461 1213 672 1267 sionibus,
688 1214 762 1256 sed
775 1213 820 1256 in
833 1228 932 1255 eum
947 1227 1026 1271 pro
1048 1213 1170 1272 cujus
1185 1213 1361 1257 nomine
1375 1229 1518 1273 passos
1533 1229 1604 1258 eos
1616 1223 1842 1269 noverant,

460 1284 713 1328 exhortante
726 1282 899 1326 illorum
915 1282 1048 1339 gloria
1067 1283 1121 1326 ad
1134 1283 1394 1327 imitandum
1413 1284 1595 1339 accensi,
1615 1284 1846 1343 copiosissi-

459 1353 539 1396 mis
561 1352 807 1411 agminibus
830 1352 1123 1397 crediderunt.
1145 1353 1249 1398 Ideo
1267 1353 1390 1409 dixit,
1413 1374 1432 1395 «
1451 1355 1699 1399 Secundum
1722 1370 1852 1413 mag-7

461 1441 483 1464 »
516 1423 762 1467 nitudinem
787 1424 952 1468 brachii
971 1425 1049 1468 tui.
1069 1444 1088 1466 »
1114 1429 1198 1469 Res
1212 1425 1326 1469 enim
1342 1434 1429 1469 tam
1446 1441 1600 1484 magna
1617 1435 1762 1470 secuta
1783 1435 1847 1470 est

459 1494 506 1537 in
533 1493 704 1552 populis
731 1494 971 1539 christianis
991 1530 1002 1550 ,
1027 1504 1077 1539 ut
1098 1511 1193 1539 eam
1206 1496 1281 1556 qui
1303 1511 1346 1539 se
1368 1495 1533 1556 aliquid
1545 1496 1847 1556 persequendo

458 1565 667 1623 proficere
687 1565 924 1623 putabant,
946 1565 1068 1610 nullo
1089 1565 1222 1610 modo
1234 1565 1461 1611 crederent
1481 1575 1744 1610 secuturam.

516 1637 633 1680 XVI.
666 1635 887 1688 «Redde,
925 1636 1093 1696 inquit,
1128 1637 1280 1682 vicinis
1311 1637 1468 1683 nostris
1490 1637 1646 1697 septies
1671 1645 1846 1682 tantum

460 1723 481 1747 »
515 1706 561 1749 in
583 1706 699 1750 sinus
721 1721 869 1750 corum
881 1709 914 1749 2.
943 1724 963 1747 »
990 1709 1087 1752 Non
1110 1707 1224 1751 mala
1246 1716 1366 1767 optat
1385 1729 1396 1765 3
1416 1706 1491 1751 sed
1507 1710 1623 1769 justa
1644 1723 1848 1767 praenun-

458 1776 562 1831 tiat,
588 1785 632 1820 et
653 1786 836 1821 ventura
872 1777 1119 1837 prophetat.
1161 1777 1412 1837 Septenario
1441 1787 1587 1822 autem
1628 1793 1812 1823 numero
1831 1814 1843 1835 ,

458 1846 503 1890 id
526 1856 609 1901 est,
635 1847 835 1906 septupla
862 1847 1153 1892 retributione
1170 1847 1484 1908 perfectionem
1499 1864 1642 1908 poenae
1662 1848 1759 1894 vult
1779 1850 1848 1893 in·-

456 1916 617 1976 telligi3
641 1919 743 1977 quia
760 1918 841 1962 isto
864 1934 1047 1962 numero
1066 1917 1294 1978 plenitudo
1319 1919 1552 1978 significari
1570 1918 1693 1964 solet.
1721 1919 1846 1964 Unde

455 1998 498 2032 et
514 1987 624 2032 illud
645 1998 708 2032 est
725 1988 770 2032 in
794 1988 918 2032 bonis
934 2023 944 2043 ,
970 2008 990 2031 «
1014 1989 1366 2049 Accipietinhoc
1387 1988 1547 2034 saeculo
1572 1990 1726 2050 septies
1749 1999 1847 2035 tan-

458 2077 479 2101 »
515 2062 638 2104 tum3
667 2079 675 2104 :
704 2078 724 2101 »
751 2059 872 2120 quod
894 2060 1085 2120 positum
1105 2070 1170 2105 est
1194 2076 1273 2120 pro
1295 2061 1514 2105 omnibus.
1544 2081 1564 2103 ε(
1590 2063 1721 2115 Quasi
1737 2063 1847 2107 nihil

461 2147 481 2170 υ
516 2130 728 2173 habentes
744 2165 755 2184 ,
781 2139 824 2173 et
844 2131 989 2174 omnia
1006 2131 1318 2190 possidentes4.
1345 2132 1560 2176 »Vicinos
1586 2131 1719 2188 dicit,
1744 2133 1846 2193 quia

457 2200 571 2243 iuter
592 2200 688 2244 illos
702 2200 872 2245 habitat
882 2200 1073 2245 Ecclesia
1086 2202 1282 2261 usquein
1297 2201 1411 2246 diem
1426 2202 1705 2261 separationis
1729 2218 1738 2245 ε
1758 2219 1847 2248 non

462 2272 577 2314 enim
590 2270 721 2315 modo
737 2272 788 2316 fit
806 2271 1006 2316 discessio
1022 2272 1275 2332 corporalis.'
1287 2291 1306 2315 «
1325 2275 1377 2317 In
1391 2273 1508 2318 sinus
1523 2273 1843 2330 eorun1»dici¹‚

462 2341 615 2402 utique
626 2358 743 2386 nunc
756 2342 800 2386 in
814 2343 1016 2400 occultis,
1031 2352 1081 2387 ut
1091 2342 1281 2388 vindicta
1293 2343 1449 2403 quaein
1462 2344 1543 2387 hac
1555 2344 1639 2388 vita
1648 2344 1789 2402 agitur
1800 2345 1846 2388 in

466 2411 664 2468 occulto,
696 2422 794 2472 post
815 2413 1057 2457 innotescat
1083 2413 1127 2457 in
1162 2413 1412 2457 nationibus
1441 2423 1540 2458 ante
1568 2414 1717 2459 oculos
1742 2430 1846 2460 nos-

456 2492 560 2527 tros.
588 2486 729 2528 Homo
756 2499 946 2544 namque
967 2499 1069 2528 cum
1095 2483 1224 2529 datur
1245 2484 1289 2528 in
1307 2484 1543 2544 reprobum
1572 2500 1771 2541 sensum,
1799 2486 1843 2530 in

445 2552 650 2598 interiore
685 2554 783 2598 sinu
808 2555 963 2614 accipit
994 2555 1309 2615 suppliciorum
1332 2556 1539 2600 meritum
1566 2554 1833 2601 futurorum.

493 2643 502 2659 ¹
525 2636 621 2671 Eccli.
642 2648 688 2680 vi,
702 2638 755 2671 25.
771 2654 813 2661 —
829 2645 842 2662 ²
856 2639 937 2671 Psal.
957 2649 1092 2681 mxxun,
1109 2647 1162 2672 12.
1181 2655 1222 2661 -
1236 2638 1249 2663 3
1267 2640 1365 2673 Marc.
1378 2650 1419 2682 Χ,
1435 2639 1489 2673 30.
1505 2656 1546 2662 --
1566 2638 1614 2673 42
1628 2641 1699 2673 Cor.
1717 2651 1749 2672 vi
1761 2665 1770 2682 ,
1787 2651 1838 2673 ιο.

1921 464 1926 634 -m-‚ffl
1907 363 1926 458 ..————'
1920 347 1923 357 ἢ
1917 205 1923 334 p--ae-——n
