<?xml version="1.0" encoding="UTF-8"?>
<!DOCTYPE html PUBLIC "-//W3C//DTD XHTML 1.0 Transitional//EN"
    "http://www.w3.org/TR/xhtml1/DTD/xhtml1-transitional.dtd">
<html xmlns="http://www.w3.org/1999/xhtml" xml:lang="en" lang="en">
 <head>
  <title>
</title>
<meta http-equiv="Content-Type" content="text/html;charset=utf-8" />
  <meta name='ocr-system' content='tesseract 3.04.00' />
  <meta name='ocr-capabilities' content='ocr_page ocr_carea ocr_par ocr_line ocrx_word'/>
</head>
<body>
  <div class='ocr_page' id='page_1' title='image "./operaomniaaccura10auguuoft_0056.png"; bbox 0 0 1926 3339; ppageno 0'>
   <div class='ocr_carea' id='block_1_1' title="bbox 442 264 1388 304">
    <p class='ocr_par' dir='ltr' id='par_1_1' title="bbox 442 264 1388 304">
     <span class='ocr_line' id='line_1_1' title="bbox 442 264 1388 304; baseline -0.011 0"><span class='ocrx_word' id='word_1_1' title='bbox 442 264 497 304; x_wconf 74' lang='lat'>46</span> <span class='ocrx_word' id='word_1_2' title='bbox 874 269 908 300; x_wconf 90' lang='lat' dir='ltr'>s.</span> <span class='ocrx_word' id='word_1_3' title='bbox 945 270 1175 299; x_wconf 71' lang='lat' dir='ltr'>Auens&#39;nm</span> <span class='ocrx_word' id='word_1_4' title='bbox 1206 269 1388 297; x_wconf 71' lang='lat' dir='ltr'>nmscom</span> 
     </span>
    </p>
   </div>
   <div class='ocr_carea' id='block_1_2' title="bbox 435 330 1828 2575">
    <p class='ocr_par' dir='ltr' id='par_1_2' title="bbox 435 330 1828 1731">
     <span class='ocr_line' id='line_1_2' title="bbox 440 330 1819 398; baseline -0.006 -14"><span class='ocrx_word' id='word_1_5' title='bbox 440 338 731 398; x_wconf 80' lang='lat' dir='ltr'>generationi,</span> <span class='ocrx_word' id='word_1_6' title='bbox 764 351 864 381; x_wconf 90' lang='lat' dir='ltr'>cum</span> <span class='ocrx_word' id='word_1_7' title='bbox 887 334 1030 379; x_wconf 89' lang='lat' dir='ltr'>adhuc</span> <span class='ocrx_word' id='word_1_8' title='bbox 1052 349 1146 378; x_wconf 86' lang='lat' dir='ltr'>esca</span> <span class='ocrx_word' id='word_1_9' title='bbox 1167 340 1275 377; x_wconf 87' lang='lat' dir='ltr'>esset</span> <span class='ocrx_word' id='word_1_10' title='bbox 1293 333 1339 376; x_wconf 89' lang='lat' dir='ltr'>in</span> <span class='ocrx_word' id='word_1_11' title='bbox 1364 345 1438 376; x_wconf 87' lang='lat' dir='ltr'>ore</span> <span class='ocrx_word' id='word_1_12' title='bbox 1454 330 1646 391; x_wconf 87' lang='lat' dir='ltr'>ipsorum</span> <span class='ocrx_word' id='word_1_13' title='bbox 1662 364 1674 387; x_wconf 84' lang='lat'><strong>‚</strong></span> <span class='ocrx_word' id='word_1_14' title='bbox 1702 348 1722 374; x_wconf 94' lang='lat'>«</span> <span class='ocrx_word' id='word_1_15' title='bbox 1748 334 1819 376; x_wconf 91' lang='lat' dir='ltr'>Ira</span> 
     </span>
     <span class='ocr_line' id='line_1_3' title="bbox 442 401 1820 461; baseline -0.004 -10"><span class='ocrx_word' id='word_1_16' title='bbox 442 428 463 452; x_wconf 89' lang='lat'>»</span> <span class='ocrx_word' id='word_1_17' title='bbox 498 409 573 453; x_wconf 89' lang='lat' dir='ltr'>Dei</span> <span class='ocrx_word' id='word_1_18' title='bbox 592 405 783 452; x_wconf 88' lang='lat' dir='ltr'>ascendit</span> <span class='ocrx_word' id='word_1_19' title='bbox 799 406 845 448; x_wconf 93' lang='lat' dir='ltr'>in</span> <span class='ocrx_word' id='word_1_20' title='bbox 862 420 948 459; x_wconf 83' lang='lat' dir='ltr'>eos,</span> <span class='ocrx_word' id='word_1_21' title='bbox 973 412 1016 447; x_wconf 91' lang='lat' dir='ltr'>et</span> <span class='ocrx_word' id='word_1_22' title='bbox 1037 401 1196 447; x_wconf 90' lang='lat' dir='ltr'>occidit</span> <span class='ocrx_word' id='word_1_23' title='bbox 1217 402 1264 444; x_wconf 93' lang='lat' dir='ltr'>in</span> <span class='ocrx_word' id='word_1_24' title='bbox 1283 401 1480 461; x_wconf 88' lang='lat' dir='ltr'>plurimis</span> <span class='ocrx_word' id='word_1_25' title='bbox 1501 416 1679 446; x_wconf 87' lang='lat' dir='ltr'>eorum:</span> <span class='ocrx_word' id='word_1_26' title='bbox 1698 418 1720 443; x_wconf 67' lang='lat' dir='ltr'>n</span> <span class='ocrx_word' id='word_1_27' title='bbox 1733 401 1820 445; x_wconf 87' lang='lat' dir='ltr'>hoe</span> 
     </span>
     <span class='ocr_line' id='line_1_4' title="bbox 439 471 1817 537; baseline -0.006 -14"><span class='ocrx_word' id='word_1_28' title='bbox 439 488 502 524; x_wconf 88' lang='lat' dir='ltr'>est</span> <span class='ocrx_word' id='word_1_29' title='bbox 521 477 730 537; x_wconf 83' lang='lat' dir='ltr'>plurimos</span> <span class='ocrx_word' id='word_1_30' title='bbox 760 490 911 520; x_wconf 87' lang='lat' dir='ltr'>eorum</span> <span class='ocrx_word' id='word_1_31' title='bbox 926 509 939 529; x_wconf 85' lang='lat'>‚</span> <span class='ocrx_word' id='word_1_32' title='bbox 968 472 1038 518; x_wconf 91' lang='lat' dir='ltr'>vel</span> <span class='ocrx_word' id='word_1_33' title='bbox 1066 473 1177 517; x_wconf 89' lang='lat' dir='ltr'>sicut</span> <span class='ocrx_word' id='word_1_34' title='bbox 1198 471 1402 516; x_wconf 87' lang='lat' dir='ltr'>nonnulli</span> <span class='ocrx_word' id='word_1_35' title='bbox 1422 471 1592 517; x_wconf 88' lang='lat' dir='ltr'>codices</span> <span class='ocrx_word' id='word_1_36' title='bbox 1621 472 1786 516; x_wconf 87' lang='lat' dir='ltr'>habent</span> <span class='ocrx_word' id='word_1_37' title='bbox 1806 489 1817 516; x_wconf 76' lang='lat' dir='ltr'><strong><em>z</em></strong></span> 
     </span>
     <span class='ocr_line' id='line_1_5' title="bbox 442 540 1822 605; baseline -0.004 -15"><span class='ocrx_word' id='word_1_38' title='bbox 442 567 463 590; x_wconf 73' lang='grc' dir='ltr'>ιι</span> <span class='ocrx_word' id='word_1_39' title='bbox 497 548 681 605; x_wconf 83' lang='lat' dir='ltr'>Pingues</span> <span class='ocrx_word' id='word_1_40' title='bbox 702 559 867 589; x_wconf 89' lang='lat' dir='ltr'>eorum.</span> <span class='ocrx_word' id='word_1_41' title='bbox 895 562 916 585; x_wconf 69' lang='lat' dir='ltr'>n</span> <span class='ocrx_word' id='word_1_42' title='bbox 941 541 1069 596; x_wconf 91' lang='lat' dir='ltr'>Quod</span> <span class='ocrx_word' id='word_1_43' title='bbox 1090 540 1269 601; x_wconf 88' lang='lat' dir='ltr'>quidem</span> <span class='ocrx_word' id='word_1_44' title='bbox 1297 541 1343 585; x_wconf 93' lang='lat' dir='ltr'>in</span> <span class='ocrx_word' id='word_1_45' title='bbox 1364 543 1511 600; x_wconf 81' lang='lat' dir='ltr'>graecis</span> <span class='ocrx_word' id='word_1_46' title='bbox 1532 558 1642 602; x_wconf 89' lang='lat' dir='ltr'>quos</span> <span class='ocrx_word' id='word_1_47' title='bbox 1663 541 1822 586; x_wconf 87' lang='lat' dir='ltr'>habui-</span> 
     </span>
     <span class='ocr_line' id='line_1_6' title="bbox 435 610 1821 672; baseline -0.005 -10"><span class='ocrx_word' id='word_1_48' title='bbox 435 632 530 662; x_wconf 90' lang='lat' dir='ltr'>mus</span> <span class='ocrx_word' id='word_1_49' title='bbox 563 632 652 661; x_wconf 89' lang='lat' dir='ltr'>non</span> <span class='ocrx_word' id='word_1_50' title='bbox 686 614 943 659; x_wconf 81' lang='lat' dir='ltr'><strong>invenimus.</strong></span> <span class='ocrx_word' id='word_1_51' title='bbox 980 611 1066 658; x_wconf 87' lang='lat' dir='ltr'>Sed</span> <span class='ocrx_word' id='word_1_52' title='bbox 1109 611 1144 655; x_wconf 88' lang='lat' dir='ltr'>si</span> <span class='ocrx_word' id='word_1_53' title='bbox 1168 611 1252 656; x_wconf 90' lang='lat' dir='ltr'>hoc</span> <span class='ocrx_word' id='word_1_54' title='bbox 1281 621 1346 655; x_wconf 87' lang='lat' dir='ltr'>est</span> <span class='ocrx_word' id='word_1_55' title='bbox 1375 612 1542 666; x_wconf 83' lang='lat' dir='ltr'>verius,</span> <span class='ocrx_word' id='word_1_56' title='bbox 1570 611 1679 672; x_wconf 89' lang='lat' dir='ltr'>quid</span> <span class='ocrx_word' id='word_1_57' title='bbox 1700 610 1821 655; x_wconf 89' lang='lat' dir='ltr'>aliud</span> 
     </span>
     <span class='ocr_line' id='line_1_7' title="bbox 435 683 1824 745; baseline -0.004 -14"><span class='ocrx_word' id='word_1_58' title='bbox 435 685 707 745; x_wconf 85' lang='lat' dir='ltr'>intelligendi</span> <span class='ocrx_word' id='word_1_59' title='bbox 739 693 840 728; x_wconf 90' lang='lat' dir='ltr'>sunt</span> <span class='ocrx_word' id='word_1_60' title='bbox 864 703 885 726; x_wconf 90' lang='lat'>«</span> <span class='ocrx_word' id='word_1_61' title='bbox 911 683 1102 741; x_wconf 85' lang='lat' dir='ltr'>Pingues</span> <span class='ocrx_word' id='word_1_62' title='bbox 1124 697 1275 727; x_wconf 89' lang='lat' dir='ltr'>eorum</span> <span class='ocrx_word' id='word_1_63' title='bbox 1292 717 1304 737; x_wconf 85' lang='lat'>,</span> <span class='ocrx_word' id='word_1_64' title='bbox 1331 701 1352 724; x_wconf 89' lang='lat'>»</span> <span class='ocrx_word' id='word_1_65' title='bbox 1378 683 1459 726; x_wconf 87' lang='lat' dir='ltr'>nisi</span> <span class='ocrx_word' id='word_1_66' title='bbox 1480 684 1683 743; x_wconf 87' lang='lat' dir='ltr'>superbia</span> <span class='ocrx_word' id='word_1_67' title='bbox 1704 697 1824 742; x_wconf 72' lang='lat' dir='ltr'>prae-</span> 
     </span>
     <span class='ocr_line' id='line_1_8' title="bbox 437 750 1824 814; baseline -0.004 -14"><span class='ocrx_word' id='word_1_68' title='bbox 437 755 648 809; x_wconf 84' lang='lat' dir='ltr'>valentes,</span> <span class='ocrx_word' id='word_1_69' title='bbox 668 754 723 798; x_wconf 91' lang='lat' dir='ltr'>de</span> <span class='ocrx_word' id='word_1_70' title='bbox 743 753 903 814; x_wconf 90' lang='lat' dir='ltr'>quibus</span> <span class='ocrx_word' id='word_1_71' title='bbox 924 751 1088 797; x_wconf 88' lang='lat' dir='ltr'>dicitur</span> <span class='ocrx_word' id='word_1_72' title='bbox 1107 771 1116 797; x_wconf 91' lang='lat'>:</span> <span class='ocrx_word' id='word_1_73' title='bbox 1142 771 1162 794; x_wconf 92' lang='lat'>«</span> <span class='ocrx_word' id='word_1_74' title='bbox 1188 750 1365 796; x_wconf 83' lang='lat' dir='ltr'>Proeliet</span> <span class='ocrx_word' id='word_1_75' title='bbox 1383 752 1506 811; x_wconf 83' lang='lat' dir='ltr'>quasi</span> <span class='ocrx_word' id='word_1_76' title='bbox 1526 767 1576 796; x_wconf 84' lang='lat' dir='ltr'>ex</span> <span class='ocrx_word' id='word_1_77' title='bbox 1592 752 1718 812; x_wconf 84' lang='lat' dir='ltr'>adipe</span> <span class='ocrx_word' id='word_1_78' title='bbox 1735 751 1824 795; x_wconf 87' lang='lat' dir='ltr'>ini-</span> 
     </span>
     <span class='ocr_line' id='line_1_9' title="bbox 439 820 1823 886; baseline -0.001 -19"><span class='ocrx_word' id='word_1_79' title='bbox 439 844 461 868; x_wconf 82' lang='lat'>»</span> <span class='ocrx_word' id='word_1_80' title='bbox 495 826 637 886; x_wconf 86' lang='lat' dir='ltr'>quitas</span> <span class='ocrx_word' id='word_1_81' title='bbox 658 825 861 869; x_wconf 72' lang='lat' dir='ltr'>eorum1?</span> <span class='ocrx_word' id='word_1_82' title='bbox 877 826 933 868; x_wconf 91' lang='lat' dir='ltr'>Et</span> <span class='ocrx_word' id='word_1_83' title='bbox 955 822 1115 867; x_wconf 88' lang='lat' dir='ltr'>electos</span> <span class='ocrx_word' id='word_1_84' title='bbox 1138 821 1268 866; x_wconf 78' lang='lat' dir='ltr'>Israel</span> <span class='ocrx_word' id='word_1_85' title='bbox 1289 820 1529 881; x_wconf 84' lang='lat' dir='ltr'>impedivit.</span> <span class='ocrx_word' id='word_1_86' title='bbox 1550 820 1823 866; x_wconf 84' lang='lat' dir='ltr'>»Erantillic</span> 
     </span>
     <span class='ocr_line' id='line_1_10' title="bbox 438 893 1823 954; baseline -0.004 -14"><span class='ocrx_word' id='word_1_87' title='bbox 438 897 569 941; x_wconf 88' lang='lat' dir='ltr'>etiam</span> <span class='ocrx_word' id='word_1_88' title='bbox 595 894 745 950; x_wconf 82' lang='lat' dir='ltr'>electi,</span> <span class='ocrx_word' id='word_1_89' title='bbox 770 909 958 954; x_wconf 87' lang='lat' dir='ltr'>quorum</span> <span class='ocrx_word' id='word_1_90' title='bbox 976 893 1080 937; x_wconf 87' lang='lat' dir='ltr'>fidei</span> <span class='ocrx_word' id='word_1_91' title='bbox 1107 909 1196 937; x_wconf 91' lang='lat' dir='ltr'>non</span> <span class='ocrx_word' id='word_1_92' title='bbox 1213 893 1626 951; x_wconf 82' lang='lat' dir='ltr'>contemperabatur</span> <span class='ocrx_word' id='word_1_93' title='bbox 1642 906 1823 950; x_wconf 81' lang='lat' dir='ltr'>genera-</span> 
     </span>
     <span class='ocr_line' id='line_1_11' title="bbox 438 960 1824 1026; baseline -0.004 -15"><span class='ocrx_word' id='word_1_94' title='bbox 438 967 500 1012; x_wconf 87' lang='lat' dir='ltr'>tio</span> <span class='ocrx_word' id='word_1_95' title='bbox 520 981 652 1026; x_wconf 85' lang='lat' dir='ltr'>prava</span> <span class='ocrx_word' id='word_1_96' title='bbox 674 975 717 1010; x_wconf 88' lang='lat' dir='ltr'>et</span> <span class='ocrx_word' id='word_1_97' title='bbox 740 965 990 1009; x_wconf 84' lang='lat' dir='ltr'>amaricans.</span> <span class='ocrx_word' id='word_1_98' title='bbox 1029 962 1233 1022; x_wconf 88' lang='lat' dir='ltr'>Impediti</span> <span class='ocrx_word' id='word_1_99' title='bbox 1255 972 1357 1006; x_wconf 89' lang='lat' dir='ltr'>sunt</span> <span class='ocrx_word' id='word_1_100' title='bbox 1375 972 1520 1006; x_wconf 87' lang='lat' dir='ltr'>autem</span> <span class='ocrx_word' id='word_1_101' title='bbox 1534 997 1546 1017; x_wconf 86' lang='lat'>‚</span> <span class='ocrx_word' id='word_1_102' title='bbox 1578 978 1634 1006; x_wconf 90' lang='lat' dir='ltr'>ne</span> <span class='ocrx_word' id='word_1_103' title='bbox 1656 960 1824 1022; x_wconf 88' lang='lat' dir='ltr'>aliquid</span> 
     </span>
     <span class='ocr_line' id='line_1_12' title="bbox 437 1032 1825 1096; baseline -0.004 -15"><span class='ocrx_word' id='word_1_104' title='bbox 437 1037 496 1081; x_wconf 92' lang='lat' dir='ltr'>eis</span> <span class='ocrx_word' id='word_1_105' title='bbox 516 1036 784 1096; x_wconf 82' lang='lat' dir='ltr'>prodessent,</span> <span class='ocrx_word' id='word_1_106' title='bbox 802 1035 962 1095; x_wconf 86' lang='lat' dir='ltr'>quibus</span> <span class='ocrx_word' id='word_1_107' title='bbox 981 1042 1162 1094; x_wconf 86' lang='lat' dir='ltr'>paterno</span> <span class='ocrx_word' id='word_1_108' title='bbox 1184 1048 1227 1077; x_wconf 91' lang='lat' dir='ltr'>se</span> <span class='ocrx_word' id='word_1_109' title='bbox 1245 1033 1406 1077; x_wconf 75' lang='lat' dir='ltr'>affectu</span> <span class='ocrx_word' id='word_1_110' title='bbox 1427 1032 1653 1077; x_wconf 85' lang='lat' dir='ltr'>consulere</span> <span class='ocrx_word' id='word_1_111' title='bbox 1674 1032 1825 1092; x_wconf 88' lang='lat' dir='ltr'>cupie-</span> 
     </span>
     <span class='ocr_line' id='line_1_13' title="bbox 436 1102 1826 1163; baseline -0.003 -13"><span class='ocrx_word' id='word_1_112' title='bbox 436 1107 558 1151; x_wconf 82' lang='lat' dir='ltr'>bant.</span> <span class='ocrx_word' id='word_1_113' title='bbox 585 1106 753 1159; x_wconf 88' lang='lat' dir='ltr'>Quibus</span> <span class='ocrx_word' id='word_1_114' title='bbox 771 1106 886 1149; x_wconf 86' lang='lat' dir='ltr'>enim</span> <span class='ocrx_word' id='word_1_115' title='bbox 902 1108 1016 1149; x_wconf 89' lang='lat' dir='ltr'>Deus</span> <span class='ocrx_word' id='word_1_116' title='bbox 1038 1104 1250 1158; x_wconf 82' lang='lat' dir='ltr'>irascitur,</span> <span class='ocrx_word' id='word_1_117' title='bbox 1275 1103 1384 1163; x_wconf 89' lang='lat' dir='ltr'>quid</span> <span class='ocrx_word' id='word_1_118' title='bbox 1405 1102 1699 1147; x_wconf 80' lang='lat' dir='ltr'>misericordia</span> <span class='ocrx_word' id='word_1_119' title='bbox 1721 1117 1826 1146; x_wconf 90' lang='lat' dir='ltr'>con-</span> 
     </span>
     <span class='ocr_line' id='line_1_14' title="bbox 436 1172 1824 1234; baseline -0.003 -14"><span class='ocrx_word' id='word_1_120' title='bbox 436 1177 576 1221; x_wconf 81' lang='lat' dir='ltr'>fertur</span> <span class='ocrx_word' id='word_1_121' title='bbox 596 1177 788 1220; x_wconf 85' lang='lat' dir='ltr'>humana</span> <span class='ocrx_word' id='word_1_122' title='bbox 800 1177 818 1219; x_wconf 75' lang='lat' dir='ltr'>P</span> <span class='ocrx_word' id='word_1_123' title='bbox 829 1178 899 1219; x_wconf 82' lang='lat' dir='ltr'>An</span> <span class='ocrx_word' id='word_1_124' title='bbox 913 1174 1058 1234; x_wconf 87' lang='lat' dir='ltr'>potius</span> <span class='ocrx_word' id='word_1_125' title='bbox 1074 1173 1202 1217; x_wconf 89' lang='lat' dir='ltr'>simul</span> <span class='ocrx_word' id='word_1_126' title='bbox 1220 1189 1320 1219; x_wconf 90' lang='lat' dir='ltr'>cum</span> <span class='ocrx_word' id='word_1_127' title='bbox 1339 1173 1398 1217; x_wconf 92' lang='lat' dir='ltr'>eis</span> <span class='ocrx_word' id='word_1_128' title='bbox 1411 1172 1680 1233; x_wconf 90' lang='lat' dir='ltr'>compeditos</span> <span class='ocrx_word' id='word_1_129' title='bbox 1695 1172 1824 1216; x_wconf 84' lang='lat' dir='ltr'>etiam</span> 
     </span>
     <span class='ocr_line' id='line_1_15' title="bbox 438 1242 1827 1304; baseline -0.003 -14"><span class='ocrx_word' id='word_1_130' title='bbox 438 1246 595 1290; x_wconf 91' lang='lat' dir='ltr'>electos</span> <span class='ocrx_word' id='word_1_131' title='bbox 616 1244 799 1304; x_wconf 85' lang='lat' dir='ltr'>intelligi</span> <span class='ocrx_word' id='word_1_132' title='bbox 819 1244 961 1289; x_wconf 82' lang='lat' dir='ltr'>voluit</span> <span class='ocrx_word' id='word_1_133' title='bbox 981 1265 991 1302; x_wconf 78' lang='lat'>3</span> <span class='ocrx_word' id='word_1_134' title='bbox 1016 1252 1067 1288; x_wconf 90' lang='lat' dir='ltr'>ut</span> <span class='ocrx_word' id='word_1_135' title='bbox 1088 1243 1163 1304; x_wconf 91' lang='lat' dir='ltr'>qui</span> <span class='ocrx_word' id='word_1_136' title='bbox 1186 1253 1331 1287; x_wconf 90' lang='lat' dir='ltr'>mente</span> <span class='ocrx_word' id='word_1_137' title='bbox 1354 1253 1398 1287; x_wconf 81' lang='lat' dir='ltr'>et</span> <span class='ocrx_word' id='word_1_138' title='bbox 1413 1245 1500 1287; x_wconf 83' lang='lat' dir='ltr'>vita</span> <span class='ocrx_word' id='word_1_139' title='bbox 1518 1242 1827 1288; x_wconf 83' lang='lat' dir='ltr'>discerneban-</span> 
     </span>
     <span class='ocr_line' id='line_1_16' title="bbox 437 1313 1825 1374; baseline -0.003 -14"><span class='ocrx_word' id='word_1_140' title='bbox 437 1325 510 1360; x_wconf 88' lang='lat' dir='ltr'>tur</span> <span class='ocrx_word' id='word_1_141' title='bbox 524 1350 535 1371; x_wconf 83' lang='lat'>,</span> <span class='ocrx_word' id='word_1_142' title='bbox 561 1315 617 1360; x_wconf 92' lang='lat' dir='ltr'>ad</span> <span class='ocrx_word' id='word_1_143' title='bbox 633 1314 880 1374; x_wconf 87' lang='lat' dir='ltr'>exemplum</span> <span class='ocrx_word' id='word_1_144' title='bbox 901 1314 1179 1374; x_wconf 83' lang='lat' dir='ltr'>nonjustitiae</span> <span class='ocrx_word' id='word_1_145' title='bbox 1202 1323 1392 1366; x_wconf 61' lang='lat' dir='ltr'>tantum,</span> <span class='ocrx_word' id='word_1_146' title='bbox 1408 1314 1484 1357; x_wconf 92' lang='lat' dir='ltr'>sed</span> <span class='ocrx_word' id='word_1_147' title='bbox 1500 1314 1630 1357; x_wconf 88' lang='lat' dir='ltr'>etiam</span> <span class='ocrx_word' id='word_1_148' title='bbox 1651 1313 1825 1372; x_wconf 90' lang='lat' dir='ltr'>patien-</span> 
     </span>
     <span class='ocr_line' id='line_1_17' title="bbox 437 1383 1827 1441; baseline -0.003 -11"><span class='ocrx_word' id='word_1_149' title='bbox 437 1386 510 1430; x_wconf 84' lang='lat' dir='ltr'>tiae</span> <span class='ocrx_word' id='word_1_150' title='bbox 529 1420 541 1441; x_wconf 90' lang='lat'>,</span> <span class='ocrx_word' id='word_1_151' title='bbox 566 1400 667 1430; x_wconf 90' lang='lat' dir='ltr'>cum</span> <span class='ocrx_word' id='word_1_152' title='bbox 691 1384 775 1428; x_wconf 85' lang='lat' dir='ltr'>illis</span> <span class='ocrx_word' id='word_1_153' title='bbox 802 1383 1018 1428; x_wconf 87' lang='lat' dir='ltr'>molestias</span> <span class='ocrx_word' id='word_1_154' title='bbox 1053 1384 1348 1429; x_wconf 81' lang='lat' dir='ltr'>sustinerent?</span> <span class='ocrx_word' id='word_1_155' title='bbox 1380 1387 1491 1429; x_wconf 87' lang='lat' dir='ltr'>Nam</span> <span class='ocrx_word' id='word_1_156' title='bbox 1525 1392 1697 1428; x_wconf 83' lang='lat' dir='ltr'>sanctos</span> <span class='ocrx_word' id='word_1_157' title='bbox 1723 1397 1827 1427; x_wconf 90' lang='lat' dir='ltr'>cum</span> 
     </span>
     <span class='ocr_line' id='line_1_18' title="bbox 437 1453 1826 1517; baseline -0.002 -16"><span class='ocrx_word' id='word_1_158' title='bbox 437 1456 737 1517; x_wconf 86' lang='lat' dir='ltr'>peccatoribus</span> <span class='ocrx_word' id='word_1_159' title='bbox 758 1470 849 1500; x_wconf 90' lang='lat' dir='ltr'>non</span> <span class='ocrx_word' id='word_1_160' title='bbox 870 1455 928 1499; x_wconf 92' lang='lat' dir='ltr'>ob</span> <span class='ocrx_word' id='word_1_161' title='bbox 951 1454 1080 1499; x_wconf 88' lang='lat' dir='ltr'>aliam</span> <span class='ocrx_word' id='word_1_162' title='bbox 1097 1453 1279 1499; x_wconf 85' lang='lat' dir='ltr'>forsitan</span> <span class='ocrx_word' id='word_1_163' title='bbox 1293 1470 1466 1499; x_wconf 86' lang='lat' dir='ltr'>causam</span> <span class='ocrx_word' id='word_1_164' title='bbox 1489 1455 1618 1498; x_wconf 88' lang='lat' dir='ltr'>etiam</span> <span class='ocrx_word' id='word_1_165' title='bbox 1634 1454 1826 1513; x_wconf 87' lang='lat' dir='ltr'>captivos</span> 
     </span>
     <span class='ocr_line' id='line_1_19' title="bbox 438 1524 1828 1585; baseline -0.003 -13"><span class='ocrx_word' id='word_1_166' title='bbox 438 1527 593 1572; x_wconf 88' lang='lat' dir='ltr'>ductos</span> <span class='ocrx_word' id='word_1_167' title='bbox 621 1541 712 1571; x_wconf 89' lang='lat' dir='ltr'>esse</span> <span class='ocrx_word' id='word_1_168' title='bbox 733 1524 962 1570; x_wconf 89' lang='lat' dir='ltr'>didicimus</span> <span class='ocrx_word' id='word_1_169' title='bbox 978 1559 989 1581; x_wconf 84' lang='lat'>‚</span> <span class='ocrx_word' id='word_1_170' title='bbox 1021 1525 1230 1585; x_wconf 84' lang='lat' dir='ltr'>quoniam</span> <span class='ocrx_word' id='word_1_171' title='bbox 1250 1525 1296 1569; x_wconf 89' lang='lat' dir='ltr'>in</span> <span class='ocrx_word' id='word_1_172' title='bbox 1318 1527 1466 1583; x_wconf 88' lang='lat' dir='ltr'>graecis</span> <span class='ocrx_word' id='word_1_173' title='bbox 1492 1524 1715 1570; x_wconf 85' lang='lat' dir='ltr'>codicibus</span> <span class='ocrx_word' id='word_1_174' title='bbox 1736 1539 1828 1569; x_wconf 88' lang='lat' dir='ltr'>non</span> 
     </span>
     <span class='ocr_line' id='line_1_20' title="bbox 441 1594 1827 1657; baseline -0.001 -16"><span class='ocrx_word' id='word_1_175' title='bbox 441 1606 634 1647; x_wconf 59' lang='grc' dir='ltr'>ἐνεπόδισεν,</span> <span class='ocrx_word' id='word_1_176' title='bbox 666 1597 786 1657; x_wconf 90' lang='lat' dir='ltr'>quod</span> <span class='ocrx_word' id='word_1_177' title='bbox 809 1605 874 1640; x_wconf 87' lang='lat' dir='ltr'>est</span> <span class='ocrx_word' id='word_1_178' title='bbox 907 1615 928 1638; x_wconf 90' lang='lat'>«</span> <span class='ocrx_word' id='word_1_179' title='bbox 952 1595 1215 1656; x_wconf 76' lang='lat' dir='ltr'>Impedivit3</span> <span class='ocrx_word' id='word_1_180' title='bbox 1237 1614 1257 1638; x_wconf 66' lang='grc' dir='ltr'><strong>η</strong></span> <span class='ocrx_word' id='word_1_181' title='bbox 1287 1596 1364 1641; x_wconf 85' lang='lat' dir='ltr'>sed</span> <span class='ocrx_word' id='word_1_182' title='bbox 1385 1600 1586 1637; x_wconf 54' lang='grc' dir='ltr'>συνεπόδισεν</span> <span class='ocrx_word' id='word_1_183' title='bbox 1615 1594 1827 1654; x_wconf 83' lang='lat' dir='ltr'>legimus,</span> 
     </span>
     <span class='ocr_line' id='line_1_21' title="bbox 439 1666 1247 1731; baseline -0.009 -16"><span class='ocrx_word' id='word_1_184' title='bbox 439 1670 561 1731; x_wconf 87' lang='lat' dir='ltr'>quod</span> <span class='ocrx_word' id='word_1_185' title='bbox 581 1678 644 1713; x_wconf 87' lang='lat' dir='ltr'>est</span> <span class='ocrx_word' id='word_1_186' title='bbox 664 1668 808 1727; x_wconf 90' lang='lat' dir='ltr'>potius</span> <span class='ocrx_word' id='word_1_187' title='bbox 823 1702 835 1722; x_wconf 86' lang='lat'>‚</span> <span class='ocrx_word' id='word_1_188' title='bbox 862 1685 884 1708; x_wconf 88' lang='lat'>«</span> <span class='ocrx_word' id='word_1_189' title='bbox 907 1666 1197 1726; x_wconf 88' lang='lat' dir='ltr'>Compedivit.</span> <span class='ocrx_word' id='word_1_190' title='bbox 1226 1684 1247 1708; x_wconf 71' lang='lat' dir='ltr'>n</span> 
     </span>
    </p>

    <p class='ocr_par' dir='ltr' id='par_1_3' title="bbox 438 1737 1827 2350">
     <span class='ocr_line' id='line_1_22' title="bbox 498 1737 1823 1798; baseline -0.002 -13"><span class='ocrx_word' id='word_1_191' title='bbox 498 1742 618 1785; x_wconf 82' lang='lat' dir='ltr'>XIX.</span> <span class='ocrx_word' id='word_1_192' title='bbox 646 1739 731 1785; x_wconf 82' lang='lat' dir='ltr'>Sed</span> <span class='ocrx_word' id='word_1_193' title='bbox 760 1738 978 1798; x_wconf 85' lang='lat' dir='ltr'>generatio</span> <span class='ocrx_word' id='word_1_194' title='bbox 1001 1753 1133 1797; x_wconf 88' lang='lat' dir='ltr'>prava</span> <span class='ocrx_word' id='word_1_195' title='bbox 1150 1747 1193 1782; x_wconf 90' lang='lat' dir='ltr'>et</span> <span class='ocrx_word' id='word_1_196' title='bbox 1213 1737 1474 1793; x_wconf 80' lang='lat' dir='ltr'>amaricans,</span> <span class='ocrx_word' id='word_1_197' title='bbox 1504 1756 1525 1780; x_wconf 90' lang='lat'>«</span> <span class='ocrx_word' id='word_1_198' title='bbox 1549 1740 1602 1781; x_wconf 93' lang='lat' dir='ltr'>In</span> <span class='ocrx_word' id='word_1_199' title='bbox 1620 1737 1823 1783; x_wconf 86' lang='lat' dir='ltr'>omnibus</span> 
     </span>
     <span class='ocr_line' id='line_1_23' title="bbox 443 1807 1823 1871; baseline -0.002 -15"><span class='ocrx_word' id='word_1_200' title='bbox 443 1832 466 1855; x_wconf 86' lang='lat'>»</span> <span class='ocrx_word' id='word_1_201' title='bbox 497 1813 564 1856; x_wconf 90' lang='lat' dir='ltr'>his</span> <span class='ocrx_word' id='word_1_202' title='bbox 584 1819 872 1871; x_wconf 79' lang='lat' dir='ltr'>peccaverunt</span> <span class='ocrx_word' id='word_1_203' title='bbox 891 1810 1057 1864; x_wconf 79' lang='lat' dir='ltr'>adhuc,</span> <span class='ocrx_word' id='word_1_204' title='bbox 1082 1818 1125 1853; x_wconf 88' lang='lat' dir='ltr'>et</span> <span class='ocrx_word' id='word_1_205' title='bbox 1152 1825 1242 1853; x_wconf 93' lang='lat' dir='ltr'>non</span> <span class='ocrx_word' id='word_1_206' title='bbox 1263 1807 1544 1853; x_wconf 86' lang='lat' dir='ltr'>crediderunt</span> <span class='ocrx_word' id='word_1_207' title='bbox 1570 1809 1616 1853; x_wconf 91' lang='lat' dir='ltr'>in</span> <span class='ocrx_word' id='word_1_208' title='bbox 1643 1809 1823 1853; x_wconf 86' lang='lat' dir='ltr'>mirabi-</span> 
     </span>
     <span class='ocr_line' id='line_1_24' title="bbox 442 1879 1824 1942; baseline -0.002 -16"><span class='ocrx_word' id='word_1_209' title='bbox 442 1901 463 1925; x_wconf 86' lang='lat'>»</span> <span class='ocrx_word' id='word_1_210' title='bbox 497 1882 610 1926; x_wconf 92' lang='lat' dir='ltr'>libus</span> <span class='ocrx_word' id='word_1_211' title='bbox 626 1883 733 1942; x_wconf 87' lang='lat' dir='ltr'>ejus.</span> <span class='ocrx_word' id='word_1_212' title='bbox 750 1884 807 1925; x_wconf 90' lang='lat' dir='ltr'>Et</span> <span class='ocrx_word' id='word_1_213' title='bbox 819 1879 1076 1924; x_wconf 85' lang='lat' dir='ltr'>defecerunt</span> <span class='ocrx_word' id='word_1_214' title='bbox 1092 1879 1138 1923; x_wconf 92' lang='lat' dir='ltr'>in</span> <span class='ocrx_word' id='word_1_215' title='bbox 1155 1879 1345 1923; x_wconf 86' lang='lat' dir='ltr'>vanitate</span> <span class='ocrx_word' id='word_1_216' title='bbox 1365 1879 1456 1923; x_wconf 90' lang='lat' dir='ltr'>dies</span> <span class='ocrx_word' id='word_1_217' title='bbox 1478 1882 1696 1923; x_wconf 79' lang='lat' dir='ltr'>eorum2.»</span> <span class='ocrx_word' id='word_1_218' title='bbox 1709 1881 1824 1924; x_wconf 88' lang='lat' dir='ltr'>Cum</span> 
     </span>
     <span class='ocr_line' id='line_1_25' title="bbox 438 1948 1824 2013; baseline -0.004 -15"><span class='ocrx_word' id='word_1_219' title='bbox 438 1961 630 2013; x_wconf 78' lang='lat' dir='ltr'>possent,</span> <span class='ocrx_word' id='word_1_220' title='bbox 649 1953 683 1996; x_wconf 88' lang='lat' dir='ltr'>si</span> <span class='ocrx_word' id='word_1_221' title='bbox 705 1950 949 2005; x_wconf 80' lang='lat' dir='ltr'>crederent,</span> <span class='ocrx_word' id='word_1_222' title='bbox 972 1949 1064 1993; x_wconf 87' lang='lat' dir='ltr'>dies</span> <span class='ocrx_word' id='word_1_223' title='bbox 1085 1949 1131 1993; x_wconf 88' lang='lat' dir='ltr'>in</span> <span class='ocrx_word' id='word_1_224' title='bbox 1150 1949 1331 1994; x_wconf 84' lang='lat' dir='ltr'>veritate</span> <span class='ocrx_word' id='word_1_225' title='bbox 1353 1948 1446 1993; x_wconf 88' lang='lat' dir='ltr'>sine</span> <span class='ocrx_word' id='word_1_226' title='bbox 1465 1948 1641 1993; x_wconf 84' lang='lat' dir='ltr'>defectu</span> <span class='ocrx_word' id='word_1_227' title='bbox 1661 1949 1824 1993; x_wconf 78' lang='lat' dir='ltr'>hahere</span> 
     </span>
     <span class='ocr_line' id='line_1_26' title="bbox 438 2019 1827 2084; baseline -0.003 -15"><span class='ocrx_word' id='word_1_228' title='bbox 438 2025 558 2084; x_wconf 82' lang='lat' dir='ltr'>apud</span> <span class='ocrx_word' id='word_1_229' title='bbox 578 2038 676 2068; x_wconf 91' lang='lat' dir='ltr'>eum</span> <span class='ocrx_word' id='word_1_230' title='bbox 699 2022 771 2066; x_wconf 85' lang='lat' dir='ltr'>cni</span> <span class='ocrx_word' id='word_1_231' title='bbox 792 2021 959 2066; x_wconf 89' lang='lat' dir='ltr'>dictum</span> <span class='ocrx_word' id='word_1_232' title='bbox 975 2029 1040 2065; x_wconf 87' lang='lat' dir='ltr'>est</span> <span class='ocrx_word' id='word_1_233' title='bbox 1064 2038 1075 2066; x_wconf 71' lang='grc' dir='ltr'>ι</span> <span class='ocrx_word' id='word_1_234' title='bbox 1098 2039 1119 2063; x_wconf 87' lang='lat'>«</span> <span class='ocrx_word' id='word_1_235' title='bbox 1134 2021 1252 2065; x_wconf 84' lang='lat' dir='ltr'>Anni</span> <span class='ocrx_word' id='word_1_236' title='bbox 1267 2020 1333 2065; x_wconf 86' lang='lat' dir='ltr'>tui</span> <span class='ocrx_word' id='word_1_237' title='bbox 1354 2036 1444 2065; x_wconf 90' lang='lat' dir='ltr'>non</span> <span class='ocrx_word' id='word_1_238' title='bbox 1461 2019 1666 2065; x_wconf 84' lang='lat' dir='ltr'>deficient</span> <span class='ocrx_word' id='word_1_239' title='bbox 1681 2021 1714 2064; x_wconf 77' lang='lat'>³.</span> <span class='ocrx_word' id='word_1_240' title='bbox 1740 2023 1827 2065; x_wconf 81' lang='lat' dir='ltr'>De·-</span> 
     </span>
     <span class='ocr_line' id='line_1_27' title="bbox 442 2091 1825 2151; baseline -0.001 -14"><span class='ocrx_word' id='word_1_241' title='bbox 442 2113 464 2137; x_wconf 90' lang='lat'>»</span> <span class='ocrx_word' id='word_1_242' title='bbox 498 2094 697 2140; x_wconf 75' lang='lat' dir='ltr'>fecerunt</span> <span class='ocrx_word' id='word_1_243' title='bbox 718 2108 820 2151; x_wconf 87' lang='lat' dir='ltr'>ergo</span> <span class='ocrx_word' id='word_1_244' title='bbox 849 2094 896 2137; x_wconf 88' lang='lat' dir='ltr'>in</span> <span class='ocrx_word' id='word_1_245' title='bbox 928 2093 1116 2136; x_wconf 85' lang='lat' dir='ltr'>vanitate</span> <span class='ocrx_word' id='word_1_246' title='bbox 1150 2091 1241 2136; x_wconf 90' lang='lat' dir='ltr'>dies</span> <span class='ocrx_word' id='word_1_247' title='bbox 1273 2107 1450 2147; x_wconf 83' lang='lat' dir='ltr'>eorum,</span> <span class='ocrx_word' id='word_1_248' title='bbox 1477 2101 1522 2136; x_wconf 88' lang='lat' dir='ltr'>et</span> <span class='ocrx_word' id='word_1_249' title='bbox 1547 2091 1650 2136; x_wconf 85' lang='lat' dir='ltr'>anni</span> <span class='ocrx_word' id='word_1_250' title='bbox 1671 2104 1825 2136; x_wconf 87' lang='lat' dir='ltr'>eorum</span> 
     </span>
     <span class='ocr_line' id='line_1_28' title="bbox 443 2161 1825 2222; baseline -0.001 -15"><span class='ocrx_word' id='word_1_251' title='bbox 443 2183 464 2207; x_wconf 76' lang='lat' dir='ltr'>n</span> <span class='ocrx_word' id='word_1_252' title='bbox 498 2180 599 2210; x_wconf 84' lang='lat' dir='ltr'>cum</span> <span class='ocrx_word' id='word_1_253' title='bbox 621 2163 912 2209; x_wconf 88' lang='lat' dir='ltr'>festinatione.</span> <span class='ocrx_word' id='word_1_254' title='bbox 940 2179 962 2203; x_wconf 86' lang='lat'>»</span> <span class='ocrx_word' id='word_1_255' title='bbox 987 2161 1237 2206; x_wconf 85' lang='lat' dir='ltr'>Festinatur</span> <span class='ocrx_word' id='word_1_256' title='bbox 1257 2161 1421 2222; x_wconf 91' lang='lat' dir='ltr'>quippe</span> <span class='ocrx_word' id='word_1_257' title='bbox 1443 2170 1535 2206; x_wconf 87' lang='lat' dir='ltr'>tota</span> <span class='ocrx_word' id='word_1_258' title='bbox 1554 2162 1642 2206; x_wconf 83' lang='lat' dir='ltr'>vita</span> <span class='ocrx_word' id='word_1_259' title='bbox 1660 2171 1825 2206; x_wconf 86' lang='lat' dir='ltr'>morta-</span> 
     </span>
     <span class='ocr_line' id='line_1_29' title="bbox 439 2231 1824 2294; baseline -0.003 -15"><span class='ocrx_word' id='word_1_260' title='bbox 439 2234 548 2279; x_wconf 89' lang='lat' dir='ltr'>lium</span> <span class='ocrx_word' id='word_1_261' title='bbox 564 2269 576 2290; x_wconf 88' lang='lat'>,</span> <span class='ocrx_word' id='word_1_262' title='bbox 598 2243 643 2278; x_wconf 90' lang='lat' dir='ltr'>et</span> <span class='ocrx_word' id='word_1_263' title='bbox 670 2249 768 2294; x_wconf 82' lang='lat' dir='ltr'>qnae</span> <span class='ocrx_word' id='word_1_264' title='bbox 787 2233 962 2277; x_wconf 82' lang='lat' dir='ltr'>videtur</span> <span class='ocrx_word' id='word_1_265' title='bbox 979 2231 1186 2292; x_wconf 84' lang='lat' dir='ltr'>prolixior</span> <span class='ocrx_word' id='word_1_266' title='bbox 1203 2267 1215 2288; x_wconf 83' lang='lat'>,</span> <span class='ocrx_word' id='word_1_267' title='bbox 1239 2247 1375 2292; x_wconf 83' lang='lat' dir='ltr'>vapor</span> <span class='ocrx_word' id='word_1_268' title='bbox 1396 2240 1458 2275; x_wconf 88' lang='lat' dir='ltr'>est</span> <span class='ocrx_word' id='word_1_269' title='bbox 1479 2231 1703 2292; x_wconf 87' lang='lat' dir='ltr'>aliquanto</span> <span class='ocrx_word' id='word_1_270' title='bbox 1725 2231 1824 2276; x_wconf 92' lang='lat' dir='ltr'>diu-</span> 
     </span>
     <span class='ocr_line' id='line_1_30' title="bbox 440 2305 625 2350; baseline -0.011 0"><span class='ocrx_word' id='word_1_271' title='bbox 440 2305 625 2350; x_wconf 87' lang='lat' dir='ltr'>turnior.</span> 
     </span>
    </p>

    <p class='ocr_par' dir='ltr' id='par_1_4' title="bbox 441 2371 1824 2575">
     <span class='ocr_line' id='line_1_31' title="bbox 511 2371 1824 2433; baseline -0.001 -14"><span class='ocrx_word' id='word_1_272' title='bbox 511 2377 610 2419; x_wconf 82' lang='lat' dir='ltr'>XX.</span> <span class='ocrx_word' id='word_1_273' title='bbox 647 2377 959 2419; x_wconf 84' lang='lat' dir='ltr'>Verumtamen</span> <span class='ocrx_word' id='word_1_274' title='bbox 992 2391 1011 2414; x_wconf 87' lang='lat'>«</span> <span class='ocrx_word' id='word_1_275' title='bbox 1045 2375 1158 2418; x_wconf 91' lang='lat' dir='ltr'>Cum</span> <span class='ocrx_word' id='word_1_276' title='bbox 1189 2371 1405 2417; x_wconf 89' lang='lat' dir='ltr'>occideret</span> <span class='ocrx_word' id='word_1_277' title='bbox 1437 2387 1532 2427; x_wconf 85' lang='lat' dir='ltr'>eos,</span> <span class='ocrx_word' id='word_1_278' title='bbox 1568 2372 1824 2433; x_wconf 75' lang='lat' dir='ltr'>quaerebant</span> 
     </span>
     <span class='ocr_line' id='line_1_32' title="bbox 443 2443 1822 2504; baseline 0 -15"><span class='ocrx_word' id='word_1_279' title='bbox 443 2465 465 2489; x_wconf 83' lang='lat'>»</span> <span class='ocrx_word' id='word_1_280' title='bbox 499 2461 599 2490; x_wconf 87' lang='lat' dir='ltr'>eum</span> <span class='ocrx_word' id='word_1_281' title='bbox 624 2464 633 2490; x_wconf 77' lang='lat' dir='ltr'><strong><em>z</em></strong></span> <span class='ocrx_word' id='word_1_282' title='bbox 661 2463 682 2487; x_wconf 87' lang='lat'>»</span> <span class='ocrx_word' id='word_1_283' title='bbox 707 2460 797 2489; x_wconf 92' lang='lat' dir='ltr'>non</span> <span class='ocrx_word' id='word_1_284' title='bbox 817 2453 995 2504; x_wconf 86' lang='lat' dir='ltr'>propter</span> <span class='ocrx_word' id='word_1_285' title='bbox 1022 2453 1231 2488; x_wconf 85' lang='lat' dir='ltr'>aeternam</span> <span class='ocrx_word' id='word_1_286' title='bbox 1251 2444 1384 2487; x_wconf 86' lang='lat' dir='ltr'>vitam</span> <span class='ocrx_word' id='word_1_287' title='bbox 1405 2478 1416 2499; x_wconf 83' lang='lat'>‚</span> <span class='ocrx_word' id='word_1_288' title='bbox 1443 2443 1519 2488; x_wconf 88' lang='lat' dir='ltr'>sed</span> <span class='ocrx_word' id='word_1_289' title='bbox 1534 2459 1736 2504; x_wconf 83' lang='lat' dir='ltr'>Vaporem</span> <span class='ocrx_word' id='word_1_290' title='bbox 1759 2445 1822 2489; x_wconf 87' lang='lat' dir='ltr'>ci-</span> 
     </span>
     <span class='ocr_line' id='line_1_33' title="bbox 441 2513 1822 2575; baseline -0.002 -13"><span class='ocrx_word' id='word_1_291' title='bbox 441 2518 526 2562; x_wconf 88' lang='lat' dir='ltr'>tius</span> <span class='ocrx_word' id='word_1_292' title='bbox 559 2517 682 2560; x_wconf 88' lang='lat' dir='ltr'>finire</span> <span class='ocrx_word' id='word_1_293' title='bbox 705 2523 963 2559; x_wconf 88' lang='lat' dir='ltr'>metuentes.</span> <span class='ocrx_word' id='word_1_294' title='bbox 999 2513 1264 2567; x_wconf 72' lang='lat' dir='ltr'>Quaerebant</span> <span class='ocrx_word' id='word_1_295' title='bbox 1285 2529 1388 2573; x_wconf 82' lang='lat' dir='ltr'>ergo</span> <span class='ocrx_word' id='word_1_296' title='bbox 1414 2529 1535 2570; x_wconf 85' lang='lat' dir='ltr'>eum,</span> <span class='ocrx_word' id='word_1_297' title='bbox 1562 2530 1651 2559; x_wconf 92' lang='lat' dir='ltr'>non</span> <span class='ocrx_word' id='word_1_298' title='bbox 1671 2515 1822 2575; x_wconf 82' lang='lat' dir='ltr'>utique</span> 
     </span>
    </p>
   </div>
   <div class='ocr_carea' id='block_1_3' title="bbox 489 2596 1499 2643">
    <p class='ocr_par' dir='ltr' id='par_1_5' title="bbox 489 2596 1499 2643">
     <span class='ocr_line' id='line_1_34' title="bbox 489 2596 1499 2643; baseline -0.003 -9"><span class='ocrx_word' id='word_1_299' title='bbox 489 2608 499 2625; x_wconf 88' lang='lat'>¹</span> <span class='ocrx_word' id='word_1_300' title='bbox 519 2601 599 2634; x_wconf 74' lang='lat' dir='ltr'>psal.</span> <span class='ocrx_word' id='word_1_301' title='bbox 621 2611 722 2643; x_wconf 74' lang='lat' dir='ltr'>tun,</span> <span class='ocrx_word' id='word_1_302' title='bbox 738 2611 769 2643; x_wconf 86' lang='lat'>7.</span> <span class='ocrx_word' id='word_1_303' title='bbox 786 2617 827 2623; x_wconf 92' lang='lat'>—-</span> <span class='ocrx_word' id='word_1_304' title='bbox 846 2599 922 2633; x_wconf 84' lang='lat' dir='ltr'>²1d.</span> <span class='ocrx_word' id='word_1_305' title='bbox 945 2609 1063 2640; x_wconf 75' lang='lat' dir='ltr'>Lxxvn,</span> <span class='ocrx_word' id='word_1_306' title='bbox 1080 2599 1134 2641; x_wconf 82' lang='lat'>32,</span> <span class='ocrx_word' id='word_1_307' title='bbox 1154 2598 1207 2631; x_wconf 83' lang='lat'>33.</span> <span class='ocrx_word' id='word_1_308' title='bbox 1230 2615 1271 2621; x_wconf 92' lang='lat'>——</span> <span class='ocrx_word' id='word_1_309' title='bbox 1287 2596 1364 2631; x_wconf 77' lang='lat' dir='ltr'>31d.</span> <span class='ocrx_word' id='word_1_310' title='bbox 1388 2608 1428 2640; x_wconf 84' lang='lat' dir='ltr'>ci,</span> <span class='ocrx_word' id='word_1_311' title='bbox 1445 2598 1499 2631; x_wconf 87' lang='lat'>28.</span> 
     </span>
    </p>
   </div>
   <div class='ocr_carea' id='block_1_4' title="bbox 1905 0 1926 529">
    <p class='ocr_par' dir='ltr' id='par_1_6' title="bbox 1905 0 1926 529">
     <span class='ocr_line' id='line_1_35' title="bbox 1905 0 1926 529; baseline 0 2810"><span class='ocrx_word' id='word_1_312' title='bbox 1905 0 1926 529; x_wconf 95' lang='lat' dir='ltr'> </span> 
     </span>
    </p>
   </div>
  </div>
 </body>
</html>
