1926 3339
395 267 476 304 518
834 272 867 301 s.
903 273 1133 301 Auovs‘rml
1154 273 1335 301 muscum

398 343 443 385 in
461 340 544 384 alio
568 339 737 383 Psalmo
756 339 931 392 dicitur,
952 358 971 379 u
988 338 1170 397 Incipite
1190 338 1372 382 Domino
1387 338 1432 381 in
1444 338 1775 382 confessione.»

397 411 524 466 Quod
544 409 633 454 illie
655 409 777 462 dicit,
807 427 827 449 (ι
849 408 1031 467 Incipite
1048 427 1086 464 3»
1119 409 1203 452 hoe
1228 408 1462 468 appellavit
1488 408 1575 464 hie,
1596 418 1740 469 portas
1765 428 1775 454 z

401 503 422 526 «
457 486 621 527 Intrate
645 481 690 523 in
711 488 856 538 portas
878 480 970 539 ejus
1008 479 1053 521 in
1082 477 1366 522 confessione.
1401 498 1419 520 »
1445 482 1503 524 Et
1530 479 1654 540 quid,
1679 495 1781 524 cum

392 555 483 614 jam
507 551 810 596 intraverimus
826 584 837 603 ‚
863 565 954 592 non
983 549 1319 592 confitebimur?
1344 552 1520 609 Semper
1553 551 1776 607 confitere,

393 637 563 682 semper
581 621 713 664 habes
727 620 847 680 quod
869 619 1128 664 confitearis.
1150 618 1334 663 Dissicile
1355 620 1477 663 estin
1496 619 1578 664 hae
1599 619 1704 676 vita,
1729 630 1778 665 ut

394 694 454 739 sic
485 694 618 737 homo
640 700 849 746 mutetur,
874 700 924 734 ut
947 689 1057 734 nihil
1079 690 1326 734 inveniatur
1347 690 1393 734 in
1413 705 1465 734 eo
1487 690 1607 751 quod
1629 706 1778 751 repre—

393 762 628 808 hendatur.
654 764 774 821 Opus
788 771 852 805 est
865 770 915 805 ut
932 769 981 804 tu
995 771 1037 805 te
1060 761 1367 820 reprehendas,
1383 776 1438 804 ne
1452 759 1523 804 ille
1540 762 1778 821 reprehen-

394 834 466 878 dat
489 834 565 894 qui
584 833 868 877 damnaturus
890 841 968 876 est.
998 835 1115 891 Ergo
1144 841 1187 876 et
1209 848 1310 877 cum
1332 833 1558 878 intraveris
1580 834 1625 877 in
1653 834 1775 892 atria,

391 904 614 956 confitere.
635 902 822 956 Quando
845 918 935 947 non
957 903 1037 947 erit
1065 902 1277 947 confessio
1299 905 1603 963 peccatorum?
1633 907 1685 948 In
1705 904 1779 950 illa

391 975 564 1035 requie,
599 974 644 1018 iu
673 974 748 1018 illa
779 973 1028 1034 aequalitate
1051 973 1334 1032 Angelorum.
1377 973 1462 1019 Sed
1495 975 1640 1019 videte
1671 975 1780 1036 quid

391 1045 575 1091 dixerim
595 1065 604 1090 ε
629 1048 727 1090 Non
748 1046 829 1089 erit
863 1044 1076 1089 confessio
1097 1055 1390 1104 peecatorum.
1417 1048 1515 1091 Non
1537 1045 1650 1101 dixi,
1680 1049 1779 1092 Non

390 1118 470 1161 erit
489 1114 703 1160 confessio
732 1135 741 1160 :
766 1117 847 1158 erit
872 1116 989 1159 enim
1010 1114 1223 1160 confessio
1251 1115 1406 1160 laudis.
1435 1118 1614 1176 Semper
1638 1118 1778 1162 eonfi-

391 1186 566 1241 teberis,
587 1185 712 1229 illum
735 1189 891 1240 Deum,
918 1194 959 1228 te
973 1195 1240 1242 creaturam,
1263 1184 1389 1228 illum
1410 1194 1717 1244 protectorem,
1737 1196 1780 1231 te

391 1267 655 1318 protectum.
683 1259 733 1301 In
756 1257 832 1301 illo
860 1256 1050 1316 quodam
1077 1255 1211 1300 modo
1242 1255 1524 1300 absconditus
1546 1256 1642 1312 eris,
1668 1258 1781 1303 sicut

391 1327 559 1373 dictum
581 1337 646 1371 est
676 1346 684 1372 :
715 1346 731 1367 «
762 1326 1012 1372 Abscondes
1036 1343 1107 1371 eos
1130 1327 1176 1371 in
1204 1325 1462 1372 abscondito
1494 1327 1641 1372 vultus
1663 1329 1775 1373 'tui².

393 1419 412 1442 »
451 1402 503 1443 In
524 1400 632 1443 atria
650 1401 743 1459 ejus
770 1398 816 1442 in
840 1399 1014 1456 hymnis
1032 1399 1301 1443 confitemini
1319 1399 1372 1442 ei.
1403 1421 1419 1440 »
1443 1403 1495 1444 In
1518 1399 1652 1459 portis
1671 1416 1779 1444 con-

388 1470 599 1526 fitemini,
624 1479 667 1513 et
693 1470 739 1512 in
757 1470 862 1512 atria
876 1484 977 1513 cum
999 1469 1274 1524 intraveritis,
1299 1470 1568 1514 confitemini
1590 1471 1635 1514 in
1650 1471 1780 1528 hym·-

389 1540 469 1585 nis.
494 1540 657 1597 Hymni
684 1539 836 1584 laudes
859 1549 975 1589 sunt,
1008 1539 1196 1592 Quando
1225 1540 1376 1594 intras,
1402 1549 1446 1584 te
1482 1533 1776 1600 reprehende3

388 1625 490 1656 cum
508 1610 735 1654 intraveris
750 1644 761 1665 ,
787 1609 914 1653 illum
934 1608 1080 1653 lauda.
1110 1628 1132 1652 «
1156 1609 1332 1669 Aperite
1350 1610 1457 1653 mihi
1478 1618 1624 1669 portas
1645 1609 1778 1670 justi-

394 1699 415 1723 »
450 1681 538 1735 tiae,
565 1679 670 1724 dicit
690 1680 737 1723 in
759 1679 842 1724 alio
858 1679 1045 1736 Psalmo,
1065 1680 1312 1738 ingrediens
1330 1680 1377 1724 in
1394 1681 1451 1724 eis
1464 1681 1673 1726 confitear
1694 1683 1783 1728 Do-

393 1769 414 1793 »
449 1751 612 1794 mino3.
628 1768 648 1792 »
673 1751 902 1811 Numquid
918 1750 1040 1807 dixit,
1066 1752 1180 1796 Cum
1198 1751 1412 1809 ingressus
1428 1749 1570 1808 fuero,
1583 1752 1676 1812 jam
1691 1767 1783 1797 non

389 1821 658 1867 confitebor?
680 1822 822 1865 Etiam
846 1821 1062 1881 ingressus
1093 1821 1387 1866 confitebitur.
1411 1824 1520 1876 Quae
1542 1822 1658 1867 enim
1678 1838 1782 1883 pec-

389 1901 485 1937 cata
507 1891 801 1936 confitebatur
819 1892 1029 1937 Dominus
1051 1901 1197 1937 noster
1219 1895 1342 1937 Jesus
1363 1893 1576 1949 ChristuS,
1601 1893 1779 1954 quando

388 1963 449 2007 ait
474 1982 483 2007 :
509 1982 529 2005 «
550 1963 773 2008 Confiteor
790 1964 886 2017 tibi,
909 1968 1049 2019 Pater,
1076 1967 1259 2009 Domine
1282 1964 1382 2008 coeli
1404 1973 1448 2009 et
1465 1966 1646 2009 terrae4?
1670 1983 1691 2007 »
1716 1964 1777 2009 Il-

386 2034 480 2078 lum
498 2034 681 2079 laudans
698 2036 1007 2091 confitebatur,
1033 2052 1121 2081 non
1136 2052 1179 2079 se
1196 2051 1418 2080 accusans.

445 2106 587 2149 XVII.
618 2123 637 2146 «
663 2104 856 2150 Laudate
871 2122 1032 2151 nomen
1048 2108 1154 2166 ejus,
1175 2106 1277 2167 quia
1289 2107 1429 2151 suavis
1442 2115 1506 2150 est
1517 2106 1774 2150 Dominus.»

389 2174 532 2221 Nolite
558 2185 710 2235 putare
732 2177 836 2237 quia
857 2176 1040 2222 deficitis
1062 2179 1108 2222 in
1133 2176 1371 2224 laudando.
1395 2176 1609 2225 Laudatio
1636 2186 1778 2222 vestra

389 2246 512 2306 quasi
533 2246 813 2292 manducatio
835 2249 916 2294 erit
943 2267 951 2294 :
977 2258 1194 2310 quantum
1219 2247 1405 2293 laudatis
1423 2283 1434 2303 ,
1464 2257 1636 2293 tantum
1665 2247 1778 2293 vires

394 2316 633 2376 acquiritiS,
658 2327 701 2361 et
723 2327 897 2362 tantum
917 2319 1127 2364 dulcescit
1150 2334 1281 2380 quem
1308 2319 1510 2387 laudatis.
1538 2338 1559 2361 «
1584 2318 1779 2363 Laudate

391 2403 412 2428 »
447 2401 609 2431 nomen
631 2389 737 2447 ejus,
762 2388 863 2447 quia
884 2389 1025 2433 suavis
1048 2398 1112 2433 est
1132 2390 1352 2434 Dominus.
1380 2393 1430 2434 In
1459 2402 1672 2433 aeternum
1693 2388 1777 2432 mi-

390 2474 411 2498 »
446 2457 680 2502 sericordia
706 2459 973 2519 ejus⁵.»-N0n
995 2461 1110 2504 enim
1132 2476 1234 2505 eum
1257 2469 1299 2505 te
1319 2459 1584 2516 liberaverit,
1608 2459 1775 2504 desinet

437 2560 446 2575 ¹
463 2553 547 2585 Psal.
561 2564 662 2594 chw,
682 2565 713 2595 7.
731 2571 773 2577 -—-
789 2562 802 2577 ²
821 2555 867 2586 Id.
887 2566 970 2595 xxx,
991 2564 1045 2588 21.
1067 2574 1107 2578 -
1135 2554 1210 2588 3111.
1232 2567 1330 2596 cxvu,
1353 2567 1403 2599 19.
1419 2573 1461 2580 —
1477 2555 1493 2586 4
1517 2555 1692 2597 Matth.x1,
1716 2554 1770 2587 25.

389 2625 432 2631 —
451 2606 466 2631 5
483 2608 563 2640 Psal.
580 2620 659 2648 xc1x‚
681 2609 709 2640 5.
