1926 3339
441 267 524 309 458
868 278 902 308 s.
939 278 1169 308 Aueos‘nm
1200 279 1383 309 Emscom

444 365 464 388 »
500 345 728 391 immolant
752 346 936 400 Gentes,
963 344 1188 389 daemoniis
1216 343 1466 400 immolant,
1492 352 1536 389 et
1556 359 1647 389 non
1667 347 1773 390 Deo.
1802 363 1823 388 »

441 417 556 461 Dixit
589 436 597 462 :
629 436 648 459 «
672 416 783 461 Nolo
805 432 880 461 vos
903 416 995 460 fieri
1023 417 1159 460 socios
1186 415 1516 460 daemoniorum.
1549 433 1570 456 »
1601 418 1701 460 Non
1725 430 1827 474 ergo

441 487 546 532 hinc
582 502 626 531 se
647 496 853 530 excusent
869 522 879 541 ,
906 487 1007 547 quia
1037 486 1160 545 quasi
1182 486 1307 530 idolis
1328 486 1552 530 insensatis
1573 485 1711 530 dediti
1739 503 1828 532 non

446 567 549 602 sunt
584 577 592 601 :
620 557 844 601 daemoniis
876 556 1011 614 magis
1043 555 1178 599 dediti
1216 567 1344 611 sunt,
1377 556 1497 615 quod
1520 566 1584 601 est
1607 556 1827 616 periculo-

439 630 540 672 sius.
568 630 677 672 Nam
700 627 733 670 si
756 636 925 671 tantum
949 626 1065 670 idola
1087 626 1303 681 colerent,
1336 627 1446 671 sicut
1481 643 1552 671 eos
1580 643 1671 672 non
1700 629 1827 688 adju-

437 708 611 752 varent,
632 698 690 742 ita
712 697 794 742 illis
818 697 927 741 nihil
949 707 1156 742 nocerent
1177 718 1185 742 :
1211 697 1243 742 si
1268 707 1413 742 autem
1436 697 1588 743 adores
1610 708 1653 743 et
1669 700 1827 744 servias

439 769 736 822 daemonibus,
762 777 890 812 erunt
913 768 1078 812 domini
1108 768 1185 813 tui.
1211 771 1268 813 Et
1295 769 1373 829 qui
1401 778 1530 813 erunt
1552 768 1718 813 domini
1739 770 1827 813 tui?

437 839 580 884 Invidi
603 839 667 883 tui
689 858 698 884 :
727 839 918 883 libertati
940 848 1027 883 tuae
1052 855 1224 883 necesse
1244 848 1307 884 est
1323 839 1566 894 invideant,
1595 856 1764 900 semper
1788 850 1829 885 te

436 910 573 955 velint
595 911 815 970 possidere
830 946 840 966 ‚
866 926 1035 970 semper
1053 910 1183 955 talem
1200 910 1367 966 facere,
1394 911 1568 972 qualem
1590 921 1754 971 possint
1769 928 1829 956 se-

437 998 539 1026 cum
576 983 760 1026 trahere.
801 986 878 1027 Est
913 983 1028 1026 enim
1058 983 1184 1026 insita
1212 981 1518 1027 malevolentia
1549 981 1752 1043 quaedam
1786 992 1831 1028 ct

436 1053 647 1113 pernicies
675 1054 861 1097 nocendi
884 1054 973 1097 istis
996 1053 1116 1096 malis
1139 1053 1360 1112 spiritibus
1382 1073 1391 1098 :
1419 1052 1613 1112 gaudent
1634 1053 1688 1097 de
1714 1053 1829 1099 malo

438 1124 666 1168 hominum
683 1144 692 1180 3
710 1123 824 1167 etde
847 1123 1016 1168 fallacia
1041 1133 1201 1178 nostra,
1223 1125 1257 1167 si
1279 1140 1358 1168 nos
1378 1123 1626 1176 fefellerint,
1642 1140 1831 1184 pascun-

439 1203 528 1238 tur.
547 1197 603 1239 Et
621 1195 726 1255 quid
746 1200 981 1256 quaerunt?
1000 1198 1098 1240 Non
1119 1196 1276 1255 quibus
1294 1196 1339 1239 in
1360 1204 1574 1239 aeternum
1597 1195 1830 1240 dominen-

437 1275 510 1309 tur
527 1300 539 1313 ,
563 1266 637 1310 sed
662 1282 759 1310 cum
791 1267 950 1326 quibus
973 1267 1017 1310 in
1042 1275 1255 1310 aeternum
1286 1266 1551 1310 damnentur
1573 1285 1582 1311 z
1607 1268 1831 1326 quomodo

438 1336 546 1380 solet
588 1336 828 1381 malevolus
861 1338 972 1382 latro
1006 1337 1232 1382 nominare
1274 1337 1570 1382 innocentem.
1606 1338 1834 1398 Numquid

436 1408 470 1452 si
504 1408 636 1452 fuerit
663 1408 786 1452 vivus
824 1410 1046 1465 incensus,
1072 1409 1218 1453 minus
1240 1408 1389 1464 ardet,
1415 1410 1449 1454 si
1489 1408 1579 1454 duo
1610 1410 1829 1454 ardeant?

436 1479 581 1523 minus
604 1480 811 1534 moritur,
842 1481 876 1524 si
908 1479 997 1525 duo
1019 1481 1286 1524 moriantur?
1309 1484 1443 1524 Poena
1468 1479 1531 1524 illi
1556 1496 1645 1525 non
1666 1480 1830 1524 minui-

438 1558 508 1593 tur
526 1585 537 1602 ,
566 1550 642 1594 sed
664 1550 967 1595 malevolentia
990 1551 1194 1611 pascitur.
1220 1554 1393 1596 Mecum
1416 1551 1648 1606 moriatur,
1673 1566 1763 1595 non
1784 1566 1829 1595 se

437 1621 581 1664 minus
611 1622 874 1666 moriturum
900 1623 1047 1666 dicens
1063 1658 1074 1677 ,
1108 1621 1184 1666 sed
1207 1621 1410 1666 solatium
1428 1622 1563 1666 habet
1583 1621 1748 1666 malum
1766 1621 1830 1666 al-

436 1692 584 1736 terius.
627 1693 737 1737 Talis
770 1703 834 1737 est
869 1693 1092 1749 diabolus,
1122 1692 1328 1737 seducere
1354 1692 1451 1737 vult
1486 1691 1605 1748 illos,
1630 1693 1830 1753 quicum

435 1762 511 1808 illo
530 1764 783 1823 puniantur.
810 1767 867 1809 Et
887 1765 989 1824 quia
1011 1780 1102 1809 non
1124 1773 1267 1823 potest
1289 1762 1438 1807 fallere
1455 1762 1651 1824 judicem
1669 1766 1826 1820 Deum,

436 1837 548 1893 (non
562 1837 678 1880 enirn
695 1836 894 1880 nominat
907 1835 1025 1896 apud
1041 1836 1167 1880 illum
1190 1835 1486 1890 innocentem,
1498 1837 1515 1892 )
1527 1851 1629 1879 vera
1650 1834 1830 1880 crimina

437 1905 587 1950 volens
604 1907 766 1951 habere
788 1923 888 1967 quae
911 1907 1113 1968 objiciat,
1134 1916 1311 1966 peccata
1333 1905 1580 1966 persuadet.
1597 1909 1710 1951 Ecce
1727 1922 1829 1967 qua-

435 1976 498 2021 les
530 1976 729 2022 dominos
757 1978 838 2022 sibi
872 1977 1068 2034 faciunt,
1104 1979 1182 2038 qui
1204 1976 1357 2022 colunt
1384 1976 1500 2021 idola
1522 1985 1566 2020 et
1593 1975 1823 2022 daemonia.

440 2069 461 2091 «
495 2052 603 2103 Quae
631 2049 746 2094 enim
774 2049 1005 2095 immolant
1032 2051 1219 2105 Gentes,
1253 2049 1480 2093 daemoniis
1507 2047 1760 2104 immolant,
1784 2057 1828 2093 et

439 2139 460 2162 »
496 2136 585 2164 non
608 2124 697 2164 Deo
720 2140 728 2165 z
754 2120 858 2165 nolo
881 2137 954 2166 vos
977 2121 1114 2165 socios
1136 2120 1230 2164 fieri
1247 2119 1567 2164 daemoniorum
1583 2121 1614 2163 ¹.
1638 2137 1659 2162 »

495 2194 598 2235 XII.
630 2194 716 2237 Nos
736 2201 881 2236 autem
904 2192 1079 2253 qualem
1102 2195 1241 2236 Deum
1268 2191 1511 2235 hahemus?
1534 2190 1696 2235 Audite
1719 2190 1827 2251 quid

435 2271 657 2322 sequatur.
692 2264 804 2307 Cum
838 2263 954 2306 enim
983 2262 1157 2307 dixisset
1183 2282 1192 2306 ι
1226 2280 1246 2303 (ι
1271 2260 1614 2306 Confundantur
1645 2276 1823 2316 omnes,

440 2350 459 2373 »
475 2333 549 2392 qui
565 2332 748 2376 adorant
767 2332 998 2392 sculptilia,
1015 2333 1091 2393 qui
1109 2332 1348 2390 gloriantur
1364 2332 1409 2376 in
1423 2332 1662 2376 simulacris
1679 2331 1787 2376 suis:
1802 2349 1822 2373 »

437 2418 493 2446 ne
515 2403 748 2448 existerent
771 2405 893 2464 quasi
915 2403 1146 2448 reddentes
1169 2404 1381 2448 rationem
1415 2403 1470 2447 de
1493 2402 1729 2447 simulacris
1750 2438 1759 2458 ‚
1784 2412 1828 2447 et

438 2473 632 2518 dicerent
657 2494 665 2518 ε
691 2477 787 2519 Non
805 2474 986 2534 lapides,
1002 2475 1079 2519 sed
1100 2476 1280 2519 numina
1302 2474 1499 2520 colimus.
1516 2477 1623 2528 Quae
1644 2474 1826 2520 numina

439 2544 572 2590 colis?
590 2545 667 2589 Dic
689 2546 817 2600 mihi,
844 2545 1060 2591 daemonia
1083 2546 1211 2602 colis,
1233 2563 1289 2591 an
1308 2547 1482 2607 spiritus
1505 2547 1658 2601 bonos,
1678 2545 1826 2607 quales

490 2637 497 2651 ¹
526 2641 535 2659 l
565 2631 637 2662 Cor.
655 2641 689 2668 x,
707 2641 758 2672 19,
776 2640 827 2662 20.
