1926 3339
296 340 536 368 ENARRATio
569 343 583 367 1
615 342 660 368 IN
692 341 895 369 PSALMUM
929 343 1004 380 xe,
1039 342 1178 371 SEnMo
1211 348 1239 370 1.
1383 336 1466 375 303

82 404 230 460 stater,
259 405 380 466 quod
406 405 641 466 aliquando
669 407 836 450 invenis
857 407 1104 463 civitatem,
1129 409 1207 452 ubi
1229 410 1377 455 nullus
1405 422 1468 456 est

19 474 23 478 ’
82 478 306 533 Paganus‘?
336 479 473 522 Nemo
493 476 556 520 ibi
581 476 762 520 insultat
783 477 1029 522 Christiano
1050 479 1170 538 quod
1199 480 1468 525 Christianus

82 555 160 600 est,
185 547 285 606 quia
308 563 397 591 non
418 547 479 590 ibi
501 548 721 591 invenitur
742 551 941 607 Paganus
961 565 970 590 ι
993 549 1067 593 sed
1090 559 1191 593 sunt
1212 550 1338 594 multi
1356 550 1468 595 male

82 617 276 661 viventes
303 617 566 675 Christiani3
589 618 703 662 inter
727 634 836 679 quos
857 619 934 679 qui
956 619 1144 664 voluerit
1167 620 1276 664 bene
1294 621 1438 665 vivere
1454 656 1466 676 ,

82 695 126 730 et
145 687 260 731 inter
281 687 470 732 ebriosos
503 689 672 733 sobrius
699 705 813 743 esse,
846 699 890 734 et
912 691 1024 734 inter
1055 689 1306 736 fornicarios
1329 701 1470 736 castus

81 772 186 811 esse,
203 766 247 801 et
260 757 373 801 inter
384 758 651 803 consultores
662 760 1069 805 mathematicorum
1088 764 1225 805 Deum
1248 762 1471 806 sinceriter

81 826 224 870 colere
239 862 250 881 ‚
270 837 313 871 et
334 828 444 872 nihil
467 829 552 872 tale
574 830 793 889 requirere
809 865 820 884 ,
846 839 890 873 et
910 830 1024 874 inter
1044 840 1305 890 spectatores
1329 847 1470 890 nuga-

82 897 197 941 cium
225 898 495 943 theatrorum
526 899 715 943 noluerit
743 901 804 943 ire
827 900 907 944 nisi
936 901 991 944 ad
1014 901 1251 945 Ecclesiam
1269 936 1279 956 ,
1308 902 1472 960 patitur

81 967 356 1012 insultatores
374 969 487 1028 ipsos
505 970 793 1026 Christianos,
820 980 863 1014 et
885 971 1049 1030 patitur
1071 972 1204 1015 verba
1228 987 1401 1031 aspera:
1428 982 1471 1016 et

83 1037 236 1082 dicunt
257 1054 266 1079 τ
288 1042 471 1097 Magnus
493 1049 540 1083 tu
557 1075 568 1093 ,
588 1040 756 1100 justus,
778 1049 827 1084 tu
845 1056 888 1084 es
911 1040 1048 1096 Elias,
1082 1051 1131 1085 tu
1147 1057 1190 1085 es
1214 1045 1390 1096 Petrus,
1416 1041 1471 1085 de

83 1108 195 1153 coelo
207 1109 377 1153 venisti.
401 1109 643 1167 Insultant3
659 1126 938 1171 quocumque
955 1127 999 1155 se
1017 1111 1210 1167 verterit,
1232 1111 1354 1156 audit
1370 1112 1471 1156 hinc

83 1189 213 1239 atque
234 1180 336 1224 inde
358 1180 541 1225 verbum
566 1197 783 1240 asperum.
817 1182 945 1235 Quod
968 1181 1001 1225 si
1025 1182 1169 1236 timet,
1197 1191 1240 1225 et
1264 1181 1427 1226 recedit
1449 1197 1472 1225 a

83 1251 150 1294 via
173 1251 349 1306 Christi,
370 1251 487 1296 cadit
507 1253 552 1295 in
574 1252 751 1312 laqueos
773 1253 1042 1297 venantium.
1070 1252 1302 1306 Quomodo
1325 1262 1472 1296 autem

83 1337 183 1365 cum
207 1322 446 1366 audiuntur
459 1324 554 1366 haec
573 1323 729 1378 verba,
749 1339 838 1367 non
857 1323 1074 1367 receditur
1090 1339 1112 1367 a
1135 1323 1229 1368 via?
1247 1324 1363 1376 Quid
1385 1332 1468 1378 est,

83 1407 171 1436 non
190 1392 389 1437 recedere
402 1409 425 1438 a
438 1394 535 1438 via?
559 1393 745 1447 Quando
763 1393 886 1438 audit
906 1394 1038 1455 verba
1057 1409 1202 1453 aspera
1219 1428 1230 1449 ,
1257 1393 1375 1438 unde
1391 1393 1472 1438 sibi

82 1463 216 1507 habet
233 1462 375 1508 faeere
392 1465 592 1509 solatium
606 1500 616 1519 ,
638 1473 687 1508 ut
708 1480 797 1508 non
817 1474 939 1508 curet
960 1463 1092 1508 verba
1115 1479 1263 1522 aspera
1279 1499 1290 1518 ‚
1317 1480 1396 1508 nec
1411 1479 1476 1507 re·-

83 1532 209 1577 cedat
230 1550 254 1577 a
284 1535 352 1578 via
369 1569 379 1589 ,
410 1544 454 1578 et
481 1535 614 1578 intret
640 1550 718 1594 per
741 1536 947 1594 januam?
975 1534 1098 1578 Dicat
1120 1554 1128 1578 :
1155 1534 1309 1587 Qualia
1340 1535 1474 1579 verba

32 1632 34 1634 v
84 1603 237 1659 audio,
265 1620 437 1659 servus,
461 1607 687 1664 peccator?
717 1605 928 1649 Dominus
952 1620 1075 1648 meus
1096 1604 1264 1649 audivit
1289 1624 1298 1649 ε
1330 1624 1348 1646 «
1376 1608 1475 1649 Dae-

87 1693 107 1716 »
143 1675 340 1718 monium
352 1676 488 1719 habes
500 1677 529 1718 1.
549 1694 568 1717 η
585 1675 719 1720 Modo
733 1674 911 1719 audistis
933 1675 1117 1719 verbum
1134 1690 1335 1735 asperum
1354 1675 1476 1735 quod

85 1744 252 1789 dictum
280 1756 344 1790 est
364 1746 410 1789 in
433 1747 668 1790 Dominum
691 1765 699 1790 ε
721 1762 812 1790 non
834 1761 943 1805 opus
972 1755 1064 1790 erat
1090 1755 1139 1790 ut
1162 1745 1372 1790 Dominus
1390 1746 1475 1790 hoc

85 1817 255 1861 audiret
269 1852 279 1871 ‚
314 1818 390 1861 sed
412 1826 456 1860 te
478 1818 651 1862 monuit
679 1816 882 1861 adversus
901 1818 1035 1861 verba
1064 1832 1213 1876 aspera
1234 1832 1290 1861 ne
1312 1815 1476 1861 incidas

85 1888 130 1931 in
149 1887 327 1947 laqueos
345 1887 615 1932 venantium.

145 1959 198 2001 V.
224 1976 240 1997 «
264 1960 383 2002 Inter
413 1957 609 2017 scapulas
640 1973 738 2001 suas
772 1956 1054 2001 obumbrabit
1082 1957 1191 2011 tibi,
1218 1966 1261 2001 et
1290 1956 1372 2000 sub
1400 1956 1476 2000 alis

91 2048 108 2070 »
145 2029 235 2088 ejus
256 2028 446 2088 sperabis
460 2033 492 2072 ⁸².
509 2031 637 2073 »Hoc
660 2028 787 2083 dicit,
806 2043 861 2072 ne
879 2037 952 2071 tua
972 2028 1184 2087 protectio
1201 2044 1224 2071 a
1242 2036 1285 2071 te
1308 2027 1383 2071 tibi
1403 2027 1474 2081 sit,

86 2114 141 2143 ne
164 2108 290 2158 putes
311 2099 413 2159 quia
438 2108 486 2143 tu
514 2109 556 2143 te
581 2109 704 2158 potes
727 2108 952 2158 protegere
973 2115 982 2139 ε
1014 2098 1087 2142 ille
1110 2108 1152 2142 te
1176 2107 1402 2158 proteget,
1428 2106 1478 2141 ut

85 2179 233 2226 eruat3
271 2178 314 2213 et
343 2178 467 2213 eruet
497 2168 552 2213 de
573 2169 816 2229 muscipula
837 2170 1087 2212 venantium
1111 2204 1121 2223 ‚
1148 2178 1189 2212 et
1212 2185 1233 2212 a
1256 2168 1390 2212 verbo
1411 2183 1479 2211 as-

86 2255 207 2299 pero.
237 2258 257 2281 «
285 2242 403 2283 Inter
428 2239 620 2299 scapulas
642 2256 739 2284 suas
762 2239 1044 2283 obumbrabit
1065 2239 1167 2293 tibi⁷
1193 2257 1212 2279 »
1247 2247 1289 2281 et
1316 2255 1338 2281 a
1360 2247 1480 2295 tergo

87 2319 209 2369 potes
228 2308 470 2368 intelligere
488 2345 498 2364 ‚
522 2319 566 2354 et
587 2327 610 2354 a
632 2319 824 2369 pectore.
856 2308 1055 2369 Scapulae
1073 2309 1188 2352 enim
1214 2308 1325 2353 circa
1348 2316 1481 2366 caput

87 2389 204 2424 sunt.
232 2379 317 2425 Sed
334 2381 435 2440 quia
457 2380 560 2425 dicit
579 2400 587 2425 :
619 2400 639 2423 «
667 2381 758 2426 Sub
781 2379 858 2424 alis
881 2380 971 2440 ejus
989 2380 1180 2439 sperabis
1196 2414 1206 2433 ‚
1231 2397 1250 2419 n
1273 2377 1481 2422 manifes-

89 2460 183 2495 tum
208 2461 296 2506 est,
323 2451 425 2511 quia
452 2451 664 2510 protectio
690 2450 859 2495 alarum
883 2466 1169 2509 expansarum
1194 2448 1297 2493 facit
1324 2458 1364 2492 te
1392 2463 1482 2492 esse

89 2521 202 2566 inter
223 2521 418 2581 scapulas
440 2522 539 2576 Dei,
562 2530 612 2565 ut
627 2522 729 2566 hinc
751 2530 883 2581 atque
902 2521 1004 2565 hinc
1028 2520 1107 2564 alae
1137 2520 1216 2564 Dei
1243 2528 1284 2563 te
1318 2527 1483 2578 ponant

91 2592 137 2636 in
159 2591 302 2637 medio
321 2611 330 2637 ε
356 2602 399 2636 et
420 2608 509 2637 non
532 2592 701 2636 timebis
724 2607 779 2635 ne
801 2591 897 2652 quis
920 2591 998 2635 tibi
1026 2599 1208 2647 noceat3
1237 2598 1409 2633 tantum
1433 2597 1483 2633 tu

142 2683 150 2699 ¹
167 2678 259 2710 Joan.
280 2687 354 2718 vm,
374 2677 428 2718 48.
450 2693 492 2699 -
515 2683 528 2699 ²
553 2675 638 2708 Psal.
663 2687 713 2718 xe,
733 2674 764 2717 4.
