1926 3339
489 322 575 360 350
921 329 956 358 s.
990 332 1220 359 Anausnm
1251 332 1432 359 EPISCOPI

479 415 500 437 »
533 396 579 440 in
600 411 667 440 eo.
692 415 712 437 »
735 393 976 450 Attendite,
1001 394 1174 450 fratres,
1190 396 1224 439 si
1237 395 1420 454 plantati
1435 394 1534 438 estis
1553 394 1600 437 in
1622 394 1752 438 domo
1766 397 1855 439 Do·
1919 388 1926 403 ⁶

475 466 606 521 mini,
629 466 664 510 si
692 464 824 510 vultis
851 466 1005 510 florere
1027 466 1139 510 sicut
1171 465 1315 525 palma
1332 501 1343 519 ‚
1374 475 1418 509 et
1446 463 1725 523 multiplicari
1747 465 1862 509 sicut
1919 511 1926 523 .

477 535 632 581 cedrus
641 536 815 588 Libani,
832 545 875 579 et
886 551 975 579 non
992 550 1181 579 arescere
1191 536 1302 579 sicut
1320 533 1491 579 foenum
1508 532 1596 578 sole
1618 533 1861 579 candente:
1923 589 1926 598 .

475 607 588 651 sicut
601 607 646 650 hi
669 606 745 666 qui
761 605 963 650 videntur
975 606 1127 649 florere
1139 604 1227 649 sole
1241 605 1433 649 absente.
1454 606 1496 650 Si
1510 619 1610 663 ergo
1626 619 1714 648 non
1728 602 1861 648 vultis
1924 607 1926 612 '

477 692 567 721 esse
588 675 784 730 foenum,
819 674 896 719 sed
919 674 1062 734 palma
1092 684 1136 719 et
1155 674 1310 719 cedrus
1333 709 1344 730 ,
1380 676 1488 735 quid
1523 674 1865 719 annuntiabitis?
1897 722 1899 725 Α

481 765 503 789 «
536 746 753 799 Quoniam
770 754 913 790 rectus
934 745 1144 790 Dominus
1166 748 1304 800 Deus,
1332 754 1375 789 et
1398 760 1488 789 non
1511 753 1574 789 est
1592 745 1800 805 iniquitas
1820 744 1869 790 in

481 834 500 857 »
535 815 626 860 illo.
653 834 672 856 υ
698 814 927 868 Quomodo
957 831 1047 860 non
1074 824 1136 859 est
1164 815 1393 876 iniquitas?
1426 818 1563 860 Tanta
1596 814 1710 859 mala
1731 813 1862 870 facit,

478 901 605 930 sanus
626 895 691 930 est
705 919 716 941 ‚
737 885 847 930 filios
873 885 1008 930 habet
1021 921 1033 941 ‚
1063 885 1237 945 plenam
1260 884 1441 930 domurn
1455 919 1466 941 ‚
1487 884 1685 930 abundat
1702 884 1839 944 gloria
1854 919 1866 941 ,
1900 922 1901 925 ,

478 955 692 1001 exaltatur
721 956 961 1001 honoribus
988 992 1000 1012 ‚
1031 955 1087 1000 de
1113 956 1296 1001 inimicis
1330 956 1576 1001 vindicatur
1599 991 1610 1011 ,
1642 965 1686 1000 et
1720 955 1868 1000 omnia

481 1027 594 1072 mala
619 1027 852 1073 committit
882 1046 892 1072 ε
918 1025 1026 1072 alius
1052 1027 1261 1072 innocens
1286 1027 1352 1071 sui
1379 1027 1563 1085 negotii,
1588 1041 1678 1072 non
1700 1026 1872 1086 rapiens

481 1099 620 1143 aliena
631 1134 641 1154 ,
663 1114 753 1143 non
765 1107 917 1143 contra
928 1113 1196 1158 quemquam
1213 1097 1373 1142 faciens
1387 1133 1399 1153 ,
1413 1095 1583 1141 laborat
1599 1097 1646 1141 in
1661 1096 1865 1152 vinculis,

481 1170 527 1213 in
561 1168 806 1213 carceribus
827 1202 838 1223 ‚
875 1168 923 1211 in
957 1168 1103 1227 inopia
1132 1177 1288 1212 aestuat
1319 1178 1361 1212 et
1396 1167 1597 1227 suspirat.
1634 1165 1867 1220 Quomodo

486 1260 506 1282 «
540 1242 637 1285 Non
659 1249 723 1284 est
743 1239 948 1299 iniquitas
970 1239 1017 1283 in
1036 1241 1119 1284 eo?
1141 1242 1245 1283 Esto
1268 1238 1550 1299 tranquillus,
1575 1248 1617 1283 et
1638 1237 1869 1297 intelliges.

482 1313 592 1357 Nam
614 1310 900 1370 perturbaris,
922 1319 965 1354 et
980 1310 1027 1353 in
1048 1308 1254 1354 cubiculo
1272 1319 1350 1354 tuo
1378 1310 1583 1354 obscuras
1604 1309 1682 1354 tibi
1702 1309 1864 1354 lucem.

484 1379 668 1424 Radiare
689 1380 771 1424 tibi
799 1379 897 1424 vult
917 1389 1105 1424 aeternus
1128 1383 1264 1435 Deus,
1295 1379 1386 1424 noli
1411 1379 1489 1424 tibi
1511 1382 1650 1424 facere
1666 1378 1873 1423 nubilum

484 1450 538 1495 de
561 1451 904 1511 perturbatione.
930 1454 1035 1495 Esto
1056 1449 1317 1511 tranquillus
1337 1451 1384 1494 in
1404 1459 1447 1494 te
1463 1485 1475 1505 ‚
1496 1458 1539 1494 et
1551 1449 1651 1495 vide
1672 1448 1780 1512 quid
1794 1449 1874 1494 tibi
1894 1471 1898 1473 >

492 1521 649 1566 dicam.
676 1522 784 1576 Quia
812 1525 927 1567 Deus
951 1531 1137 1566 aeternus
1169 1531 1254 1577 est,
1287 1522 1390 1582 quia
1411 1520 1543 1566 modo
1567 1523 1705 1581 parcit
1730 1521 1875 1579 malis,

484 1592 706 1638 adducens
725 1593 821 1638 illos
835 1593 890 1637 ad
911 1593 1238 1653 poenitentiam3
1267 1593 1460 1653 flagellat
1485 1593 1622 1638 bonos
1639 1629 1650 1649 ‚
1672 1591 1873 1638 erudiens

483 1664 579 1718 illos
612 1663 668 1708 ad
690 1679 874 1724 regnum
902 1663 1142 1721 coelorum3
1173 1683 1190 1704 «
1219 1666 1318 1709 Non
1345 1674 1410 1709 est
1430 1665 1633 1726 iniquitas
1654 1665 1701 1708 in
1729 1679 1782 1709 eo
1805 1678 1816 1706 ε
1843 1681 1864 1706 »

484 1734 575 1779 noli
597 1735 761 1779 timere.
789 1738 902 1779 Ecce
924 1750 1004 1794 ego
1038 1734 1281 1793 flagellatus
1309 1750 1407 1779 sum
1435 1744 1633 1790 tantum,
1663 1734 1873 1780 manifes-

484 1815 579 1849 tum
601 1815 685 1860 est,
715 1806 926 1850 confiteor
943 1840 954 1860 ,
978 1805 1154 1864 peccavi
1181 1823 1189 1849 :
1216 1819 1307 1849 non
1333 1805 1450 1849 enim
1478 1803 1576 1850 dico
1600 1821 1669 1850 me
1685 1807 1870 1866 justum.

485 1878 579 1920 Hoc
596 1877 712 1920 enim
732 1875 886 1921 dicunt
902 1874 1113 1936 plerique.
1140 1875 1324 1929 Quando
1345 1885 1409 1920 est
1436 1875 1548 1921 [orte
1569 1877 1802 1938 quisquam
1825 1878 1871 1922 in

483 1945 627 2006 aliqua
655 1945 825 1990 miseria
842 1981 853 2000 ‚
887 1946 932 1989 in
961 1944 1184 1990 doloribus
1200 1981 1210 2000 ‚
1247 1946 1380 1991 intras
1411 1947 1625 1992 consolari
1651 1947 1776 1992 illum
1799 1966 1808 1993 :
1830 1957 1874 1992 et

481 2015 554 2060 ille
570 2051 580 2069 ‚
608 2015 787 2060 Peccavi
805 2050 816 2071 ‚
836 2015 998 2071 fateor,
1023 2025 1126 2060 sunt
1147 2026 1324 2075 peccata
1341 2032 1436 2061 mea
1450 2052 1460 2072 ‚
1482 2032 1670 2076 agnosco
1685 2016 1759 2062 illa
1771 2052 1782 2073 ‚
1797 2017 1874 2062 sed

482 2085 701 2146 numquid
726 2094 847 2130 tanta
878 2086 1073 2145 peccavi,
1113 2095 1278 2147 quanta
1306 2085 1410 2130 ille?
1445 2090 1540 2146 Ego
1574 2087 1675 2133 novi
1708 2096 1874 2148 quanta
1916 2145 1923 2151 η

481 2156 584 2202 fecit
600 2157 673 2201 ille
689 2192 700 2212 ,
737 2172 815 2215 ego
842 2157 945 2202 novi
962 2167 1124 2217 quanta
1142 2157 1358 2202 commisit
1384 2177 1393 2203 ε
1419 2168 1595 2218 peccata
1620 2175 1717 2204 mea
1739 2169 1869 2216 sunt,
1922 2168 1923 2171 ’

481 2226 621 2272 fateor
649 2227 723 2272 illa
745 2231 834 2272 Deo
851 2263 863 2283 ‚
895 2227 971 2272 sed
992 2229 1161 2273 minora
1183 2238 1284 2273 sunt
1306 2244 1439 2289 quam
1460 2229 1598 2286 illius,
1624 2239 1668 2275 et
1687 2246 1786 2275 ecce
1799 2229 1873 2276 ille

480 2297 588 2342 nihil
613 2298 715 2342 mali
735 2298 912 2358 patitur.
938 2298 1037 2344 Noli
1067 2298 1250 2352 turbari,
1275 2299 1536 2360 tranquillus
1559 2310 1651 2345 esto
1667 2335 1678 2355 ,
1701 2302 1872 2346 utscias

485 2388 506 2411 «
540 2369 755 2422 Quoniam
776 2377 917 2413 rectus
941 2369 1148 2413 Dominus
1163 2404 1173 2423 ,
1199 2377 1242 2413 et
1264 2384 1354 2413 non
1372 2379 1435 2414 est
1456 2370 1661 2431 iniquitas
1678 2372 1724 2415 in
1747 2386 1815 2416 eo.
1846 2391 1864 2412 η

481 2439 598 2492 Quid
613 2474 624 2494 ‚
650 2440 683 2483 si
704 2449 746 2483 te
763 2448 991 2498 propterea
1010 2439 1201 2497 flagellat
1217 2438 1370 2494 modo,
1398 2441 1500 2500 quia
1517 2457 1606 2485 non
1632 2441 1711 2486 tibi
1730 2450 1873 2486 servat

481 2509 627 2568 ignem
636 2509 1097 2568 sempiternum?Quid
1109 2510 1142 2554 si
1155 2508 1278 2552 illum
1291 2525 1398 2570 prop
1405 2520 1519 2554 terea
1527 2510 1707 2555 dimittit
1719 2510 1867 2566 modo,

481 2581 584 2639 quia
601 2579 828 2624 auditurus
840 2589 918 2633 est,
937 2599 957 2622 «
974 2582 1039 2623 Ite
1057 2580 1259 2638 inignem
1270 2589 1483 2624 aeternum
1495 2583 1513 2624 Ξ)
1529 2599 1548 2622 »
1568 2580 1652 2626 Sed
1665 2581 1869 2642 quando?

481 2651 595 2695 Cum
624 2659 672 2694 tu
694 2649 858 2710 positus
886 2647 1017 2694 fueris
1040 2649 1096 2694 ad
1121 2649 1364 2706 dexteram,
1396 2659 1502 2696 tunc
1526 2651 1695 2696 dicetur
1719 2653 1868 2712 positis
