1926 3339
4 235 8 312 ἔ

3 313 6 353 l

2 387 6 413 ,¹

2 437 5 484 l

0 617 3 647 l

374 345 615 373 ammiano
649 348 693 373 m
726 345 926 373 rsAmva
962 343 1133 370 Lxxxiv.
1366 331 1446 369 165

60 412 161 456 istos
174 411 421 470 accipimus,
444 409 563 471 quod
579 410 659 455 ait:
681 430 697 450 «
716 409 1225 469 .Avertisticaptivit'1³.ien1
1244 409 1408 453 Jacob?
1424 426 1443 448 n

58 485 127 528 An
148 481 261 526 forte
282 482 564 541 intelligimus
584 482 654 526 hic
679 482 805 526 aliam
829 480 1122 541 captivitatem
1136 515 1146 534 ,
1171 478 1226 523 de
1248 495 1334 539 qua
1354 494 1447 523 om-

57 568 131 596 nes
153 567 230 596 nos
247 552 449 596 volumus
473 552 681 596 liberari?
704 555 811 597 Nam
835 567 983 596 omnes
1009 551 1275 610 pertinemus
1298 549 1351 593 ad
1375 552 1448 593 Ja-

0 652 3 682 3
58 624 168 679 col),
190 624 222 667 si
259 624 528 683 pertinemus
561 622 617 667 ad
650 639 797 667 semen
828 623 1030 668 Abrahae.
1067 625 1159 666 Hoc
1194 621 1308 665 enim
1343 620 1449 664 dicit

0 686 2 736 ἶ
58 693 320 755 Apostolus:
347 714 366 736 «
394 698 444 738 In
468 698 584 738 Isaac
608 694 839 738 vocabitur
860 693 939 738 tibi
962 709 1108 738 semen
1136 712 1144 737 2
1175 691 1220 736 id
1242 700 1332 747 est,
1359 707 1449 736 non

0 777 1 823 ζ
60 786 77 807 »
112 766 158 810 hi
176 766 252 826 qui
274 765 351 809 filii
369 765 508 810 carnis
526 802 536 821 ,
563 766 608 810 hi
626 765 701 809 filii
724 766 827 819 Dei,
852 765 927 809 sed
949 764 1026 809 filii
1054 764 1347 824 promissionis
1370 763 1448 808 de·-

0 826 1 875 ἷ
55 853 76 875 »
94 846 305 896 putantur
317 837 361 880 in
374 839 557 881 semen‘.
568 836 692 880 »Filii
706 835 998 896 promissionis
1015 836 1060 878 in
1074 851 1221 879 semen
1234 834 1449 894 deputan-

54 917 147 963 tur,
174 907 442 952 offendendo
477 911 616 952 Deum
644 906 786 950 Judaei
808 905 1208 964 degeneraverunt3
1246 921 1323 949 nos
1346 921 1449 965 pro-

53 980 261 1023 merendo
301 982 438 1023 Deum
458 1013 469 1033 ,
516 978 571 1022 de
603 993 759 1036 genere
787 977 976 1031 Abrahae
1019 975 1120 1021 facti
1157 992 1331 1031 sumus,
1357 992 1448 1020 non

53 1049 317 1110 pertinentes
336 1049 389 1092 ad
407 1064 584 1092 carnem
599 1084 612 1103 ,
647 1046 723 1092 sed
745 1048 1010 1107 pertinentes
1031 1048 1086 1090 ad
1114 1048 1260 1090 fidem.
1287 1047 1449 1090 Imitati

54 1120 169 1164 enim
195 1119 327 1163 fidem
346 1154 357 1173 ,
383 1119 461 1162 filii
484 1117 587 1163 facti
609 1134 758 1162 sumus
793 1137 801 1162 :
830 1117 891 1161 illi
922 1126 1067 1161 autem
1099 1116 1407 1175 degenerando
1425 1134 1448 1161 a

54 1189 139 1234 fide
156 1225 167 1244 ,
193 1189 457 1233 exhaeredari
478 1191 877 1233 meruerunt.Nam
892 1224 901 1242 ,
928 1198 979 1232 ut
1000 1188 1202 1232 noveritis
1223 1188 1326 1248 quia
1347 1204 1448 1248 per-

53 1260 260 1304 diderunt
281 1259 420 1315 illud,
455 1258 576 1320 quod
610 1260 701 1303 nati
734 1268 857 1303 erant
896 1257 951 1302 de
991 1256 1374 1314 Abraham,⁷cum
1405 1274 1450 1303 se

53 1340 304 1390 arroganter
319 1331 535 1390 jactarent
552 1330 755 1374 audiente
786 1330 972 1374 Domino
995 1333 1099 1374 Jesu
1127 1330 1299 1374 Christo
1316 1366 1326 1385 ,
1355 1331 1448 1389 glo-

52 1403 211 1447 riantes
233 1402 287 1446 de
320 1402 555 1461 sanguine,
583 1411 626 1446 ct
647 1417 736 1446 non
758 1401 813 1445 de
834 1402 921 1448 vita
944 1411 987 1446 et
1009 1401 1204 1446 (licerent
1232 1402 1418 1446 Domino
1435 1437 1446 1456 ,

57 1493 77 1516 «
109 1476 196 1518 Nos
231 1482 400 1532 patrem
438 1472 654 1516 habemus
694 1472 914 1516 Abraham
941 1492 950 1516 ;
977 1491 996 1513 »
1031 1473 1090 1516 ait
1125 1472 1210 1516 illis
1239 1473 1449 1517 Dominus

51 1553 260 1604 tanquam
289 1542 682 1602 degenerantibus:
713 1562 732 1584 «
760 1543 803 1588 Si
840 1543 918 1586 filii
953 1543 1142 1587 Abrahae
1179 1543 1300 1594 estis,
1336 1543 1449 1588 facta

57 1633 75 1656 »
111 1614 300 1657 Abrahae
323 1612 453 1657 facite
469 1617 502 1656 2.
533 1634 550 1655 »
580 1613 622 1658 Si
652 1628 754 1672 ergo
775 1612 839 1656 illi
860 1622 1088 1674 propterea
1107 1614 1197 1672 jam
1228 1629 1316 1657 non
1336 1613 1412 1657 filii
1434 1649 1445 1669 ,

53 1684 157 1745 quia
197 1700 287 1729 non
314 1683 536 1729 faciebant
571 1683 683 1729 facta
720 1684 908 1729 Abrahae
926 1705 937 1742 3
982 1700 1060 1729 nos
1083 1693 1312 1744 propterea
1341 1684 1445 1740 filii,

52 1755 155 1816 quia
167 1753 348 1799 facimus
384 1753 497 1799 facta
522 1754 841 1809 Abrahae.Quae
863 1764 965 1799 sunt
986 1754 1099 1799 facta
1132 1756 1321 1800 Abrahae
1346 1771 1448 1816 quae

52 1825 265 1870 facimus?
298 1845 315 1865 «
342 1825 540 1869 Credidit
561 1835 707 1870 autem
734 1826 955 1870 Abraham
977 1830 1089 1881 Deo,
1120 1835 1164 1870 et
1186 1826 1446 1886 deputatum

55 1914 76 1937 »
93 1906 157 1940 est
172 1895 235 1939 illi
249 1895 303 1940 ad
317 1896 530 1956 justitiam
545 1897 576 1939 3.
602 1917 618 1937 »
637 1898 752 1953 Ergo
771 1911 922 1941 omnes
940 1896 995 1941 ad
1009 1896 1145 1941 Jacob
1159 1897 1443 1956 pertinemus,

52 1967 268 2010 imitantes
306 1966 494 2011 Abrahae
519 1965 678 2019 fidem,
718 1966 794 2026 qui
827 1966 1010 2010 credidit
1043 1971 1154 2021 Deo,
1191 1976 1234 2011 et
1260 1966 1448 2027 deputa-

52 2047 147 2081 tum
166 2046 230 2082 est
247 2036 311 2080 illi
335 2036 389 2081 ad
407 2038 638 2097 justitiam.
659 2040 850 2094 Quaeest
868 2053 969 2096 ergo
981 2037 1054 2082 illa
1066 2038 1307 2098 captivitas,
1329 2037 1448 2083 unde

53 2125 132 2153 nos
153 2108 357 2153 volumus
380 2108 578 2152 liberari?
598 2112 710 2152 Puto
727 2109 843 2152 enim
866 2109 1085 2152 neminem
1100 2118 1298 2154 nostrum
1315 2108 1448 2154 modo

53 2195 143 2225 esse
156 2180 272 2240 apud
287 2180 515 2234 Barbaros,
533 2196 614 2223 nec
633 2179 820 2240 aliquam
842 2191 1013 2239 gentem
1027 2181 1199 2224 irruisse
1214 2190 1423 2225 armatam
1436 2217 1446 2237 ,

53 2260 97 2295 et
117 2251 312 2310 captivos
335 2250 505 2294 duxisse
525 2266 618 2294 nos.
641 2250 724 2295 Sed
746 2250 878 2294 modo
895 2250 1077 2295 ostendo
1095 2251 1330 2311 quamdam
1352 2267 1451 2310 cap-

53 2322 266 2366 tivitatem
283 2357 294 2376 ,
319 2322 364 2365 in
385 2338 472 2381 qua
495 2323 725 2381 gemimus,
746 2330 788 2366 et
803 2321 921 2366 unde
943 2338 1021 2366 nos
1038 2321 1213 2366 liberari
1231 2323 1447 2382 cupimus.

55 2391 216 2436 Paulus
241 2391 464 2451 apostolus
486 2392 720 2453 procedat,
746 2392 836 2451 ipse
859 2391 979 2435 illam
999 2392 1115 2437 dicat
1139 2412 1146 2436 :
1167 2393 1220 2436 sit
1242 2393 1333 2452 ipse
1355 2408 1454 2451 spe-

54 2461 204 2506 culum
222 2472 419 2506 nostrum
437 2498 447 2516 ,
468 2461 541 2505 ille
565 2462 774 2521 loquatur
789 2498 798 2515 ,
827 2471 870 2505 et
893 2461 1295 2506 nosibivideamus.
1316 2466 1454 2507 Nemo

56 2541 119 2575 est
143 2532 257 2575 enim
281 2533 356 2591 qui
392 2548 481 2575 non
523 2533 592 2575 hie
618 2547 661 2575 se
704 2542 924 2590 agnoscat.
970 2533 1040 2576 Ait
1065 2547 1168 2590 ergo
1208 2532 1280 2576 ille
1304 2533 1456 2577 beatus

57 2602 304 2661 Apostolus,
325 2622 343 2643 «
365 2602 657 2647 Condelcetor
682 2603 794 2645 enim
811 2602 895 2660 legi
915 2603 993 2646 Dei
1015 2604 1250 2646 secundun)
1276 2604 1454 2647 interio-

104 2691 111 2708 ¹
131 2687 219 2717 Rom.
242 2697 286 2723 ix,
303 2697 334 2727 ς,
355 2688 386 2717 ὃ.
409 2704 448 2708 -—-
471 2694 482 2707 ²
499 2689 590 2717 Joan.
617 2698 658 2725 ιη,
682 2687 721 2727 3¹.)
763 2704 802 2708 —*
829 2685 939 2717 Βῆριν.
961 2697 1012 2726 xv,
1029 2688 1061 2724 (i,
1082 2691 1109 2717 vt
1133 2687 1201 2718 «3:11.
1226 2698 1270 2726 ni,
1289 2686 1320 2717 (i.
