1926 3339
416 310 657 339 ENAnnAno
688 312 734 338 ῙΝ
766 310 969 339 PsALMUM
1002 312 1153 338 Lxxnt.
1401 303 1451 340 91

77 375 222 436 gelus;
248 385 291 420 et
307 376 443 421 victor
460 377 591 420 homo
612 384 733 420 tenet
749 375 988 434 Angelum,
1009 385 1052 420 et
1072 375 1203 421 dicit:
1223 394 1243 419 «
1269 378 1367 422 Non
1387 377 1456 421 di-

77 463 98 488 »
132 446 303 490 mittam
328 455 391 500 te,
416 446 497 490 nisi
515 445 783 490 benedixeris
801 461 870 490 me
889 448 919 490 ¹.
947 464 967 487 n
994 449 1200 504 Magnum
1219 462 1456 491 sacramen-

73 527 182 562 tum.
204 519 260 561 Et
284 525 366 561 stat
387 517 547 572 victus,
573 526 615 560 et
646 516 867 560 benedicit
897 516 1122 561 victorem.
1144 518 1316 572 Victus,
1351 520 1454 577 quia

71 585 236 645 voluit3
277 602 404 631 carne
429 588 647 641 infirmus,
683 588 904 647 majestate
936 586 1072 631 fortis.
1109 590 1166 631 Et
1202 586 1452 643 benedixit,

75 676 95 700 «
128 658 384 713 Vocaberis,
412 658 580 718 inquit,
608 657 781 701 lsraew.
812 676 831 698 »
861 657 1015 715 Tetigit
1040 666 1185 701 tamen
1213 667 1257 702 et
1278 657 1453 703 femoris

69 727 342 773 latitudinem
357 763 368 784 ‚
395 737 438 772 et
461 728 599 783 aruit,
625 727 915 787 eumdemque
936 728 1158 772 hominem
1189 744 1328 773 unum
1350 728 1453 774 fecit

67 797 345 843 benedictum
370 807 412 843 et
433 798 657 843 claudum.
687 797 816 842 Vides
848 797 1110 842 claudicasse
1133 798 1345 857 populum
1373 802 1453 843 Ju-

67 868 261 913 daeorum
294 868 425 914 :vide
457 869 517 913 ibi
551 878 595 930 ct
634 868 915 912 benedictum
949 882 1083 925 genus
1121 868 1448 927 Apostolorum.

71 958 92 981 ‹<
124 939 274 984 Excita
302 955 402 997 ergo
434 939 674 999 potentiam
700 947 836 982 tuam.
865 957 884 979 »
911 937 1118 991 Quandiu
1147 938 1304 983 videris
1327 939 1450 983 infir-

64 1011 197 1054 mus?
230 1011 471 1055 Crucifixus
503 1025 555 1054 ex
592 1008 871 1064 infirmitate,
910 1023 1086 1067 resurge
1122 1009 1167 1052 in
1206 1010 1397 1053 virtute3
1432 1030 1442 1055 :

68 1098 89 1123 «
122 1081 271 1125 Excita
294 1080 533 1140 potentiam
558 1089 699 1134 tuam,
720 1088 763 1123 et
784 1079 905 1134 veni,
932 1088 982 1122 ut
999 1078 1137 1124 salvos
1159 1078 1288 1123 facias
1309 1095 1403 1124 nos.
1424 1098 1444 1122 »

124 1153 198 1195 IV.
229 1170 248 1192 υ
275 1155 388 1196 Deus
411 1160 615 1196 converte
652 1165 745 1194 nos.
777 1167 796 1191 »
822 1150 972 1194 Aversi
1006 1150 1122 1194 enim
1153 1166 1302 1194 sumus
1330 1168 1353 1195 a
1376 1160 1445 1207 te,

63 1231 105 1267 et
130 1223 210 1266 nisi
232 1232 280 1267 tu
305 1232 530 1268 convertas
546 1258 556 1277 ‚
583 1238 671 1266 non
695 1230 1015 1266 convertemur.
1041 1240 1060 1264 «
1086 1221 1356 1267 Etillumina
1380 1222 1449 1267 fa-

65 1310 84 1334 »
120 1293 230 1337 ciem
250 1302 368 1338 tuam
382 1329 391 1347 ‚
418 1302 460 1336 et
480 1292 585 1337 salvi
605 1292 764 1336 erimus
778 1293 810 1335 ⁴.
838 1309 858 1332 )›
879 1291 1105 1352 Numquid
1121 1292 1193 1336 ille
1215 1293 1447 1338 obscuram

61 1363 191 1408 habet
212 1364 392 1408 faciem?
419 1367 518 1408 Non
534 1364 668 1407 habet
690 1363 919 1407 obscuram
941 1362 1116 1418 faciem,
1149 1364 1224 1408 sed
1246 1365 1446 1424 apposuit

60 1434 99 1478 ei
130 1433 293 1478 nubem
318 1435 480 1489 carnis,
507 1443 549 1477 et
571 1443 780 1493 tanquam
802 1433 949 1478 velum
973 1433 1256 1490 infirmitatis,
1290 1444 1333 1479 et
1354 1450 1445 1480 non

60 1513 122 1548 est
143 1513 320 1563 putatus
342 1505 432 1563 ipse
449 1520 551 1548 cum
575 1502 785 1563 penderet
805 1503 849 1546 in
864 1503 1004 1560 ligno,
1026 1504 1326 1562 agnoscendus
1343 1521 1445 1549 cum

59 1575 226 1618 sederet
246 1575 291 1618 in
309 1575 436 1619 coelo.
462 1577 570 1620 Nam
593 1575 652 1618 ita
675 1573 839 1618 factum
863 1584 941 1618 est.
970 1578 1232 1620 Praesentem
1261 1577 1306 1620 in
1330 1585 1444 1620 terra

58 1646 275 1692 Christum
297 1655 340 1690 et
356 1645 565 1690 miracula
586 1645 818 1690 facientem
833 1661 923 1690 non
941 1646 1115 1704 agnovit
1136 1648 1281 1706 Asaph
1295 1681 1307 1703 ‚
1332 1662 1446 1692 mor-

58 1725 181 1762 tuum
207 1725 353 1761 tamen
378 1726 662 1777 posteaquam
680 1716 908 1760 resurrexit
931 1726 973 1761 et
995 1718 1247 1761 ascenditin
1262 1717 1440 1774 coelum,

57 1787 253 1847 agnovit,
275 1797 562 1848 compunctus
580 1797 664 1843 est,
685 1787 840 1831 dixerit
857 1797 901 1831 et
918 1787 973 1831 de
995 1787 1072 1832 illo
1092 1797 1236 1832 totum
1256 1789 1341 1833 hoc
1358 1798 1444 1833 tes—

56 1859 286 1903 timonium
301 1894 311 1914 ‚
333 1858 453 1919 quod
472 1858 603 1903 modo
620 1859 892 1918 agnoscimus
909 1859 955 1902 in
976 1859 1060 1903 hoc
1078 1859 1264 1904 Psalmo.
1290 1880 1311 1902 «
1335 1860 1444 1904 Illu-

57 1947 78 1971 »
111 1929 228 1973 mina
251 1928 406 1974 faciem
428 1939 549 1974 tuam
565 1965 575 1985 ,
603 1938 646 1973 et
667 1929 773 1973 salvi
795 1929 970 1973 erimus.
1002 1948 1023 1971 ³>
1050 1930 1264 1975 Obtexisti
1286 1931 1443 1975 faciem

57 2009 176 2045 tuam
193 2036 203 2056 ,
229 2010 273 2045 et
293 2001 597 2059 aegrotavimus
619 2019 628 2045 :
649 1999 846 2044 illumina
873 1999 1015 2056 illam,
1042 2010 1085 2045 et
1106 2000 1212 2046 salvi
1236 2002 1411 2046 erimus.

113 2073 166 2115 V.
195 2091 214 2113 «
238 2072 423 2116 Domine
442 2075 555 2116 Deus
582 2071 795 2115 virtutum
816 2087 1048 2131 usquequo
1071 2071 1263 2116 irasceris
1285 2073 1330 2116 in
1352 2088 1447 2117 ora-

0 2177 1 2203 }
61 2161 82 2186 »
117 2144 280 2188 tionem
310 2144 420 2188 servi
443 2144 564 2188 tuiss‘?
589 2163 609 2185 »
638 2146 732 2187 Jam
758 2143 868 2187 servi
891 2144 970 2187 tui.
999 2144 1255 2188 Irascebaris
1278 2144 1323 2187 in
1350 2160 1447 2188 ora-

56 2215 225 2259 tionem
239 2215 401 2259 inimici
417 2215 481 2259 tui
498 2251 507 2270 ,
530 2214 674 2258 adhuc
696 2214 888 2258 irasceris
908 2214 954 2257 in
967 2215 1207 2260 orationem
1221 2215 1331 2259 servi
1350 2215 1416 2259 tui
1429 2219 1447 2259 P

0 2302 1 2305 ’
63 2286 324 2331 Convertisti
346 2301 446 2341 1108,
474 2287 750 2345 agnovimus⁷
776 2295 820 2330 et
841 2286 984 2330 adhuc
1005 2285 1197 2330 irasceris
1220 2286 1263 2329 in
1283 2286 1446 2330 oratio-

55 2372 157 2401 nem
176 2358 284 2402 servi
310 2358 400 2401 tui?
420 2360 483 2401 Ita
501 2358 630 2417 plane
652 2358 866 2412 irasceris,
891 2367 942 2401 ut
958 2366 1081 2417 pater
1100 2357 1337 2415 corrigens,
1359 2372 1448 2402 non

58 2437 108 2472 ut
123 2428 261 2488 judex
278 2427 504 2472 damnans.
533 2431 596 2472 Ita
614 2428 743 2488 plane
766 2428 958 2472 irasceris
974 2463 984 2483 ‚
1011 2428 1112 2487 quia
1130 2428 1336 2488 scriptum
1357 2436 1420 2472 est
1437 2447 1445 2472 z

20 2489 22 2493 ’
70 2516 90 2539 »
125 2498 226 2554 Fili,
246 2499 453 2543 accedens
469 2498 523 2542 ad
538 2499 790 2543 servitutem
802 2499 896 2553 Dei,
913 2508 976 2543 sta
989 2499 1032 2543 in
1041 2498 1203 2559 justitia
1218 2507 1263 2542 et
1275 2498 1445 2553 timore,

97 2600 105 2616 ¹
125 2595 204 2625 Gen.
224 2605 321 2635 xxxii,
339 2595 392 2626 26.
416 2612 454 2616 -—
469 2601 482 2616 2
508 2594 589 2626 Ibid.
605 2594 659 2626 25.
685 2611 725 2616 —
743 2593 755 2617 3
771 2604 789 2626 2
810 2597 881 2627 Cor.
904 2606 972 2636 xm,
991 2594 1024 2636 4.
1039 2612 1080 2618 -
1095 2593 1110 2624 4
1123 2594 1201 2626 Psal.
1223 2606 1328 2635 nxrx,
1349 2593 1380 2634 4.
1396 2611 1438 2615 —
1473 2632 1480 2637 -

53 2645 67 2671 5
91 2648 160 2681 Ibid
182 2649 212 2681 5.
