1926 3339
453 239 532 276 116
877 244 910 271 s.
948 242 1177 271 monstrum
1210 240 1390 268 zmscopr

449 333 470 356 «
504 316 598 371 Ego
632 312 747 355 enim
781 325 877 354 sum
911 307 1120 352 Dominus
1155 310 1268 350 Deus
1300 304 1444 348 tuus¹.
1476 301 1586 354 Quia
1613 314 1693 357 ego
1724 312 1819 341 sum

449 403 468 424 »
505 383 581 442 qui
595 396 734 426 sum.»
749 382 806 423 Et
827 393 905 436 ego
922 376 1100 437 quidem
1122 390 1239 429 sum,
1263 373 1428 432 inquit,
1453 371 1530 431 qui
1551 383 1647 414 sum
1663 402 1674 422 ,
1692 382 1821 426 super

446 466 621 497 omnem
652 458 891 493 creaturam
917 466 926 491 2
952 446 1032 490 tibi
1065 454 1210 489 tamen
1245 440 1540 502 temporaliter
1572 436 1681 498 quid
1711 452 1824 497 prae-

445 521 561 566 stiti?
591 539 613 562 «
644 519 726 571 Qui
747 517 878 561 eduxi
898 525 940 560 te
961 515 1016 559 de
1038 524 1151 558 terra
1173 513 1368 572 AEgypti.
1398 530 1418 552 »
1448 513 1547 556 Non
1568 507 1630 552 illi
1653 515 1826 551 tantum

446 589 610 651 populo
623 588 796 632 dicitur.
810 587 971 631 Omnes
983 584 1098 627 enim
1113 583 1260 626 educti
1273 596 1420 626 sumus
1439 580 1493 624 de
1504 590 1615 624 terra
1627 576 1823 636 AEgypti,

447 675 596 705 omnes
608 673 685 717 per
705 671 825 700 mare
846 655 1048 699 Rubrum
1064 652 1362 706 transivimus,
1386 649 1550 694 inimici
1570 647 1708 692 nostri
1729 661 1828 706 per-

446 736 676 789 sequentes
703 740 781 769 nos
802 724 849 768 in
873 738 986 783 aqua
1012 722 1250 782 perierunt.
1276 723 1374 764 Non
1401 719 1532 763 simus
1552 716 1710 775 ingrati
1738 718 1829 760 Deo

447 808 595 844 nostro
609 832 620 854 ,
640 812 731 842 non
744 794 1054 841 obliviscamur
1068 795 1211 837 Deum
1228 799 1498 844 manentem,
1515 798 1558 832 et
1570 787 1831 832 fabricemus

447 871 494 915 in
510 868 636 914 nobis
648 871 789 912 Deum
801 874 1035 910 recentem.
1061 862 1177 915 «Qui
1194 861 1323 905 eduxi
1334 870 1375 905 te
1390 859 1445 903 de
1461 869 1575 903 terra
1589 857 1770 917 AEgypti
1784 875 1795 901 ς
1808 875 1829 899 »

449 939 644 1000 loquitur
680 940 815 991 Deus,
845 954 863 975 «
896 933 1037 979 Dilata
1065 948 1112 977 os
1134 941 1286 987 tuum,
1314 939 1357 974 et
1382 928 1631 988 adimplebo
1653 925 1780 971 illud.
1808 944 1831 967 η

449 1009 681 1068 Angustias
706 1005 866 1066 pateris
887 1005 932 1048 in
954 1013 997 1048 te
1018 1012 1197 1063 propter
1224 1001 1357 1046 deum
1379 1008 1597 1044 recentem
1620 997 1836 1042 constitu-

451 1090 547 1125 tum
565 1080 612 1122 in
632 1076 762 1122 corde
784 1086 891 1133 tuo,
917 1075 1068 1133 frange
1093 1088 1255 1118 vanum
1283 1071 1586 1124 simulacrum,
1619 1067 1758 1128 dejice
1782 1066 1837 1112 de

452 1149 715 1196 conscientia
732 1156 807 1191 tua
828 1147 980 1190 fictum
997 1143 1166 1189 idolum
1183 1162 1193 1189 ι
1213 1162 1233 1185 «
1258 1141 1399 1188 Dilata
1412 1157 1458 1186 os
1479 1151 1628 1195 tuum,
1654 1157 1675 1180 n
1696 1138 1839 1182 confi-

453 1219 611 1274 tendo,
638 1216 825 1261 amando
851 1235 860 1260 :
886 1234 906 1257 «
930 1217 987 1258 Et
1009 1213 1258 1273 adimplebo
1279 1212 1415 1268 illud,
1443 1231 1463 1254 »
1489 1209 1698 1272 quoniam
1721 1208 1840 1268 apud

457 1305 528 1334 me
551 1287 648 1332 fons
669 1287 771 1330 vitae
784 1289 818 1329 ².

513 1359 633 1402 XVI.
661 1357 754 1399 Hoc
783 1353 961 1414 quidem
990 1352 1097 1397 dicit
1124 1352 1355 1406 Dominus,
1381 1350 1457 1395 sed
1487 1349 1596 1411 quid
1621 1349 1842 1410 sequitur?
1908 1327 1926 1375 ‚²

460 1447 481 1471 «
504 1430 562 1471 Et
584 1441 674 1470 non
696 1423 924 1470 obaudivit
953 1422 1142 1483 populus
1165 1438 1287 1467 meus
1310 1437 1460 1466 vocem
1482 1436 1624 1464 meam
1639 1422 1670 1464 ³.
1699 1439 1718 1462 n
1746 1423 1843 1465 Non

460 1498 575 1542 enim
600 1495 854 1555 loqueretur
875 1494 954 1537 ista
969 1528 980 1548 ,
1009 1493 1091 1537 nisi
1113 1492 1277 1552 populo
1295 1508 1389 1536 suo.
1417 1492 1583 1536 Scimus
1610 1491 1726 1535 enim
1743 1491 1845 1550 quia
1908 1475 1926 1538 {]

460 1580 749 1628 quaecumque
772 1567 860 1608 Lex
883 1563 1014 1618 dicit,
1038 1563 1104 1607 his
1127 1563 1202 1623 qui
1222 1562 1268 1606 in
1296 1565 1410 1621 Lege
1431 1570 1531 1606 sunt
1552 1561 1658 1605 dicit
1676 1563 1707 1604 ⁴.
1745 1580 1766 1603 «
1790 1563 1848 1606 Et
1908 1567 1926 1594 :⁴

466 1658 485 1681 »
520 1652 610 1680 non
623 1633 849 1680 obaudivit
866 1632 1054 1693 populus
1070 1648 1191 1676 meus
1205 1647 1356 1676 vocem
1368 1647 1511 1676 meam
1528 1651 1536 1676 :
1555 1641 1598 1676 et
1614 1630 1743 1675 Israel
1757 1646 1848 1675 non

466 1727 486 1750 »
521 1706 710 1751 intendit
730 1704 891 1749 mihi.»
931 1704 1061 1757 Quis?
1091 1704 1188 1748 cui?
1214 1722 1234 1745 «
1267 1702 1398 1747 Israel
1422 1703 1542 1746 mihi.
1572 1720 1591 1742 »
1613 1703 1649 1746 Ο
1679 1702 1850 1760 ingrata

464 1776 629 1823 anima!
652 1779 733 1820 Per
749 1790 818 1818 me
841 1774 983 1818 anima
999 1809 1009 1828 ,
1031 1789 1053 1817 a
1072 1789 1141 1817 me
1158 1783 1309 1817 vocata
1331 1773 1474 1817 anima
1489 1807 1500 1827 ,
1527 1789 1550 1816 a
1572 1788 1642 1816 me
1658 1773 1705 1816 in
1729 1788 1849 1832 spem
1909 1784 1926 1817 μ]

465 1846 667 1900 reducta,
694 1861 717 1889 a
736 1859 805 1887 me
826 1860 849 1888 a
871 1843 1059 1902 peccatis
1080 1841 1254 1887 abluta:
1275 1862 1294 1884 «
1321 1845 1377 1886 Et
1397 1841 1530 1886 Israel
1550 1857 1642 1886 non
1662 1842 1851 1888 intendit

469 1935 491 1958 ι)
516 1915 666 1960 mihi.»
683 1914 961 1973 Baptizantur
972 1912 1088 1956 enim
1106 1921 1149 1956 et
1163 1921 1386 1956 transeunt
1399 1926 1475 1971 per
1491 1927 1609 1957 mare
1624 1913 1849 1958 Rubrum:

466 1986 542 2031 sed
562 1985 609 2028 in
633 1984 702 2027 via
723 1990 1019 2037 murmurant,
1051 1981 1380 2037 contradicunt,
1406 1992 1760 2042 conqueruntur,
1785 1998 1854 2027 se-

469 2054 705 2099 ditionibus
733 2052 1076 2107 conturbantur,
1104 2051 1262 2110 ingrati
1283 2052 1322 2095 ei
1345 2051 1421 2111 qui
1441 2051 1641 2097 liberavit
1662 2068 1685 2096 a
1707 2068 1854 2112 perse-

471 2124 707 2185 quentibus
728 2123 949 2177 hostibus,
980 2122 1057 2182 qui
1078 2121 1200 2165 ducit
1228 2137 1305 2181 per
1326 2121 1512 2177 siccum,
1538 2138 1614 2181 per
1635 2138 1851 2179 eremum,
1910 2154 1926 2180 ;.

472 2211 574 2241 cum
591 2196 688 2239 cibo
706 2203 852 2237 tamen
870 2202 912 2236 et
924 2202 1032 2252 potu
1048 2227 1059 2245 ‚
1080 2208 1181 2236 cum
1197 2192 1362 2236 lumine
1383 2202 1601 2238 nocturno
1618 2203 1662 2238 et
1675 2194 1855 2239 umbra·
1910 2208 1926 2253 J·

475 2267 573 2312 culo
596 2266 753 2309 diurno
775 2283 784 2308 ι
812 2283 832 2306 ‹<
855 2266 913 2308 Et
935 2263 1065 2307 Israel
1084 2279 1172 2308 non
1195 2262 1382 2308 intendit
1402 2264 1524 2308 mihi.
1553 2283 1573 2306 »

532 2338 675 2381 XVII.
705 2354 725 2377 «
750 2338 806 2378 Et
830 2333 971 2378 dimisi
993 2350 1063 2378 eos
1085 2333 1326 2377 secundum
1347 2333 1597 2378 affectiones
1615 2336 1756 2380 cordis
1779 2352 1856 2382 eo-
1910 2346 1926 2370 ³·

482 2430 500 2451 »
537 2408 677 2451 rum5.
708 2423 726 2445 »
758 2407 870 2448 Eece
905 2403 1094 2447 torcular
1117 2423 1124 2448 ε
1147 2412 1293 2462 aperta
1326 2413 1427 2448 sunt
1454 2403 1688 2461 foramina,
1724 2407 1860 2452 currit
1923 2445 1926 2451 .

527 2509 534 2525 ¹
555 2501 744 2540 Psal.1,xxx‚
767 2511 818 2532 11.
837 2515 878 2521 —-
900 2499 973 2532 21d.
995 2508 1092 2538 xxxv,
1115 2509 1162 2530 10.
1183 2496 1430 2539 —31d.1·xxx,
1459 2508 1507 2531 12.
1529 2517 1566 2522 —
1585 2499 1600 2530 4
1619 2503 1710 2533 Rom.
1734 2513 1785 2543 ιιι,
1808 2514 1855 2544 is).
1909 2510 1926 2538 «ᾗ,

480 2575 521 2582 --
540 2556 553 2580 ⁵
575 2556 653 2590 [⁸521.
671 2566 765 2597 Lxxx,
784 2555 834 2587 13.
