1926 3339
466 242 520 278 32
900 249 932 274 s.
969 247 993 273 A
1002 247 1200 273 mensum
1233 243 1413 271 Emscom

468 335 487 357 »
524 325 610 360 tem
637 314 836 360 vivebam
863 311 1094 371 aliquando
1122 311 1212 354 sine
1244 312 1357 366 Lege
1383 326 1391 351 :
1422 304 1682 350 adveniente
1703 315 1849 351 autem

467 405 487 427 »
524 384 750 438 mandato,
772 392 997 443 peccatum
1016 380 1184 424 revixit.
1209 397 1229 419 »
1251 381 1363 422 Ecce
1380 375 1500 436 quod
1517 376 1770 421 suscitatum
1787 386 1851 421 est

464 471 541 515 per
565 453 876 498 Testimonium
891 487 902 506 ‚
927 450 1046 510 quod
1068 459 1131 493 est
1153 452 1241 492 Lex
1256 482 1268 502 ,
1293 456 1343 490 ut
1375 456 1580 505 appareat
1601 445 1723 506 quod
1743 446 1852 491 late-

464 526 560 580 bat,
585 525 696 568 sicut
712 522 843 582 paulo
857 530 955 580 post
976 520 1081 563 dicit
1106 538 1115 562 ;
1142 537 1161 560 «
1188 517 1273 562 Sed
1303 525 1529 576 peccatum
1545 551 1556 572 ‚
1581 525 1630 560 ut
1646 526 1852 576 appareat

465 615 485 637 »
521 603 746 654 peccatum
761 628 772 647 ‚
797 608 873 651 per
890 592 1056 635 bonum
1070 589 1176 632 mihi
1193 596 1420 647 operatum
1438 597 1502 631 est
1518 596 1703 631 mortem
1717 589 1749 631 ¹.
1771 590 1854 632 Po-

465 684 485 706 »
520 665 604 708 suit
627 672 772 706 autem
795 665 954 719 Legem
968 695 980 715 ‚
1011 679 1028 700 »
1050 657 1218 702 dictum
1240 666 1326 712 est,
1349 666 1557 717 tanquam
1571 658 1727 717 jugum
1749 672 1852 717 pec-

462 735 679 779 catoribus
696 731 839 776 :unde
858 730 1018 774 dicitur
1035 764 1046 785 ,
1071 747 1090 771 «
1111 729 1217 782 Quia
1232 729 1351 788 justo
1372 744 1462 773 non
1481 737 1544 772 est
1565 726 1633 771 lex
1645 727 1849 786 positae.»

463 803 777 848 Testimonium
798 810 862 845 est
880 800 1035 859 igitur,
1065 799 1111 843 in
1131 807 1344 859 quantum
1366 797 1532 858 aliquid
1552 797 1730 857 probat3
1763 800 1853 842 Lex

462 884 637 929 autem,
677 874 723 917 in
757 881 972 933 quantum
986 871 1136 931 jubet3
1177 885 1278 914 cum
1300 869 1354 913 sit
1374 884 1459 912 una
1499 868 1740 928 eademque
1767 883 1848 913 res.

462 945 669 999 Quocirca
690 944 802 988 sicut
829 942 937 1002 lapis
966 941 1188 995 Christus,
1224 940 1302 984 sed
1334 938 1614 983 credentibus
1640 939 1686 982 in
1720 948 1854 998 caput

461 1015 633 1074 anguli³
649 1050 661 1069 ‚
682 1030 772 1058 non
794 1012 1074 1058 credentibus
1098 1020 1244 1055 autem
1266 1009 1374 1068 lapis
1398 1008 1650 1053 offensionis
1664 1018 1707 1053 et
1729 1018 1853 1069 petra

460 1084 651 1129 scandali
669 1103 678 1128 :
695 1085 754 1128 ita
778 1082 1089 1127 Testimonium
1103 1081 1227 1139 Legis
1245 1080 1319 1133 eis,
1335 1079 1411 1138 qui
1429 1081 1544 1137 Lege
1560 1094 1648 1123 non
1660 1079 1851 1136 legitime

464 1164 646 1198 utuntur
666 1189 676 1209 ,
713 1152 1024 1197 Testimonium
1070 1161 1133 1195 est
1167 1166 1254 1210 quo
1295 1149 1612 1193 convincantur
1639 1148 1852 1209 puniendi

460 1234 708 1285 peccatores
725 1245 736 1281 3
753 1224 818 1267 his
834 1238 936 1266 vero
949 1222 1085 1282 quiea
1104 1221 1296 1280 legitime
1313 1229 1515 1274 utuntur,
1539 1220 1853 1264 Testimonium

460 1303 522 1338 cst
543 1310 631 1354 quo
650 1293 972 1337 demonstratur
987 1291 1042 1335 ad
1055 1307 1186 1351 quem
1202 1291 1418 1335 liberandi
1432 1290 1668 1349 confugere
1690 1289 1853 1334 debent

459 1374 719 1424 peccatores.
763 1382 782 1404 «
821 1366 872 1406 In
901 1364 991 1422 ejus
1020 1363 1135 1405 enim
1163 1361 1297 1420 gratia
1328 1370 1392 1405 est
1413 1361 1580 1422 justitia
1605 1361 1704 1415 Dei,
1729 1359 1852 1404 testi-

464 1453 484 1476 »
521 1435 718 1479 monium
740 1434 906 1477 habens
925 1449 948 1476 a
977 1436 1091 1491 Lege
1119 1441 1162 1476 et
1189 1432 1438 1491 Prophetis,
1476 1448 1563 1493 qua
1589 1431 1853 1492 justificatur

465 1524 486 1547 »
523 1506 680 1565 impius
708 1525 718 1548 2
756 1520 890 1564 quam
921 1503 1100 1563 quidam
1130 1503 1402 1561 ignorantes,
1436 1513 1479 1547 et
1505 1519 1628 1547 suam
1657 1502 1853 1547 volentes

463 1596 483 1618 »
519 1576 780 1621 constituere
797 1611 807 1629 ‚
828 1575 1004 1635 justitiae
1024 1574 1099 1618 Dei
1118 1590 1207 1618 non
1219 1584 1321 1618 sunt
1338 1575 1522 1634 subjecti
1540 1576 1571 1617 4.
1591 1592 1611 1615 >›

520 1649 642 1690 VIII.
663 1664 682 1687 «
710 1648 882 1698 Quanta
897 1681 907 1700 ‚
933 1645 1097 1705 inquit,
1122 1644 1347 1689 mandavit
1368 1645 1563 1704 patribus
1576 1644 1854 1689 nostrisaiota

463 1735 483 1758 »
519 1715 659 1761 facere
682 1732 731 1760 ea
756 1715 852 1759 filiis
875 1716 988 1759 suis?
1013 1718 1066 1759 Ut
1081 1724 1313 1774 cognoscat
1335 1715 1555 1774 generatio
1579 1715 1734 1770 altera,
1754 1715 1853 1759 filiis

465 1807 485 1828 »
521 1789 597 1848 qui
619 1796 852 1831 nascentur
869 1796 912 1830 et
934 1795 1166 1845 exurgent,
1193 1796 1236 1831 et
1252 1796 1430 1830 narrent
1446 1786 1542 1830 filiis
1564 1786 1665 1830 suis.
1692 1788 1750 1830 Ut
1770 1802 1854 1846 po-

464 1876 485 1899 »
520 1866 627 1901 nant
655 1857 701 1900 in
723 1860 811 1901 Deo
832 1872 952 1916 spem
975 1872 1118 1912 suam,
1146 1865 1189 1900 et
1224 1872 1313 1900 non
1335 1856 1647 1901 obliviscantur
1668 1871 1854 1916 operum

463 1946 483 1969 »
520 1928 622 1982 Dei,
648 1936 691 1971 et
712 1926 917 1970 mandata
956 1927 1047 1986 ejus
1068 1927 1312 1986 exquirant.
1338 1928 1400 1971 Ne
1424 1927 1552 1982 fiant,
1578 1926 1688 1970 sicut
1710 1935 1853 1986 patres

465 2017 485 2039 n
520 2011 696 2052 eorum⁷
722 1998 939 2055 generatio
967 2013 1097 2056 prava
1129 2006 1172 2042 et
1192 1997 1428 2041 amaricans
1460 2012 1470 2038 τ
1506 1997 1725 2055 generatio
1751 2012 1853 2058 quae

464 2087 484 2110 »
519 2084 592 2112 cor
614 2083 704 2112 non
733 2067 888 2111 direxit
910 2070 925 2094 ⁵
956 2082 1081 2111 suum
1099 2102 1110 2121 ,
1136 2076 1180 2111 et
1208 2083 1299 2111 non
1329 2076 1392 2111 est
1414 2068 1604 2111 creditus
1637 2083 1738 2112 cum
1762 2071 1853 2113 Deo

463 2156 482 2179 n
519 2138 693 2197 spiritus
713 2138 834 2197 ejus?
858 2158 874 2178 »
898 2140 1002 2181 Haec
1019 2137 1153 2180 verba
1174 2135 1370 2181 indicant
1386 2136 1496 2182 duos
1513 2138 1704 2197 quodam
1719 2138 1853 2183 modo

461 2207 646 2267 populos
663 2242 674 2261 ‚
707 2207 892 2250 alterum
915 2206 970 2250 ad
1005 2209 1140 2250 Vetus
1160 2241 1171 2261 ‚
1202 2206 1388 2251 alterum
1415 2207 1471 2251 acl
1503 2210 1675 2253 Novum
1702 2211 1852 2253 Testa-

461 2289 660 2323 mentum
682 2279 973 2338 pertinentem
999 2297 1008 2322 :
1028 2293 1128 2321 nam
1150 2277 1272 2338 quod
1290 2278 1374 2332 ait,
1396 2297 1415 2320 ‹<
1435 2281 1609 2331 Quanta
1629 2278 1853 2324 mandavit

464 2368 484 2391 n
521 2348 716 2409 patribus
746 2349 924 2404 nostris⁷
956 2358 1059 2392 nota
1090 2347 1232 2393 facere
1249 2364 1300 2393 ea
1324 2349 1421 2393 filiis
1453 2349 1562 2405 suis,
1598 2368 1619 2391 »
1646 2349 1852 2395 mandata

464 2436 535 2465 eos
557 2420 767 2480 accepisse
790 2419 917 2474 dixit,
949 2439 969 2461 «
994 2422 1104 2464 Nota
1125 2418 1267 2463 facere
1291 2436 1339 2463 ea
1357 2418 1454 2464 filiis
1476 2420 1583 2476 suis,
1619 2439 1640 2462 »
1665 2436 1756 2465 non
1781 2430 1850 2466 ta-

512 2524 520 2540 ¹
542 2520 633 2549 Rom.
661 2526 715 2557 vn,
731 2516 765 2556 8,
783 2527 804 2557 9
818 2521 851 2548 et
870 2517 920 2548 13.
939 2533 981 2538 -
1006 2523 1018 2538 ²
1047 2528 1058 2548 1
1086 2517 1164 2549 Tim.
1184 2529 1209 2559 1,
1224 2528 1257 2560 9.
1274 2535 1316 2541 --
1339 2516 1352 2541 3
1373 2517 1455 2551 Psal.
1470 2529 1569 2561 cxvn,
1588 2528 1643 2552 22.
1662 2536 1703 2542 —-
1721 2517 1738 2544 4
1756 2522 1846 2553 Rom.

463 2584 495 2614 x,
518 2572 549 2604 3.
573 2588 612 2594 —-
637 2570 745 2603 5Psal.
767 2583 882 2613 nuru,
900 2571 975 2604 5-8.
