1926 3339
373 330 616 364 ENARRA‘rm
647 336 694 363 m
725 333 928 363 PSALMUM
960 336 1128 364 Lxxxw.
1349 327 1424 366 171

51 423 72 446 »
108 403 183 448 det
199 402 312 463 quis,
337 401 447 462 quid
463 405 636 462 sperat?
659 403 702 448 Si
720 411 866 447 autem
887 401 1008 463 quod
1024 418 1114 447 non
1130 403 1326 448 videmus
1341 419 1435 463 spe-

52 491 74 516 »
107 488 269 528 ramus,
286 487 363 532 per
379 472 631 532 patientiam
656 482 931 532 expectamus
945 475 974 517 1.
985 491 1005 514 »
1024 471 1141 526 Quid
1156 473 1271 517 enim
1288 489 1435 533 expec-

49 553 190 588 tamus
212 558 290 603 per
316 543 569 602 patientiam
587 578 597 597 ‚
627 543 708 587 nisi
731 543 878 588 videre
902 542 1022 604 quod
1039 542 1285 587 credimus?
1301 543 1435 588 Modo

49 614 168 659 enim
202 612 419 658 eredimus
452 614 573 673 quod
595 629 685 658 non
711 613 909 659 videmus
942 633 951 659 :
985 612 1284 673 permanendo
1315 613 1361 657 in
1383 629 1435 658 eo

51 683 171 746 quod
198 683 422 729 credentes
450 700 540 729 non
576 684 773 729 videmus
791 721 802 740 ‚
842 679 1106 729 merebimur
1132 685 1280 729 videre
1315 684 1437 745 quod

50 754 281 801 credimus.
319 758 550 814 Propterea
589 758 778 799 Joannes
806 756 852 799 in
889 755 1083 814 Epistola
1113 771 1191 799 sua
1221 754 1329 815 quid
1351 755 1437 798 ait?

55 845 74 868 «
108 825 402 880 Dilectissimi‚
428 825 505 869 filii
527 826 603 870 Dei
626 841 774 870 sumus
790 861 800 881 ‚
827 834 870 869 et
892 825 1089 870 nondum
1108 825 1309 885 apparui-t
1329 824 1439 885 quid

53 914 75 938 »
109 896 270 940 erimus
286 900 318 940 2.
338 896 478 950 »Quis
500 912 589 940 non
601 894 765 940 exultet
781 931 792 950 ‚
823 895 857 939 si
880 896 1024 940 subito
1046 895 1189 939 nescio
1219 895 1289 939 cui
1310 911 1438 955 pere-

53 968 240 1027 grinanti
258 977 302 1011 et
315 967 531 1025 ignoranti
550 983 685 1026 genus
703 982 846 1021 suum,
860 967 1042 1026 patienti
1060 965 1250 1026 aliquam
1269 975 1438 1024 egesta-

52 1048 140 1083 tem
156 1073 167 1094 ,
189 1047 232 1082 et
251 1039 297 1082 in
318 1054 514 1082 aerumna
542 1046 585 1082 et
605 1037 755 1081 labore
773 1037 1012 1082 constituto
1030 1036 1248 1080 diceretur
1269 1056 1278 1081 :
1304 1035 1440 1080 Filius

52 1109 257 1154 senatoris
285 1124 351 1164 es,
382 1118 504 1169 pater
533 1118 634 1153 tuus
667 1107 812 1168 amplo
843 1107 1105 1167 patrimonio
1138 1107 1299 1165 gaudet
1328 1107 1374 1152 in
1395 1122 1442 1150 re

51 1189 208 1235 vestra,
228 1195 384 1224 revoco
408 1189 449 1223 te
466 1178 521 1223 ad
538 1188 706 1238 patrem
731 1188 855 1223 tuum
874 1198 882 1223 2
903 1178 1022 1239 quali
1046 1179 1204 1237 gaudio
1226 1177 1443 1222 exultaret

53 1252 88 1296 si
103 1253 187 1296 hoc
210 1267 298 1295 non
322 1250 451 1295 fallax
473 1250 707 1310 promissor
724 1249 912 1295 diceret?
930 1249 1061 1294 Venit
1082 1264 1182 1308 ergo
1202 1265 1291 1294 non
1313 1248 1444 1303 fallax

53 1321 286 1383 Apostolus
304 1323 461 1367 Christi
480 1357 490 1376 ‚
517 1331 558 1365 et
583 1321 643 1376 ait
669 1341 677 1366 :
703 1320 819 1375 Quid
841 1329 903 1364 est
923 1319 1043 1381 quod
1065 1319 1120 1364 de
1142 1320 1265 1365 vobis
1287 1319 1443 1380 despe-

54 1394 180 1438 ratis?
202 1393 310 1454 quid
336 1403 399 1437 cst
430 1392 552 1453 quod
578 1408 656 1437 vos
683 1392 891 1452 affligitis,
920 1401 962 1436 et
981 1407 1170 1436 moerore
1192 1391 1445 1448 conteritis?

53 1463 161 1525 quid
180 1473 244 1508 est
265 1464 385 1524 quod
407 1463 776 1522 concupiscentias
796 1472 960 1508 vestras
980 1462 1204 1522 sequendo
1220 1497 1230 1517 ‚
1254 1462 1301 1505 in
1322 1477 1445 1521 eges-

54 1545 143 1580 tate
166 1535 345 1579 istarum
367 1534 646 1594 voluptatum
677 1535 842 1579 conteri
863 1533 1028 1578 vultis?
1046 1533 1228 1578 Habetis
1249 1542 1441 1593 patrem,

55 1606 222 1652 habetis
241 1606 441 1665 patriam,
455 1605 624 1649 habetis
648 1605 975 1665 patrimonium.
991 1605 1097 1658 Quis
1114 1613 1178 1648 est
1199 1604 1276 1648 iste
1297 1605 1447 1663 pater?

60 1696 80 1720 (ι
114 1675 386 1721 Dilectissimi
400 1711 416 1732 β,
440 1675 517 1719 filii
538 1676 617 1719 Dei
639 1691 803 1719 sumus.
828 1694 848 1717 »
875 1678 1020 1729 Quare
1037 1691 1140 1734 ergo
1157 1673 1356 1719 noudum
1379 1674 1447 1718 vi-

54 1746 206 1791 demus
233 1756 402 1806 patrem
430 1747 655 1790 nostrum?
680 1765 700 1788 «
723 1746 834 1800 Quia
870 1745 1070 1790 nondum
1101 1745 1302 1805 apparuit
1337 1744 1446 1805 quid

4 1878 6 1880 q
61 1837 80 1860 »
116 1818 328 1862 erimus.»
355 1819 451 1861 Jam
468 1832 639 1869 sumus,
665 1816 803 1860 sedin
821 1832 895 1877 spe
916 1837 924 1861 :
950 1833 1074 1872 nam,
1105 1836 1125 1859 «
1148 1816 1264 1870 Quid
1288 1817 1449 1860 erimus

60 1906 81 1930 ι)
116 1887 315 1933 nondum
338 1886 551 1947 apparuit.
571 1890 661 1931 »Et
682 1887 791 1947 quid
809 1887 994 1932 erimus?
1021 1906 1041 1929 «
1070 1887 1237 1932 Scimus
1253 1923 1265 1942 ⁷
1286 1886 1447 1946 inquit,

63 1976 82 2000 »
117 1958 220 2018 quia
243 1973 341 2002 cum
362 1957 635 2016 apparuerit,
660 1956 819 2001 similes
839 1958 877 2001 ei
898 1958 1072 2009 erimus,
1098 1957 1309 2017 quoniam
1328 1955 1452 2000 vide-

61 2047 83 2070 »
117 2029 260 2072 bimus
295 2043 395 2072 eum
433 2028 559 2072 sicuti
592 2028 702 2071 est3.
733 2047 752 2067 »
787 2027 872 2072 Sed
904 2029 989 2072 hoc
1011 2028 1066 2071 (le
1090 2031 1219 2072 Patre
1240 2026 1373 2082 dixit,
1398 2027 1453 2070 de

62 2098 172 2144 Filio
194 2108 339 2142 autem
371 2098 557 2142 Domino
580 2100 682 2142 Jesu
702 2098 875 2143 Christo
895 2115 985 2142 non
1011 2099 1146 2143 dixit?
1169 2101 1227 2143 Et
1251 2097 1365 2142 sorte
1386 2098 1454 2141 vi-

61 2167 208 2213 dendo
241 2172 436 2223 Patrem,
472 2184 562 2212 non
596 2168 780 2223 Filium,
817 2169 975 2212 erimus
1010 2169 1156 2213 beati?
1180 2171 1329 2228 Ipsum
1353 2166 1456 2212 audi

62 2240 281 2286 Christum
306 2259 315 2283 ;
340 2258 360 2281 «
385 2239 470 2293 Qui
492 2255 562 2283 me
580 2240 714 2295 vidit,
734 2239 844 2284 vidit
861 2249 902 2283 et
926 2241 1142 2284 Patrem4.
1172 2241 1322 2284 »Cum
1340 2239 1457 2282 enim

24 2346 27 2348 -
63 2327 176 2355 unus
207 2314 321 2355 Deus
353 2309 529 2354 videtur
546 2347 556 2367 7
598 2311 783 2356 Trinitas
808 2311 1010 2367 videtur,
1036 2315 1163 2355 Pater
1190 2319 1233 2354 ct
1258 2309 1393 2354 Filius
1415 2318 1459 2353 ct

66 2381 249 2442 Spiritus
280 2390 467 2425 sanctus.
499 2382 615 2426 Audi
653 2382 893 2442 expressius
915 2382 1018 2442 quia
1050 2382 1182 2442 ipsius
1220 2380 1320 2425 Filii
1353 2380 1459 2424 visio

55 2452 229 2497 ‘tribuet
249 2451 374 2496 nobis
402 2451 744 2507 beatitudinem,
772 2462 815 2496 et
844 2451 955 2496 nihil
992 2453 1172 2496 interest
1198 2452 1312 2495 inter
1332 2451 1459 2495 visio-

63 2539 162 2568 nem
181 2523 312 2583 ipsius
335 2532 378 2566 et
393 2523 601 2568 visionem
624 2524 774 2568 Patris.
795 2526 892 2584 Ipse
914 2524 972 2567 ait
988 2524 1034 2567 in
1057 2522 1318 2582 Evangelio:
1340 2523 1459 2576 «Qui

69 2613 89 2636 »
121 2594 264 2653 diligit
278 2609 364 2648 me,
378 2593 582 2638 mandata
604 2610 699 2638 mea
721 2594 928 2650 custodit,
945 2604 988 2638 et
1012 2610 1093 2653 ego
1117 2593 1295 2652 diligam
1312 2593 1456 2648 illum,

117 2686 125 2702 ¹
142 2681 232 2711 Rom.
249 2689 318 2719 vm,
333 2676 390 2718 24,
405 2677 458 2712 25.
481 2696 522 2700 —
543 2685 555 2701 ²
578 2690 591 2710 1
619 2681 710 2712 Joan.
732 2690 778 2719 111,
793 2688 825 2712 2.
847 2697 888 2701 —
910 2677 923 2701 3
940 2679 1022 2711 Ibid.
1048 2696 1088 2701 -
1107 2677 1122 2708 4
1141 2679 1274 2719 Id.x1v,
1296 2689 1328 2719 9.
