1926 3339
383 315 623 344 summano
657 316 700 342 IN
735 315 939 343 PsALMUM
971 316 1104 342 Lxxx.
1348 306 1430 345 105

44 399 64 424 »
99 384 190 426 Deo
206 383 356 428 Jacob.
385 400 405 423 >›
427 381 654 441 Quidquid
679 381 820 426 verbis
847 380 1059 441 explicare
1090 396 1181 426 non
1211 383 1430 441 poteritis,

40 469 129 498 non
161 452 260 498 ideo
294 463 438 498 tamen
472 454 526 497 ab
560 452 826 497 exultatione
859 453 1060 497 cessetis:
1086 453 1207 512 quod
1239 453 1434 512 poteritis

39 523 273 584 explicare,
300 523 483 569 clamate
501 545 511 582 3
532 523 653 584 quod
670 539 759 568 non
781 524 959 582 potestis
980 559 990 578 ‚
1014 542 1034 566 «
1048 522 1255 567 Jubiiate.
1278 541 1297 564 >›
1329 527 1434 568 Ete-

38 595 129 639 nim
158 611 210 638 ex
232 594 502 639 abundantia
529 593 813 654 gaudiorum,
845 594 916 638 cui
946 594 1079 639 verba
1111 594 1310 638 sufficere
1343 610 1434 638 non

38 675 218 726 possunt
236 701 247 720 ‚
272 667 317 710 in
332 665 640 727 jubilationem
669 666 779 711 solet
799 681 1027 726 erumpere
1044 702 1055 722 ‚
1084 685 1105 709 «
1131 665 1324 711 Jubilate
1344 668 1434 710 Deo

41 754 61 778 »
96 737 289 781 Jacob.»

95 809 170 852 IV.
201 807 436 867 «Accipite
459 807 675 867 psalmum
690 843 700 862 ‚
724 817 767 852 et
784 807 885 852 date
906 810 1213 867 tympanum1.
1240 810 1296 851 Et
1320 807 1435 851 acci-

39 897 60 920 »
95 879 212 939 pite,
237 888 281 923 et
312 880 426 923 date.
454 878 571 932 Quid
597 879 808 939 accipite?
830 879 938 939 quid
960 878 1086 923 date?
1112 879 1304 938 Accipite
1322 877 1433 938 psal-

38 968 58 993 »
93 965 216 993 mum
231 986 242 1006 ‚
258 960 301 994 et
318 951 418 994 date
436 959 710 1009 tympanum.
726 968 746 991 υ
762 949 1078 1010 Dicitquodam
1091 949 1189 994 loco
1208 948 1430 1009 apostolus

35 1021 195 1066 Paulus
211 1057 222 1076 ‚
248 1020 571 1081 reprehendens
593 1030 637 1065 et
659 1020 812 1066 dolens
833 1021 955 1082 quod
994 1037 1125 1066 nemo
1147 1020 1211 1065 illi
1234 1036 1436 1065 commu-

35 1092 242 1137 nicaverit
274 1112 295 1135 «
321 1096 373 1137 ln
406 1092 572 1137 ratione
605 1092 696 1137 dati
730 1102 773 1137 et
794 1093 1004 1153 accepti2.
1035 1113 1053 1134 >›
1079 1091 1199 1146 Quid
1221 1101 1310 1137 est:
1337 1111 1357 1134 ι(
1382 1095 1434 1136 In

37 1181 57 1204 »
92 1164 258 1208 ratione
282 1163 368 1207 dati
383 1173 426 1208 et
448 1164 642 1223 accepti,
661 1182 680 1205 »
705 1164 787 1207 nisi
808 1164 928 1224 quod
953 1163 1036 1208 alio
1059 1162 1155 1207 loco
1187 1172 1334 1223 aperte
1359 1179 1434 1207 ex-

34 1234 181 1293 posuit
208 1253 216 1278 :
242 1252 261 1275 «
290 1234 332 1278 Si
356 1249 434 1278 nos
468 1234 591 1278 vobis
620 1233 828 1293 spiritalia
857 1233 1186 1289 seminavimus,
1222 1248 1433 1292 magnum

36 1323 56 1347 ³>
93 1314 156 1349 est
179 1305 214 1348 si
245 1320 322 1349 nos
349 1315 489 1349 vestra
518 1304 706 1350 carnalia
733 1307 1007 1350 metamusssp
1031 1323 1050 1347 »
1078 1308 1134 1349 Et
1154 1320 1307 1349 verum
1337 1314 1400 1349 est
1417 1340 1427 1360 ‚

33 1375 155 1437 quod
177 1385 437 1436 tympanum
455 1376 576 1437 qnod
598 1376 652 1420 de
675 1377 793 1422 corio
811 1378 860 1420 fit
878 1413 888 1431 ‚
929 1376 983 1420 ad
1020 1392 1194 1421 carnem
1227 1376 1430 1435 pertinet.

34 1447 230 1492 Psalmus
251 1464 353 1507 ergo
375 1448 578 1507 spiritalis
601 1458 663 1492 est
679 1484 689 1503 ‚
705 1458 965 1508 tympanum
975 1447 1294 1506 carnale.Ergo
1307 1448 1430 1507 plebs

33 1519 109 1563 Dei
131 1519 408 1578 congregatio
431 1519 508 1562 Dei
531 1537 539 1563 2
569 1518 801 1578 «Accipite
823 1518 1041 1577 psalmum
1060 1553 1070 1573 ‚
1086 1527 1129 1561 et
1147 1518 1247 1561 date
1262 1527 1431 1577 tympa-

37 1610 55 1631 »
90 1606 198 1634 num
225 1609 233 1635 :
265 1610 283 1632 »
319 1591 500 1650 accipite
531 1589 764 1650 spiritalia,
800 1600 844 1634 et
872 1590 972 1634 date
1005 1589 1211 1634 carnalia.
1245 1591 1339 1633 Hoc
1368 1599 1433 1634 est

31 1660 152 1720 quod
170 1676 246 1705 vos
283 1670 326 1705 et
344 1662 399 1705 ad
423 1660 542 1704 illam
560 1676 755 1705 mensam
777 1661 894 1705 Beati
912 1661 1116 1718 Martyris
1133 1662 1196 1719 (1)
1219 1660 1433 1704 exhortati

31 1747 200 1787 sumus,
233 1741 284 1776 ut
317 1733 575 1793 accipientes
608 1732 815 1791 spiritalia
837 1769 848 1788 ,
889 1732 1048 1777 daretis
1084 1731 1287 1776 carnalia.
1327 1733 1431 1776 Haec

30 1803 145 1846 enirn
171 1819 270 1863 quae
294 1812 558 1847 extruuntur
593 1802 647 1846 ad
671 1812 847 1863 tempus
863 1839 873 1859 ‚
902 1804 955 1848 ad
982 1804 1228 1864 recipienda
1253 1818 1435 1862 corpora

31 1872 100 1918 vel
123 1873 323 1918 vivorum
346 1873 416 1918 vel
435 1883 709 1918 mortuorum
733 1875 968 1918 necessaria
988 1883 1113 1930 sunt,
1141 1873 1214 1919 sed
1234 1883 1430 1932 tempore

30 1945 330 2004 praetereunti.
357 1944 582 2004 Numquid
604 1954 701 2004 post
718 1944 936 2005 judicium
951 1945 1024 1988 Dei
1046 1946 1146 1989 istas
1168 1945 1352 1989 fabricas
1384 1944 1431 1987 in

30 2015 195 2059 coelum
216 2015 489 2060 levabimus?
515 2015 614 2060 Sine
635 2016 701 2059 his
724 2024 870 2059 tamen
884 2016 967 2060 hoc
979 2025 1176 2075 tempore
1192 2030 1316 2073 agere
1331 2030 1431 2074 quae

31 2085 86 2130 ad
105 2086 416 2146 possidendum
434 2086 594 2130 coelum
626 2086 847 2145 pertinent
870 2101 959 2130 non
982 2086 1238 2145 poterimus.
1263 2085 1305 2129 Si
1329 2099 1430 2142 crgo

30 2157 143 2201 avidi
165 2157 262 2201 estis
283 2157 330 2201 in
351 2156 617 2217 spiritalibus
642 2155 904 2216 accipiendis
920 2192 931 2211 ,
958 2156 1105 2200 devoti
1128 2165 1265 2200 estote
1278 2156 1323 2199 in
1337 2171 1428 2199 car-

30 2228 204 2273 nalibus
236 2228 478 2288 erogandis.
509 2248 528 2271 «
558 2228 754 2288 Accipite
776 2228 1015 2287 psalmum,
1050 2237 1093 2272 et
1121 2227 1221 2272 date
1254 2236 1430 2286 tympa-

32 2317 53 2340 >›
88 2315 197 2343 num
224 2319 232 2345 ;
264 2318 284 2341 »
317 2300 498 2360 accipite
525 2314 677 2344 vocem
711 2307 904 2343 nostram
921 2334 931 2354 ,
957 2297 1128 2343 reddite
1155 2313 1311 2342 manus
1327 2313 1428 2342 ves-

30 2379 131 2415 tras.

88 2444 141 2485 V.
171 2460 192 2483 «
217 2441 475 2486 Psalterium
492 2440 743 2501 jucundum
765 2456 865 2485 cum
895 2441 1074 2485 cithara.
1095 2458 1115 2482 i>
1142 2439 1327 2484 Memini
1350 2455 1429 2483 nos

31 2511 266 2571 aliquando
288 2512 579 2556 differentiam
598 2512 790 2574 psalterii
821 2522 863 2556 et
886 2513 1064 2556 citharae
1085 2511 1429 2556 intimasseCha-

30 2582 326 2627 ritatiVestrae
353 2603 362 2628 ε
388 2583 571 2628 studiosi
607 2583 684 2643 qui
715 2583 1036 2637 meminerunt,
1078 2590 1390 2640 recognoscant
1417 2602 1428 2639 3

81 2675 90 2690 ¹
119 2668 411 2710 Psnl.1<x‹x‚3.--
441 2677 452 2691 ²
475 2669 650 2712 P!1}25p.1v‚
682 2670 729 2702 15.
753 2687 792 2692 -
821 2668 833 2693 3
857 2681 867 2701 1
892 2671 964 2701 Cor.
992 2680 1034 2710 ix,
1070 2680 1121 2700 ιι,
