1926 3339
455 220 538 261 472
886 237 919 268 s.
955 238 1186 272 Aucusnm
1218 245 1398 275 mnscom

453 300 616 360 majora
645 302 856 349 mirabilia
886 316 1014 363 sunt,
1052 309 1172 369 quod
1205 319 1345 356 totum
1384 313 1534 360 orbem
1564 326 1775 365 terrarum
1805 338 1830 367 a

451 379 592 414 morte
621 373 880 433 sempiterna
903 378 1056 434 erexit,
1078 396 1208 439 quam
1232 382 1352 443 quod
1373 386 1551 431 unicum
1574 388 1711 433 filium
1734 406 1830 437 ma-

451 440 526 485 tris
550 441 693 486 viduae
716 446 998 492 resuscitavit.
1030 467 1049 488 «
1074 452 1256 496 Cantate
1279 466 1381 513 ergo
1404 458 1588 503 Domino
1610 461 1828 507 canticum

451 528 470 552 n
507 528 669 556 novum
693 533 700 557 :
728 516 933 574 quoniam
956 517 1169 564 mirabilia
1202 521 1304 567 fecit
1327 527 1551 574 Dominus.
1581 549 1601 572 »
1623 535 1726 585 Quae
1747 534 1830 577 mi-

444 582 597 627 rabilia
630 585 648 626 ?
681 584 828 630 Audi:
867 606 886 628 «
914 589 1087 633 Sanavit
1120 591 1158 634 ei
1193 591 1369 640 dextera
1401 599 1494 657 ejus
1527 609 1570 644 et
1602 601 1828 649 brachium

447 669 468 692 »
505 661 699 696 sanctum
736 656 839 714 ejus.
862 658 1027 710 »Quod
1060 669 1122 703 est
1143 660 1371 709 brachium
1404 678 1601 714 sanctum
1623 673 1829 718 Domini?

444 725 653 768 Dominus
670 735 815 770 noster
836 730 959 773 Jesus
981 730 1191 777 Christus.
1217 735 1332 779 Audi
1350 739 1506 783 Isaiam
1529 759 1536 785 :
1566 759 1586 783 «
1613 744 1714 796 Quis
1732 760 1828 789 cre-

445 811 465 834 »
502 793 613 838 didit
646 796 813 841 auditui
843 808 1015 855 nostro,
1053 811 1095 846 et
1118 802 1347 850 brachium
1377 811 1548 855 Domini
1571 813 1642 858 eui
1664 815 1828 861 revela-

445 881 466 904 »
502 873 596 908 tuin
626 875 689 910 est
705 869 748 909 ¹?
765 886 783 909 »
802 871 1033 915 Brachium
1057 888 1159 931 ergo
1186 885 1384 921 sanctum
1408 889 1451 923 et
1472 880 1649 928 dextera
1667 885 1796 944 ipsius
1812 921 1823 943 ‚

441 933 557 978 idem
578 936 666 995 ipsc
689 947 767 982 est.
809 941 923 998 Ergo
946 944 1154 988 Dominus
1183 956 1330 991 noster
1352 951 1475 994 ‚Iesus
1498 953 1694 999 Christus
1723 956 1826 1000 bra-

439 1006 587 1050 chium
610 1009 684 1052 Dei
699 1044 709 1063 ‚
736 1019 778 1054 ct
798 1010 969 1057 dextera
989 1015 1065 1058 Dei
1088 1035 1097 1060 2
1120 1028 1363 1078 propterea,
1385 1040 1402 1061 «
1422 1025 1595 1069 Sanavit
1617 1027 1670 1071 ci.
1692 1045 1711 1069 »
1729 1030 1824 1073 Non

441 1076 605 1121 dictum
625 1089 688 1122 est
706 1088 897 1127 tantum:
921 1085 1096 1130 Sanavit
1109 1088 1259 1132 orbem
1280 1099 1489 1136 terrarum
1512 1095 1685 1141 dextera
1709 1099 1821 1158 ejus:

439 1147 537 1202 sed,
556 1166 576 1189 «
591 1150 766 1194 Sanavit
787 1151 840 1195 ei.
861 1171 881 1194 »
899 1153 1028 1198 Multi
1045 1157 1163 1201 enim
1185 1169 1394 1204 sanantur
1415 1163 1511 1218 sibi,
1528 1181 1617 1210 non
1637 1167 1690 1211 ei.
1711 1171 1824 1213 Ecce

438 1233 571 1277 quam
588 1219 715 1263 multi
729 1223 914 1280 cupiunt
933 1226 1159 1271 sanitatem
1174 1229 1298 1274 istam
1316 1233 1602 1292 corporalem,
1619 1247 1661 1281 et
1673 1239 1728 1282 ab
1749 1239 1824 1285 illo

435 1289 675 1348 accipiunt3
695 1291 838 1337 abillo
861 1306 1084 1353 sanantur,
1102 1308 1145 1343 et
1162 1316 1250 1344 non
1264 1301 1325 1346 illi
1348 1308 1824 1361 sananturPQuomodo

435 1360 490 1404 ab
512 1360 588 1406 illo
606 1374 829 1421 sanantur,
848 1376 890 1411 et
908 1384 995 1412 non
1014 1369 1076 1413 illi
1094 1376 1532 1436 sananturPAccepta
1553 1380 1735 1425 sanitate
1745 1380 1824 1426 las-

431 1430 622 1478 civiunt:
649 1434 725 1494 qui
746 1438 898 1495 {egroti
922 1440 1027 1483 casti
1050 1451 1195 1497 erant,
1221 1445 1357 1489 sanati
1382 1445 1567 1492 adulteri
1590 1450 1725 1509 fiunt3
1746 1452 1822 1512 qui

430 1517 531 1545 cum
549 1513 825 1562 aegrotarent,
844 1509 1061 1554 neminem
1076 1511 1312 1570 laedebant‚
1325 1518 1506 1576 receptis
1522 1519 1686 1565 viribus
1705 1522 1824 1566 inva-

430 1571 544 1616 dunt
563 1583 606 1618 et
622 1576 875 1634 opprimunt
889 1579 1143 1626 innocentes
1158 1585 1314 1628 :sanati
1332 1597 1449 1642 sunt,
1462 1588 1537 1632 sed
1550 1606 1637 1633 non
1654 1591 1707 1635 ei.
1721 1593 1821 1645 Quis

429 1652 495 1686 est
510 1644 586 1703 qui
606 1655 783 1690 sanatur
796 1648 861 1692 ei?
879 1651 959 1702 Qui
981 1651 1097 1696 intus
1118 1664 1308 1699 sanatur.
1322 1657 1427 1709 Quis
1445 1668 1508 1702 est
1528 1661 1603 1720 qui
1622 1661 1737 1706 intus
1759 1679 1821 1707 sa-

427 1716 584 1758 natur?
597 1716 677 1768 Qui
692 1716 828 1762 credit
847 1719 892 1762 in
910 1736 1024 1776 eum,
1037 1732 1086 1766 ut
1100 1738 1199 1767 cum
1220 1726 1400 1771 interius
1418 1727 1550 1774 fuerit
1567 1742 1756 1788 sanatus,
1773 1733 1818 1778 in

425 1799 590 1829 novum
613 1787 836 1832 hominem
860 1790 1140 1850 reformatus,
1160 1806 1307 1855 postea
1325 1808 1367 1842 et
1390 1800 1473 1844 hoc
1496 1802 1616 1862 quod
1637 1803 1818 1864 languet

425 1855 480 1898 ad
498 1865 669 1916 tempus
692 1875 791 1904 caro
813 1861 892 1905 ista
914 1865 1122 1921 mortalis,
1139 1867 1316 1927 recipiat
1337 1870 1381 1913 in
1402 1872 1488 1916 fine
1517 1882 1561 1917 et
1583 1874 1671 1934 ipsa
1694 1892 1816 1920 suam

423 1925 778 1984 perfectissimam
803 1932 1045 1978 sanitatem.
1067 1938 1279 1982 Sanemur
1301 1955 1403 1999 ergo
1424 1943 1477 1986 ei.
1506 1946 1563 1990 Ut
1583 1955 1729 1990 autem
1752 1962 1817 1991 sa-

421 2012 578 2042 nemur
606 1999 671 2054 ei,
697 2004 924 2048 credamus
942 2005 987 2048 in
1010 2005 1230 2052 dexteram
1254 2011 1344 2070 ejus
1367 2031 1375 2056 :
1407 2015 1509 2073 quia
1537 2034 1556 2058 «
1578 2018 1752 2062 Sanavit
1774 2019 1814 2062 ei

423 2083 444 2107 »
479 2066 671 2114 dexterae
693 2073 784 2131 ejus
800 2083 842 2116 et
864 2075 1091 2121 brachium
1111 2089 1310 2124 sanctum
1329 2084 1436 2142 ejus.
1461 2103 1481 2125 »

476 2141 534 2182 II.
562 2159 582 2182 α
606 2143 768 2186 Notum
786 2143 890 2188 fecit
908 2148 1117 2193 Dominus
1140 2150 1326 2196 salutare
1349 2169 1473 2198 suum
1491 2159 1523 2199 ².
1554 2174 1574 2197 »
1598 2159 1694 2216 Ipsa
1710 2158 1811 2203 dex—

351 2221 357 2229 ·
416 2216 524 2264 tera,
552 2210 695 2270 ipsum
711 2213 951 2271 brachium,
968 2217 1110 2277 ipsum
1132 2220 1318 2266 salutare
1338 2225 1548 2270 Dominus
1570 2237 1717 2273 noster
1735 2232 1810 2274 Je-

413 2294 484 2323 sus
506 2281 720 2338 Christus,
747 2285 802 2329 de
819 2303 908 2346 quo
931 2287 1097 2333 dictum
1121 2300 1208 2347 cst,
1231 2311 1250 2334 «
1277 2296 1333 2337 Et
1353 2294 1520 2341 videbit
1542 2299 1680 2343 omnis
1707 2316 1807 2346 caro

414 2367 435 2391 »
471 2351 657 2397 salutare
684 2356 805 2400 Deiss.
836 2375 855 2398 »
892 2361 954 2402 De
986 2376 1074 2420 quo
1115 2363 1244 2406 etiam
1275 2364 1380 2408 dixit
1411 2365 1483 2410 ille
1509 2369 1704 2427 Simeon,
1730 2373 1806 2432 qui

403 2419 617 2466 infantem
634 2427 800 2485 accepit
819 2427 864 2471 in
889 2444 1055 2485 mamis,
1074 2451 1093 2474 «
1114 2435 1240 2478 Nunc
1259 2435 1454 2492 dimittis,
1484 2440 1684 2497 Domine,
1712 2458 1805 2485 ser-

406 2508 426 2532 »
462 2507 567 2536 vum
592 2502 718 2539 tuum
744 2496 789 2540 in
812 2513 941 2557 pace3
967 2503 1175 2560 quoniam
1199 2505 1402 2552 viderunt
1428 2509 1542 2554 oculi
1569 2512 1653 2556 mei
1677 2512 1795 2557 salu-

456 2583 463 2597 ¹
486 2578 554 2609 Isai'.
579 2589 645 2620 uu,
664 2591 691 2612 ῐ,
715 2598 754 2604 —-
773 2589 784 2604 ²
806 2583 882 2616 Psoi,
907 2596 1003 2628 cxvn,
1021 2596 1051 2619 2.
1073 2605 1114 2611 —-
1135 2586 1146 2609 3
1170 2591 1242 2623 Luc.
1261 2602 1305 2633 nt,
1326 2596 1356 2625 6.
