1926 3339
427 269 510 308 516
859 275 892 304 s.
929 276 1159 305 Anco-sum
1192 277 1372 304 Episcopi

421 355 694 387 removemus
715 355 793 385 nos
813 356 837 385 a
862 341 1027 398 turbis,
1052 342 1164 386 bene
1193 341 1275 385 erit
1302 339 1427 384 nobis
1453 339 1499 382 in
1525 340 1715 399 quadam
1738 355 1807 385 se-

416 413 615 459 curitate.
642 412 686 457 Si
707 413 901 472 quietem
926 412 1105 472 quaeris,
1126 412 1248 472 quasi
1265 410 1429 455 lectum
1447 405 1625 470 quaeriS,
1646 419 1696 454 ut
1717 411 1808 455 sine

419 484 566 545 aliqua
585 483 881 528 sollicitudine
904 483 1162 543 requiescas.
1189 486 1246 526 Et
1266 482 1370 526 inde
1394 497 1508 526 unus
1537 491 1807 538 assumetur,

414 563 458 599 et
479 569 592 598 unus
610 552 897 613 relinquetur.
919 555 1056 598 Nemo
1078 567 1153 597 vos
1170 551 1314 606 fallat,
1338 552 1492 596 fratres
1513 567 1523 593 z
1549 552 1582 596 si
1603 567 1693 596 non
1711 550 1809 596 vul-

414 625 466 668 tis
488 622 603 679 falli,
637 632 680 667 et
711 623 842 668 vultis
874 638 1018 667 amare
1047 622 1202 667 fratres
1219 656 1230 677 ,
1256 621 1408 666 scitote
1438 637 1613 666 omnem
1637 620 1808 681 profes-

413 693 579 739 sionem
601 694 647 737 in
668 693 858 738 Ecclesia
879 693 1040 737 habere
1068 693 1207 737 fictos.
1234 694 1331 737 Non
1352 691 1443 735 dixi
1464 706 1638 736 omnem
1659 691 1807 736 homi-

413 779 515 809 nem
537 779 626 808 esse
647 765 824 820 fictum,
858 763 934 808 sed
960 778 1135 808 omnem
1160 762 1473 823 professionem
1495 763 1658 806 habere
1684 762 1807 806 fictas

411 851 636 896 personas:
674 844 776 880 sunt
802 834 1037 881 Christiani
1061 834 1186 891 mali,
1216 834 1292 878 sed
1321 842 1424 878 sunt
1452 842 1495 877 et
1525 833 1645 877 boni.
1675 832 1808 887 Quasi

410 907 556 967 plures
573 906 709 951 malos
730 906 850 951 vides
862 941 873 962 ,
889 907 992 967 quia
1009 905 1132 966 palea
1156 914 1284 960 sunt,
1312 915 1356 949 et
1377 914 1420 949 te
1435 903 1491 949 ad
1504 919 1636 963 grana
1652 919 1806 964 perve-

408 977 502 1021 nire
530 993 621 1022 non
642 977 904 1037 permittunt
922 979 935 1003 1
957 996 966 1022 ;
992 985 1093 1021 sunt
1113 976 1174 1020 ibi
1197 985 1240 1019 et
1262 991 1418 1035 grana,
1450 974 1608 1020 aceede
1623 1009 1634 1030 ,
1658 983 1774 1019 tenta
1789 1009 1801 1030 ,

409 1056 588 1102 excute,
613 1047 773 1091 adhibe
797 1047 883 1091 oris
897 1046 1129 1106 judicium,
1158 1046 1331 1090 Invenis
1356 1043 1704 1090 sanctimoniales
1731 1045 1803 1089 in-

408 1116 730 1176 disciplinatas:
751 1116 972 1177 numquid
995 1117 1094 1160 ideo
1117 1117 1455 1160 sanctimonium
1483 1115 1788 1176 reprehenden

407 1187 513 1231 dum
544 1189 632 1232 est?
654 1187 808 1232 Multae
842 1203 932 1232 non
960 1197 1077 1231 stant
1102 1187 1148 1230 in
1170 1186 1373 1231 domibus
1395 1187 1502 1242 suis,
1528 1187 1804 1230 circumeunt

403 1258 556 1302 domos
575 1258 734 1302 alienas
749 1293 760 1313 ,
785 1259 953 1302 curiose
973 1267 1169 1316 agentes,
1195 1256 1423 1317 loquentes
1446 1273 1545 1317 quae
1564 1272 1655 1301 non
1672 1272 1803 1315 opor-

405 1337 493 1381 tet,
526 1329 753 1388 superbae,
799 1328 1065 1387 linguatae&
1098 1328 1280 1372 ebriosae
1309 1348 1317 1372 ;
1349 1328 1428 1371 etsi
1454 1328 1640 1386 virgines
1670 1336 1798 1382 sunt,

400 1398 510 1458 quid
534 1399 710 1457 prodest
738 1399 907 1457 integra
929 1414 1056 1454 caro,
1097 1407 1244 1441 mente
1279 1400 1514 1457 corrupta?
1544 1397 1700 1441 Melius
1737 1405 1802 1441 est

401 1468 568 1513 humile
595 1470 850 1529 conjugium
865 1505 875 1524 ,
899 1485 1033 1530 quam
1055 1469 1243 1528 superba
1256 1469 1495 1527 virginitas.
1520 1469 1562 1512 Si
1580 1468 1695 1511 enin]
1714 1483 1801 1511 nu-

398 1540 544 1595 beret,
570 1557 661 1585 non
683 1542 865 1585 haberet
886 1557 1049 1586 nomen
1071 1541 1190 1584 unde
1218 1540 1500 1584 extolleretur
1515 1575 1526 1595 ,
1553 1548 1596 1583 et
1617 1539 1799 1583 haberet

399 1611 572 1656 frenum
597 1627 686 1672 quo
710 1622 945 1669 regeretur.
971 1612 1056 1656 Sed
1072 1610 1289 1669 numquid
1307 1620 1485 1669 propter
1497 1610 1683 1666 virgines
1702 1625 1797 1653 ma·-

398 1681 460 1725 las
477 1716 488 1736 ,
513 1681 763 1725 damnaturi
786 1695 935 1725 sumus
957 1690 1126 1724 sanctas
1149 1690 1192 1723 et
1214 1695 1395 1739 corpore
1417 1688 1461 1723 et
1482 1680 1636 1738 spiritu
1652 1681 1698 1723 ³?
1720 1689 1797 1724 aut

398 1760 577 1811 propter
594 1751 696 1795 istas
716 1749 958 1795 laudabiles
973 1785 984 1805 ,
1005 1750 1138 1794 etiam
1160 1749 1254 1794 illas
1278 1749 1589 1810 improbandas
1616 1749 1796 1795 laudare

397 1823 632 1879 cogemur?
652 1820 856 1881 Undique
872 1836 986 1865 unus
1010 1830 1276 1876 assumetur,
1303 1829 1346 1864 et
1366 1837 1479 1864 unus
1504 1820 1790 1881 relinquetur.

452 1894 574 1937 XIV.
601 1894 741 1951 Ergo,
773 1890 949 1947 fratres,
985 1892 1187 1936 finiamus
1223 1891 1472 1947 Psalmum,
1497 1893 1600 1953 quia
1636 1891 1793 1951 planus

396 1971 476 2007 est.
516 1981 537 2004 «
574 1963 738 2006 Servite
765 1963 953 2007 Domino
983 1962 1029 2006 in
1043 1960 1336 2022 jucunditate.
1364 1981 1384 2003 »
1410 1964 1498 2006 Vos
1523 1961 1788 2022 alloquitur,

394 2033 663 2093 quicumque
689 2032 735 2076 in
752 2033 964 2077 charitate
986 2032 1133 2077 omnia
1155 2031 1370 2087 toleratis,
1396 2041 1439 2076 et
1465 2048 1541 2092 spe
1563 2033 1760 2091 gaudetis
1774 2068 1787 2089 ,

398 2123 419 2146 «
446 2104 611 2149 Servite
633 2103 819 2147 Domino
835 2138 846 2159 ‚
869 2121 890 2145 >›
916 2119 1007 2148 non
1027 2103 1072 2147 in
1097 2102 1387 2147 amaritudine
1403 2103 1760 2148 murmurationis
1774 2138 1787 2160 ‚

393 2174 470 2219 sed
495 2193 516 2216 «
538 2177 588 2218 In
616 2173 891 2234 jucunditate
913 2194 931 2215 »
956 2172 1215 2217 dilectionis.
1246 2192 1266 2214 «
1298 2175 1462 2216 Intrate
1483 2173 1528 2216 in
1551 2183 1790 2233 conspectu

397 2265 416 2286 »
452 2245 572 2304 ejus,
594 2244 641 2287 in
658 2243 938 2288 exultatione.
958 2261 977 2284 »
994 2242 1139 2287 Facile
1157 2252 1221 2286 est
1237 2241 1430 2286 exultare
1450 2243 1555 2288 foris
1576 2263 1584 2287 :
1611 2244 1657 2288 in
1678 2260 1787 2289 con-

391 2325 544 2375 spectu
566 2316 645 2360 Dei
672 2315 834 2359 exulta.
860 2317 960 2360 Non
988 2313 1116 2359 valde
1134 2313 1286 2372 lingua
1306 2313 1471 2358 exultet
1490 2334 1500 2359 ι
1523 2315 1786 2360 conscientia

391 2386 572 2430 exultet.
593 2405 613 2427 «
636 2389 802 2430 Intrate
823 2385 870 2427 in
892 2393 1129 2444 conspectu
1149 2385 1240 2443 ejus
1257 2419 1267 2438 ,
1292 2384 1337 2426 in
1360 2383 1641 2429 exultatione.
1669 2403 1690 2425 »

449 2459 547 2501 XV.
576 2475 596 2498 «
616 2457 778 2501 Scitote
794 2455 1001 2515 quoniam
1024 2454 1236 2498 Dominus
1258 2455 1347 2514 ipse
1365 2464 1428 2499 est
1454 2457 1612 2510 Deus4,
1641 2475 1660 2497 »
1681 2458 1783 2509 Quis

439 2560 445 2575 ¹
474 2552 586 2584 Metili.
610 2561 669 2594 in,
706 2561 756 2584 12.·
781 2565 822 2574 “—
847 2557 859 2574 ²
891 2562 902 2583 1
926 2551 1004 2583 Tim.
1033 2561 1077 2591 v,
1116 2550 1163 2582 13.
1186 2548 1265 2573 223
1299 2553 1403 2583 icor.
1437 2562 1503 2593 vu,
1524 2550 1576 2593 34.
1600 2568 1636 2574 —-
1659 2550 1673 2581 4
1698 2553 1767 2584 Psal

388 2621 455 2641 xum
472 2634 477 2649 :
507 2609 537 2640 ’ἢ
