1926 3339
392 317 633 347 ENARRATIO
665 320 710 346 m
744 318 946 347 PsALMUM
980 320 1119 347 Lxxvr.
1429 313 1452 349 5

75 402 95 426 »
130 399 224 428 mea
247 384 302 428 ad
336 384 571 429 Dominum
605 383 801 428 clamavi.
838 386 935 427 »Et
966 398 1021 427 ne
1054 384 1271 429 arbitreris
1303 401 1454 430 vocem

66 453 214 514 ipsius,
239 470 325 514 qua
347 454 548 499 clamavit
568 454 622 498 ad
639 454 888 509 Dominum,
908 463 1086 514 propter
1098 454 1217 498 aliud
1238 456 1452 513 emissam,

66 540 198 584 quam
229 534 405 585 propter
432 525 575 585 ipsum
613 525 847 569 Dominum
871 560 880 580 ‚
913 534 1086 569 secutus
1111 526 1168 569 ait
1192 545 1201 570 ε
1245 545 1262 566 «
1290 529 1345 570 Et
1372 542 1456 571 vox

70 615 88 637 »
123 611 218 640 mea
241 596 296 639 ad
330 601 480 639 Deum.
516 614 536 637 »
573 596 799 639 Emittitur
832 596 949 639 enim
973 612 1080 651 vox,
1107 613 1193 656 qua
1219 596 1456 641 clamemus

65 665 119 710 ad
141 669 279 710 Deum
296 702 306 721 ‚
332 667 477 726 etipsa
496 682 579 711 vox
608 665 662 710 ad
687 666 804 711 aliud
818 675 881 710 est
898 702 908 721 ,
929 683 1018 711 non
1041 667 1095 711 ad
1111 671 1266 711 Deum.
1290 667 1359 712 Ad
1373 668 1457 712 hoc

64 737 179 781 enim
193 746 256 780 est
278 753 361 781 vox
377 773 387 791 ,
412 746 591 797 propter
603 736 724 797 quod
739 737 882 780 editur
895 753 989 781 vox.
1013 741 1097 781 Iste
1111 753 1213 781 vero
1230 739 1305 798 qui
1319 741 1456 783 Deum

63 807 192 865 gratis
211 808 405 862 amabat,
431 809 506 867 qui
529 807 775 851 voluntarie
798 810 887 850 Deo
904 807 1174 851 sacrificabat
1189 810 1218 862 ¹,
1245 809 1322 867 qui
1341 817 1459 852 tran-

61 876 220 922 silierat
251 878 467 938 quidquid
496 876 608 921 infra
637 886 723 931 est,
770 876 967 937 nihilque
998 876 1118 920 aliud
1152 893 1281 937 supra
1311 894 1354 922 se
1388 879 1457 922 vi-

60 945 183 991 derat
201 983 211 1002 ,
231 964 319 1008 quo
342 947 590 991 effunderet
614 948 802 991 animam
821 962 941 990 suam
957 982 968 1001 ‚
995 947 1075 990 nisi
1106 963 1156 990 ex
1183 964 1271 1007 quo
1304 957 1347 992 et
1379 963 1458 1007 per

59 1033 192 1078 quem
214 1019 319 1062 etin
347 1034 435 1079 quo
458 1027 626 1062 creatus
649 1027 764 1072 erat,
804 1017 859 1061 ad
892 1033 1025 1078 quem
1054 1017 1318 1062 clamaverat
1350 1034 1458 1064 voce

59 1104 135 1132 sua
150 1124 160 1143 ‚
188 1088 380 1133 adillum
398 1105 489 1133 esse
512 1088 674 1133 fecerat
695 1089 830 1148 ipsam
842 1104 996 1132 vocem
1015 1104 1159 1133 suam:
1186 1108 1202 1127 «
1220 1091 1316 1133 Vox
1335 1105 1454 1145 mea,

61 1176 82 1200 »
117 1159 288 1219 inquit,
332 1159 387 1204 ad
421 1163 578 1204 Deum.
612 1180 627 1200 »
661 1161 717 1203 Et
751 1158 969 1219 numquid
1012 1160 1103 1202 sine
1144 1161 1301 1203 eausa?
1345 1160 1459 1204 Vide

57 1229 164 1289 quid
187 1231 382 1290 sequitur
405 1249 413 1274 :
439 1249 458 1272 «
473 1232 530 1274 Et
548 1229 735 1273 attendit
754 1229 860 1272 mihi
880 1249 887 1273 :
913 1248 933 1270 »
956 1232 1067 1273 Vere
1082 1239 1188 1274 tunc
1211 1230 1291 1274 tibi
1314 1239 1456 1274 atten-

58 1299 143 1355 dit,
170 1300 348 1360 quando
376 1301 519 1360 ipsum
543 1301 726 1360 quaeris,
748 1316 837 1344 non
856 1299 1034 1360 quando
1056 1315 1134 1359 per
1164 1301 1308 1359 ipsum
1336 1300 1457 1345 aliud

57 1371 230 1430 quaeris.
263 1372 437 1415 Dictum
468 1380 531 1414 est
559 1370 613 1414 de
646 1370 941 1430 quibusdam:
971 1391 991 1412 «
1017 1370 1349 1425 clamaverunt,
1375 1387 1456 1415 nee

62 1460 80 1482 »
115 1449 207 1485 erat
238 1441 314 1501 qui
347 1439 485 1484 salvos
521 1439 704 1494 faceret,
740 1439 795 1483 ad
822 1440 1080 1495 Dominum,
1121 1456 1200 1484 nec
1236 1440 1456 1485 exaudivit

63 1531 80 1553 »
115 1526 187 1556 eos
200 1514 233 1555 2.
265 1532 282 1553 »
308 1513 479 1565 Quare?
499 1511 610 1564 Quia
630 1526 716 1555 vox
738 1526 887 1555 eorum
910 1527 1000 1555 non
1018 1512 1074 1555 ad
1096 1512 1348 1555 Dominum.
1367 1514 1455 1555 Ex-

55 1581 204 1640 primit
221 1581 304 1626 hoe
324 1581 408 1626 alio
429 1581 527 1625 loco
547 1572 890 1640 Scriptura‚'ubi
913 1580 1018 1625 dicit
1040 1581 1094 1624 de
1114 1580 1293 1626 talibus:
1326 1600 1342 1619 «
1362 1585 1454 1625 Do-

60 1671 77 1691 »
113 1651 284 1696 minum
322 1667 411 1696 non
444 1652 805 1695 invocaverunt?
839 1671 855 1692 »
890 1650 958 1695 Ad
990 1650 1116 1694 illum
1144 1651 1329 1696 clamare
1365 1668 1454 1696 non

55 1731 356 1777 cessaverunt,
381 1731 426 1766 et
455 1731 602 1766 tamen
639 1741 659 1762 «
688 1721 922 1765 Dominum
953 1737 1043 1765 non
1072 1722 1400 1766 invocaverunt.
1430 1741 1449 1763 »

55 1792 173 1846 Quid
197 1801 287 1847 est,
318 1812 337 1834 «
361 1793 596 1837 Dominum
616 1808 706 1836 non
734 1793 1075 1836 invocaverunt?
1104 1813 1120 1833 »
1149 1794 1383 1837 Dominum
1410 1793 1453 1836 in

54 1878 98 1907 se
114 1878 205 1907 non
221 1872 488 1907 vocaverunt
514 1882 522 1907 ε
547 1863 600 1906 ad
622 1878 696 1906 cor
717 1879 844 1906 suum
868 1863 1102 1906 Dominum
1127 1879 1216 1907 non
1239 1864 1453 1908 invitave-

54 1942 183 1988 runt,
210 1949 234 1977 a
262 1933 447 1977 Domino
472 1949 515 1976 se
545 1933 732 1976 habitari
754 1932 1007 1977 noluerunt.
1035 1936 1091 1977 Et
1120 1933 1219 1978 ideo
1253 1933 1362 1994 quid
1394 1935 1452 1978 eis

54 2003 260 2060 contigit?
277 2022 296 2044 «
321 2004 387 2047 Ibi
405 2003 731 2062 trepidaverunt
747 2004 921 2058 timore,
937 2003 1013 2046 ubi
1027 2019 1116 2047 non
1135 2014 1225 2047 erat
1246 2005 1416 2049 timor⁴.
1429 2025 1446 2046 »

56 2072 160 2117 Ideo
174 2072 228 2117 de
244 2089 387 2117 rerum
400 2073 680 2132 praesentium
696 2073 922 2117 amissione
936 2082 1226 2128 tremuerunt,
1244 2075 1452 2134 quoniam

53 2159 143 2188 non
166 2153 289 2188 erant
312 2144 429 2204 pleni
451 2143 526 2188 illo
543 2180 553 2197 ‚
575 2159 705 2204 quem
726 2159 815 2188 non
848 2144 1176 2189 invocaverunt.
1203 2148 1301 2189 Non
1321 2145 1450 2202 gratis

54 2224 324 2268 amaverunt,
349 2223 399 2258 ut
414 2215 576 2258 amissis
595 2214 910 2273 temporalibus
929 2215 1058 2259 rebus
1076 2224 1253 2274 possent
1275 2215 1445 2260 dicere:

58 2303 78 2327 «
115 2284 234 2329 Sicut
267 2285 454 2329 Domino
477 2284 665 2344 placuit,
691 2285 750 2328 ita
782 2283 948 2329 factum
971 2294 1061 2343 est3
1096 2285 1150 2329 sit
1174 2300 1335 2329 nomen
1358 2288 1448 2329 Do-

57 2373 77 2397 »
111 2355 220 2399 mini
253 2355 536 2400 benedictum
552 2358 583 2400 ⁵.
608 2375 627 2397 »
661 2358 776 2414 Ergo
795 2356 896 2412 iste,
927 2358 1058 2400 «Vox
1079 2371 1172 2400 mea
1189 2355 1373 2416 ,inquit‚
1394 2354 1450 2400 ad

59 2445 76 2467 »
112 2426 378 2478 Dominum,
409 2435 453 2471 et
491 2425 678 2471 attendit
714 2426 836 2482 mihi,
875 2445 895 2468 >›
928 2426 1083 2471 doceat
1113 2442 1191 2471 nos
1223 2426 1447 2487 quomodo

55 2495 101 2539 id
115 2495 207 2540 fiat.

101 2597 112 2614 ¹
138 2591 220 2624 Psal.
254 2602 309 2623 tur
326 2617 334 2631 ,
354 2592 387 2623 8.
408 2609 450 2615 —
469 2599 482 2615 ²
507 2593 554 2624 Id.
578 2603 667 2633 xvn,
689 2591 742 2634 49.
765 2610 802 2615 -
826 2590 1040 2632 ³1d.xm‚5.
1064 2609 1103 2615 -
1122 2591 1137 2620 4
1163 2592 1244 2624 Ibid.
1274 2608 1313 2614 —-
1334 2590 1348 2614 5
1367 2592 1441 2623 Job⁴

55 2657 89 2685 1,
114 2657 167 2678 21.
