1926 3339
479 269 531 307 34
917 278 946 302 s.
985 273 1211 300 aucusnm
1246 271 1424 298 Emscom

469 345 560 388 lum
570 352 772 402 operatur
783 341 1071 384 remissionem
1082 344 1376 396 peccatorum,
1389 335 1464 378 sed
1473 334 1602 378 etiam
1615 345 1848 392 cooperan-

469 424 556 458 tem
570 413 647 457 sibi
657 411 757 456 facit
767 410 952 454 hominis
966 409 1161 468 spiritum
1173 407 1218 449 in
1232 421 1360 465 opere
1374 405 1590 449 bonorum
1604 403 1816 447 factorum
1834 421 1845 448 ε

469 484 590 545 quasi
613 483 794 527 diceret:
809 483 906 525 Non
923 478 1105 524 credidit
1122 480 1211 521 Deo
1228 475 1401 535 spiritus
1417 476 1520 535 ejus.
1543 478 1637 519 Hoc
1658 482 1721 517 est
1733 473 1848 517 enim

468 556 628 601 habere
643 568 743 598 cum
765 555 853 596 Deo
873 549 1085 595 creditum
1103 547 1301 607 spiritum
1315 583 1330 602 ,
1352 563 1440 591 non
1454 545 1629 591 credere
1649 545 1849 604 spiritum

467 641 594 670 suum
610 638 732 683 posse
754 621 893 665 facere
916 622 1006 664 sine
1025 623 1113 663 Deo
1137 617 1348 677 justitiam
1363 652 1373 671 ‚
1407 616 1482 660 sed
1503 630 1601 660 cum
1625 618 1730 659 Deo.
1755 617 1849 659 Hoc

464 704 525 738 est
546 694 674 736 etiam
696 690 870 735 credere
899 690 944 732 in
967 692 1106 733 Deum
1139 706 1147 732 :
1172 685 1293 746 quod
1314 687 1468 747 utique
1491 686 1592 746 plus.
1618 694 1683 730 est
1716 698 1848 746 quam

463 762 636 807 credere
661 764 766 805 Deo.
799 761 908 804 Nam
930 766 973 802 et
996 756 1161 802 homini
1183 754 1363 800 cuilibet
1384 755 1642 816 plerumque
1664 753 1849 799 creden-

465 833 572 876 dum
594 839 657 874 est
677 865 687 885 ,
713 828 909 890 quamvis
944 828 990 871 in
1012 842 1112 871 eum
1146 841 1236 870 non
1263 825 1318 868 sit
1349 824 1631 869 credendum.
1665 826 1759 868 Hoc
1787 831 1851 868 est

463 917 565 961 ergo
588 899 763 945 credere
785 899 830 942 in
860 901 999 943 Deum
1014 933 1025 953 ,
1055 895 1274 941 credendo
1295 894 1515 938 adhaerere
1537 894 1593 938 ad
1609 895 1722 937 bene
1743 906 1849 938 coo-

464 973 707 1035 perandum
731 971 847 1015 bona
880 969 1075 1028 operanti
1097 970 1203 1011 Deo.
1244 985 1264 1008 «
1296 965 1408 1019 Quia
1436 965 1526 1010 sine
1556 980 1648 1018 me,
1671 963 1816 1025 inquit
1834 999 1846 1019 ‚

469 1064 486 1086 »
521 1041 629 1088 nihil
645 1041 821 1102 potestis
840 1038 980 1083 facere
997 1041 1026 1081 ¹.
1050 1058 1065 1077 »
1084 1036 1199 1090 Quid
1221 1045 1367 1080 autem
1382 1034 1480 1094 plus
1493 1034 1595 1079 hinc
1617 1033 1849 1094 Apostolus

461 1114 603 1158 dicere
627 1111 793 1172 potuit,
811 1125 942 1170 quam
962 1107 1083 1169 quod
1110 1108 1169 1151 ait
1191 1122 1200 1147 ι
1233 1126 1252 1148 «
1277 1106 1362 1159 Qui
1384 1114 1531 1149 autem
1549 1105 1738 1149 adhaeret
1759 1107 1850 1149 Do-

465 1203 485 1225 »
519 1184 661 1237 mino,
687 1197 800 1226 unus
828 1180 1002 1240 spiritus
1037 1182 1128 1222 est²
1144 1180 1163 1222 P
1182 1195 1202 1218 »
1229 1175 1436 1237 Alioquin
1458 1179 1547 1220 Lex
1567 1175 1641 1220 illa
1659 1175 1850 1220 testimo-

461 1254 584 1298 nium
601 1261 665 1296 est
680 1267 768 1313 quo
791 1251 1024 1294 damnetur
1038 1283 1048 1303 ‚
1076 1264 1165 1292 non
1180 1263 1268 1308 quo
1287 1245 1536 1290 absolvatur
1550 1261 1662 1290 reus.
1684 1246 1847 1290 Littera

460 1324 575 1368 enim
595 1332 658 1366 est
680 1321 826 1364 minax
843 1355 853 1375 ,
879 1335 978 1380 quae
998 1319 1227 1363 convincat
1249 1318 1624 1377 praevaricatores,
1643 1332 1734 1361 non
1756 1316 1847 1376 spi-

459 1394 565 1438 ritus
590 1393 798 1452 adjuvans
815 1426 825 1446 ,
855 1390 932 1451 qui
952 1389 1109 1434 liberet
1126 1398 1169 1433 et
1185 1389 1395 1449 justificet
1416 1398 1677 1448 peccatores.
1702 1390 1847 1434 Gene-

430 1478 432 1480 ·
460 1463 570 1507 ratio
586 1476 686 1519 ergo
705 1459 779 1505 illa
794 1495 804 1515 ‚
829 1461 951 1520 cujus
973 1459 1219 1519 exemplum
1237 1458 1481 1504 cavendum
1498 1468 1581 1514 est,
1597 1457 1696 1503 ideo
1714 1473 1848 1518 prava

460 1543 503 1578 et
521 1533 756 1577 amaricans
770 1530 874 1585 fuit,
889 1530 991 1590 quia
1008 1532 1138 1575 «Non
1155 1538 1219 1573 est
1239 1528 1429 1573 creditus
1447 1544 1547 1574 cum
1561 1532 1652 1573 Deo
1673 1528 1847 1588 spiritus

463 1622 483 1645 »
518 1603 608 1663 ejus
629 1620 637 1647 ε
666 1620 686 1642 »
708 1601 809 1661 quia
831 1600 908 1644 etsi
924 1599 1069 1660 aliqua
1091 1599 1276 1644 credidit
1292 1602 1408 1655 Dco,
1435 1615 1521 1644 non
1536 1608 1683 1644 tamen
1704 1598 1846 1643 credi-

457 1674 522 1718 dit
539 1674 584 1716 in
605 1676 744 1717 Deum
771 1690 780 1715 :
806 1687 895 1715 non
928 1686 979 1714 ex
999 1669 1086 1714 fide
1109 1669 1290 1714 adhaesit
1311 1673 1426 1725 Deo,
1457 1679 1508 1714 ut
1532 1678 1681 1715 sanata
1708 1685 1733 1715 a
1754 1673 1846 1715 Deo

460 1744 573 1788 bene
594 1750 901 1802 cooperaretur
916 1756 1015 1785 cum
1038 1750 1244 1800 operante
1257 1741 1302 1783 in
1315 1755 1359 1784 se
1381 1743 1488 1784 Deo.

517 1816 594 1858 IX.
618 1812 835 1872 Denique,
864 1810 999 1855 «Filii
1020 1811 1226 1870 Ephraem
1255 1809 1530 1855 intendentes
1557 1819 1601 1854 et
1622 1809 1845 1856 mittentes

457 1903 477 1927 »
515 1899 658 1937 πως,
684 1881 879 1926 conversi
910 1889 1012 1924 sunt
1032 1880 1077 1923 in
1099 1879 1168 1924 die
1195 1879 1345 1924 belli3.
1373 1898 1393 1921 >›
1422 1883 1734 1940 Persequentes
1757 1882 1844 1924 Le-

454 1967 551 2012 gem
566 1952 744 2013 justitiae
757 1987 769 2007 ,
794 1952 838 1995 in
854 1953 1010 2008 Legem
1017 1950 1198 2010 justitiae
1212 1965 1302 1994 non
1317 1950 1653 2010 pervenerunt&
1673 1948 1843 2004 Quare?

456 2023 566 2077 Quia
587 2038 676 2067 non
697 2037 746 2065 ex
764 2019 864 2064 fide.
887 2019 1116 2064 Generatio
1135 2019 1254 2063 enim
1271 2027 1383 2074 erat,
1405 2019 1528 2080 cujus
1542 2019 1718 2080 spiritus
1739 2035 1842 2065 cum

454 2096 546 2137 Deo
567 2092 755 2137 creditus
776 2106 866 2135 non
885 2099 975 2134 est:
1000 2088 1075 2133 sed
1092 2098 1302 2148 tanquam
1317 2105 1368 2133 ex
1385 2089 1590 2149 operibus
1608 2090 1736 2150 :quia
1750 2102 1842 2135 non

453 2162 564 2208 sicut
573 2162 760 2206 tetendit
772 2170 814 2205 et
827 2160 943 2204 misit
955 2175 1100 2215 arom,
1116 2161 1133 2217 (
1153 2158 1275 2219 quod
1287 2158 1389 2204 foris
1407 2169 1588 2220 apparet
1602 2195 1614 2216 ‚
1629 2169 1840 2222 tanquam

452 2235 499 2279 in
520 2233 723 2294 operibus
736 2233 863 2291 Legis
879 2267 889 2286 ,
907 2232 997 2289 >ita
1019 2230 1173 2274 direxit
1195 2240 1239 2275 et
1267 2247 1342 2276 cor
1357 2267 1367 2287 ‚
1398 2232 1476 2275 ubi
1495 2233 1640 2292 justus
1660 2231 1768 2277 vivit
1787 2242 1840 2277 ex

453 2304 567 2349 fide⁵
589 2339 599 2359 ‚
637 2319 737 2365 quae
766 2318 842 2363 per
873 2301 1150 2345 dilectionem
1181 2302 1439 2360 operam-⁶3
1481 2318 1568 2362 qua
1601 2302 1840 2347 inhaeretur

453 2377 565 2429 Deo,
588 2375 664 2434 qui
686 2381 889 2433 operatur
909 2372 953 2415 in
975 2371 1151 2414 homine
1172 2379 1213 2414 et
1230 2370 1341 2415 velle
1364 2380 1406 2415 et
1429 2373 1598 2431 operari
1620 2388 1698 2433 pro
1721 2373 1838 2418 bona

452 2443 675 2489 voluntate
690 2445 720 2486 ⁷.
747 2445 856 2503 Nam
869 2441 976 2502 quid
997 2450 1060 2485 est
1077 2439 1197 2484 aliud
1210 2440 1389 2485 tendere
1405 2457 1570 2498 arcum,
1589 2452 1632 2487 et
1645 2444 1832 2498 mittere,

503 2546 510 2561 ¹
535 2541 624 2570 Joan.
644 2549 697 2578 xv,
717 2538 747 2569 5.
765 2554 806 2559 —
822 2543 834 2558 ²
857 2548 869 2568 1
891 2538 963 2568 Cor.
984 2546 1027 2576 Vl,
1051 2545 1100 2576 17.
1123 2552 1164 2556 —
1185 2532 1198 2557 3
1216 2535 1295 2567 Psal.
1312 2547 1429 2577 mxvii,
1444 2547 1477 2578 9.
1500 2553 1541 2559 -
1556 2535 1573 2563 4
1592 2539 1683 2570 Rom.
1711 2548 1755 2578 xx,
1777 2537 1830 2570 31.

456 2612 497 2617 -
515 2593 594 2625 ⁵1d.
614 2604 637 2635 1,
662 2603 710 2634 ις’.
728 2609 768 2615 —-
787 2590 802 2614 ⁶
818 2591 886 2624 Gal.
903 2603 936 2632 v,
955 2591 988 2623 6.
1010 2607 1050 2612 —
1073 2598 1086 2623 7
1110 2590 1219 2632 Philip.
1236 2602 1270 2631 11,
1296 2591 1344 2622 13.
