1926 3339
376 279 618 306 nummulo
651 281 695 306 nx·
728 281 930 307 PSALMUM
965 282 1139 309 Lxxvm.
1383 274 1437 312 69

54 363 73 384 n
111 345 270 388 Gentes
291 344 335 386 in
357 342 655 387 liaereditatem
679 353 798 388 tuam
816 347 845 386 ¹.
867 364 884 384 υ
907 347 1001 397 Qua
1022 344 1232 405 loquendi
1254 361 1437 392 consue-

53 415 204 459 tudine
221 415 350 458 etiam
385 413 495 458 illud
521 423 584 458 est
606 415 918 474 prophetatum
934 414 988 459 de
1013 417 1184 460 Domini
1206 417 1402 475 passione
1425 437 1432 461 :

55 505 75 528 «
108 485 333 530 Dederunt
355 486 400 530 in
412 500 553 530 escam
571 501 711 530 meam
735 485 820 541 fel,
846 495 888 530 et
904 481 953 530 in
976 487 1045 531 siti
1067 503 1161 532 mea
1179 497 1437 548 potaverunt

53 575 74 597 »
108 571 178 600 me
198 558 392 613 aceto²·‚»
420 565 463 600 et
480 555 561 600 alia
583 572 682 616 quae
694 557 740 600 in
759 556 911 601 eodem
930 557 1101 602 Psalmo
1123 567 1305 602 ventura
1318 558 1439 603 velut

50 626 162 671 facta
189 635 435 671 narrantur.
461 629 550 671 Nec
584 626 695 671 illud
713 627 961 672 mirandum
986 638 1068 683 est,
1101 628 1220 690 quod
1252 633 1340 674 Deo
1361 630 1441 674 ista

48 697 271 743 dicuntur.
306 700 403 743 Non
429 698 547 742 enim
575 698 784 742 nescienti
810 697 1076 754 indicantur,
1111 716 1198 760 quo
1224 699 1442 746 revelante

49 770 359 829 praesciuntur3
385 769 461 814 sed
479 770 620 814 anima
643 786 744 814 cum
762 773 852 814 Deo
868 770 1036 830 loquitu
1044 788 1063 815 r
1081 773 1247 830 pietatis
1262 773 1439 828 affectu,

49 856 181 901 quem
203 842 457 885 novitDeus.
478 843 588 886 Nam
604 849 647 884 et
662 840 819 899 Angeli
836 842 1200 901 quaehominibus
1218 844 1440 897 nuntiant,

49 911 343 956 nescientibus
361 911 568 955 nuntiant
593 930 601 954 :
628 927 728 970 quae
751 920 900 955 autem
924 915 1013 957 Deo
1038 913 1268 968 nuntiant,
1293 914 1444 958 scienti

50 983 271 1037 nuntiant,
298 981 475 1043 quando
492 981 554 1025 illi
577 981 771 1026 offerunt
785 983 999 1027 orationes
1016 993 1209 1039 nostras,
1235 984 1445 1029 etineffa-

50 1053 129 1098 bili
158 1053 290 1097 modo
321 1052 376 1096 de
404 1053 571 1097 actibus
599 1053 688 1097 suis
714 1062 921 1097 aeternam
955 1054 1206 1109 veritatem,
1233 1064 1443 1115 tanquam

49 1123 191 1183 legem
210 1123 614 1168 incommutabilem
639 1124 891 1169 consulunt.
915 1127 973 1169 Et
993 1125 1073 1169 iste
1096 1141 1197 1183 ergo
1214 1126 1348 1170 homo
1368 1127 1444 1170 Dei

51 1194 156 1239 dicit
178 1197 268 1239 Deo
290 1193 410 1254 quod
431 1194 569 1238 discat
591 1210 614 1238 a
637 1197 749 1249 Deo,
775 1204 986 1256 tanquam
1008 1195 1246 1256 discipulus
1283 1197 1444 1255 magis-

51 1275 118 1310 tro
135 1280 224 1309 non
245 1264 565 1324 ignoranti‚sed
588 1264 803 1326 judicanti
821 1286 831 1323 ς
858 1282 906 1310 ac
920 1267 994 1320 sic,
1016 1276 1092 1311 ant
1102 1267 1307 1326 probanti
1322 1267 1443 1327 qnod

51 1334 221 1390 docuit,
261 1345 334 1380 aut
366 1335 487 1395 quod
523 1351 612 1380 non
647 1335 797 1380 docuit
832 1337 1168 1396 reprehendenti
1212 1358 1220 1381 z
1258 1339 1444 1382 maxime

51 1407 309 1466 quiaspecie
331 1407 547 1466 precantis
572 1407 789 1465 Propheta
811 1422 882 1451 eos
906 1407 951 1450 in
972 1422 1017 1451 se
1034 1408 1313 1466 transfigurat
1333 1444 1342 1463 ,
1369 1409 1444 1469 qui

52 1487 157 1522 tunc
176 1476 314 1521 futuri
341 1488 481 1521 essent
505 1477 682 1537 quando
703 1478 783 1521 ista
804 1488 1002 1522 ventura.
1046 1477 1194 1523 Solent
1228 1487 1374 1522 autem
1401 1480 1448 1522 in

51 1549 248 1594 oratione
269 1547 356 1592 dici
377 1554 463 1592 Deo
487 1563 585 1608 quaa
604 1548 827 1592 vindicans
861 1547 1012 1593 fecerit
1031 1584 1040 1603 ‚
1067 1557 1110 1592 et
1132 1549 1311 1609 adjungi
1331 1549 1444 1610 peti-

53 1622 111 1665 tio
128 1654 138 1673 ‚
159 1628 208 1662 ut
226 1620 316 1679 jam
336 1619 593 1662 misereatur
614 1627 657 1662 et
675 1628 837 1677 parcat.
869 1621 962 1663 Hoc
985 1619 1117 1663 modo
1135 1629 1178 1663 et
1198 1620 1270 1663 hic
1291 1617 1449 1664 dicun-

30 1692 124 1734 tur
142 1705 166 1733 a
187 1704 277 1749 quo
302 1688 618 1748 praedicuntur,
645 1697 854 1749 tanquam
884 1689 939 1733 ab
969 1689 1028 1733 eis
1055 1689 1259 1733 dicantur
1289 1691 1449 1750 quibus

53 1759 306 1806 acciderunt
334 1781 341 1803 :
368 1770 411 1803 et
432 1760 523 1819 ipsa
548 1759 789 1819 deploratio
813 1769 944 1821 atque
966 1761 1158 1820 precatio
1174 1797 1184 1816 ‚
1213 1763 1449 1821 propheta-

53 1832 114 1877 tio
136 1840 214 1876 est.

113 1905 171 1946 II.
208 1921 227 1943 α
260 1907 397 1955 Deus,
437 1910 654 1945 venerunt
687 1903 846 1945 Gentes
879 1902 925 1945 in
954 1902 1253 1946 haereditatem
1288 1912 1409 1947 tuam
1438 1922 1445 1945 2

58 1992 77 2015 »
112 1972 367 2033 polluerunt
388 1968 602 2032 ternplum
626 1984 824 2018 sanctum
847 1983 996 2028 tuum,
1019 1984 1261 2034 posuerunt
1274 1977 1450 2019 Jerusa-

60 2065 77 2085 »
112 2043 251 2088 lemin
267 2059 498 2104 pomorum
519 2043 775 2089 custodiam.
802 2048 1046 2089 Posuerunt
1060 2045 1288 2089 morticina
1306 2060 1452 2089 servo-

58 2135 77 2157 »
113 2131 211 2159 rum
251 2125 426 2159 tuorum
452 2130 567 2159 escas
597 2114 850 2159 volatilibus
877 2114 1002 2167 coeli,
1025 2130 1175 2159 carnes
1199 2125 1448 2159 sanctorum

62 2209 78 2227 »
116 2187 445 2232 tuorumbestiis
457 2195 600 2230 terrae.
617 2185 886 2230 Effuderunt
904 2186 1163 2245 sanguinem
1181 2202 1332 2230 eorum
1342 2186 1452 2230 sicut

59 2278 78 2298 η
115 2273 272 2319 aquam
295 2258 341 2302 in
362 2258 547 2302 circuitu
566 2257 876 2311 Jerusalem‚et
895 2273 985 2301 non
996 2256 1449 2318 eratquisepelirctssm

60 2331 102 2375 Si
134 2331 179 2374 in
203 2330 283 2374 ista
311 2330 540 2389 prophetia
562 2329 790 2389 quisquam
827 2338 1024 2373 nostrum
1050 2343 1143 2373 eam
1169 2328 1454 2372 vastationem

59 2401 300 2446 Jerusalem
333 2400 664 2459 intelligendam
691 2401 932 2460 putaverit,
960 2416 1060 2461 quae
1097 2399 1211 2444 facta
1234 2409 1297 2444 est
1321 2415 1343 2443 a
1362 2399 1458 2443 Tito

59 2473 319 2533 imperatore
356 2476 576 2527 Romano,
615 2488 715 2517 cum
736 2474 827 2533 jam
858 2472 1070 2517 Dominus
1105 2474 1228 2516 Jesus
1262 2471 1460 2516 Christus

62 2554 159 2603 post
181 2544 541 2589 resurrectionem
561 2554 603 2588 et
618 2545 917 2589 ascensionem
941 2559 1065 2588 suam
1089 2543 1466 2603 praedicaretur-in

112 2629 216 2661 ΙΡ531.
244 2639 373 2671 txxvm,
404 2641 431 2661 1.
455 2646 493 2651 —
515 2636 526 2652 ²
548 2630 593 2661 121.
618 2640 726 2669 twui,
753 2638 805 2660 ‘22⁴
829 2646 868 2651 —-
895 2627 970 2660 313-
993 2640 1124 2669 Lxxvin,
1149 2628 1208 2660 1-3.
