1926 3339
363 278 604 307 ENAnnAno
637 280 681 306 nv
714 277 916 305 PsALMUM
950 281 1068 307 xcm.
1323 271 1399 311 411

29 355 74 390 et
94 342 352 388 hilaritatem
371 342 579 401 significat
594 378 605 397 ‚
630 342 730 402 quia
752 351 904 386 cantus
926 352 1015 400 θεῖς
1039 353 1082 388 et
1102 344 1375 390 devotionem
1391 382 1403 402 ‚

27 414 127 476 quia
148 414 242 457 laus
265 422 341 456 est.
354 412 471 466 Quid
488 414 602 456 enim
624 412 758 471 magis
776 412 908 456 homo
921 412 1053 457 debet
1068 413 1259 468 laudare,
1275 431 1404 474 quam

26 486 70 531 id
90 484 210 545 quod
228 485 286 528 sic
309 484 465 543 placet,
486 493 536 527 ut
557 499 646 528 non
668 483 802 542 possit
823 483 903 527 sibi
921 483 1178 544 displicere?
1194 486 1407 529 Securitas

25 570 126 613 ergo
146 553 287 598 laudis
308 554 353 597 in
373 553 502 598 laude
519 553 596 597 Dei
618 563 694 597 est.
719 553 785 596 Ibi
805 552 1005 597 laudator
1021 569 1198 598 securus
1219 563 1282 598 est
1296 589 1307 609 ‚
1327 555 1406 599 ubi

25 641 114 670 non
134 625 258 668 timet
285 640 340 668 ne
362 625 417 667 de
438 623 616 667 laudato
638 623 875 668 erubescat.
903 626 959 668 Et
979 623 1206 669 laudemus
1223 640 1343 684 ergo,
1364 634 1407 670 et

25 704 248 740 cantemus
275 714 284 738 :
316 695 399 738 boc
417 703 506 744 est,
529 709 629 737 cum
652 693 867 738 hilaritate
890 704 932 738 et
955 710 1057 739 cum
1080 694 1230 740 laetitia
1251 694 1405 740 laude-

25 781 134 810 mus.
166 764 282 818 Quid
304 774 448 808 autem
466 763 686 808 laudaturi
703 780 874 820 sumus,
899 764 989 825 ipse
1006 766 1200 810 Psalmus
1218 781 1406 826 sequen-

24 836 140 881 tibus
156 836 351 879 versibus
370 834 532 879 indicat
555 836 691 880 nobis.

82 910 139 951 Π.
170 926 189 948 «
214 907 392 961 Venite,
423 906 665 951 exultemus
687 907 887 950 Domino.
916 926 935 947 »
964 907 1123 950 Invitat
1154 906 1208 951 ad
1229 923 1406 966 magnas

24 977 172 1038 epulas
195 978 433 1033 exultandi,
450 994 539 1021 non
562 977 735 1031 saeculo,
755 978 827 1021 sed
843 978 1037 1021 Domino.
1053 978 1142 1021 Nisi
1164 979 1277 1022 enim
1297 989 1407 1023 esset

23 1050 66 1094 in
90 1050 173 1093 hoc
195 1049 353 1093 saeculo
389 1049 597 1093 exultatio
620 1047 730 1092 mala
746 1083 758 1104 ‚
783 1065 883 1108 quae
913 1048 1218 1106 distinguenda
1256 1059 1320 1093 est
1351 1050 1405 1093 ab

23 1119 285 1163 exultatione
310 1119 438 1172 bona,
460 1119 677 1163 sufficeret
702 1119 844 1163 dicere
867 1138 875 1163 2
898 1120 1099 1173 «Venite,
1115 1119 1402 1163 exultemus.»

25 1189 124 1236 Sed-
141 1190 327 1233 breviter
360 1189 569 1233 distinxit.
610 1189 725 1243 Quid
761 1199 824 1234 est
846 1190 957 1234 bene
980 1190 1204 1236 exultare?
1227 1191 1406 1235 Domino

23 1260 226 1304 exultare.
249 1263 365 1319 Ergo
384 1259 591 1304 exultatio
616 1259 727 1304 mala
750 1270 828 1315 est,
854 1260 1048 1304 exultare
1070 1260 1230 1305 saeculo
1255 1280 1264 1306 ;
1285 1259 1407 1304 exul-

23 1331 128 1375 tatio
149 1331 264 1375 bona
287 1341 365 1384 est,
392 1330 583 1374 exultare
607 1331 809 1374 Domino.
825 1331 898 1374 Pie
921 1330 1054 1375 debes
1077 1331 1261 1375 Domino
1279 1330 1406 1374 exul-

22 1410 136 1455 tare,
177 1402 211 1444 si
232 1401 293 1444 vis
327 1416 501 1445 securus
540 1401 706 1445 mundo
734 1399 972 1445 insultare:
1003 1400 1116 1454 Quid
1137 1410 1199 1445 est
1231 1410 1375 1444 autem
1392 1435 1403 1456 ‚

25 1489 45 1514 »
79 1471 269 1514 Venite?
291 1469 412 1515 Unde
428 1480 555 1515 vocat
576 1480 626 1514 ut
647 1471 823 1514 veniant
839 1506 849 1524 ,
871 1486 971 1515 cum
993 1471 1154 1531 quibus
1177 1470 1273 1515 vult
1290 1469 1408 1514 exul-

21 1550 112 1585 tare
148 1541 333 1584 Domino
357 1562 367 1598 3
406 1542 487 1584 nisi
517 1542 616 1601 quia
638 1540 766 1598 longe
787 1551 888 1585 sunt
920 1550 970 1585 ut
991 1539 1208 1584 veniendo
1227 1541 1408 1600 propin-

22 1621 158 1672 quent
179 1646 190 1666 ‚
228 1610 562 1671 propinquando
596 1610 804 1655 accedant
823 1646 834 1665 ,
881 1610 1130 1655 accedendo
1169 1610 1366 1654 exultent
1389 1613 1408 1654 Ρ

23 1681 147 1726 Unde
182 1690 328 1725 autem
363 1681 492 1739 longe
524 1683 659 1724 sunt?
699 1680 922 1741 Numquid
954 1681 1060 1725 locis
1098 1680 1228 1740 longe
1264 1690 1407 1740 potest

20 1752 152 1796 homo
181 1767 270 1795 esse
292 1752 346 1795 ab
372 1767 423 1795 eo
456 1751 531 1811 qui
554 1751 718 1811 ubique
746 1753 839 1794 est?
862 1752 936 1794 Vis
958 1766 1048 1794 esse
1085 1751 1139 1794 ab
1172 1766 1223 1795 eo
1244 1750 1408 1809 longe?

22 1824 118 1875 Quo
149 1821 231 1865 ibis
249 1856 270 1875 „
295 1831 344 1865 ut
363 1821 493 1880 longe
531 1821 612 1864 sis?
633 1823 741 1865 Nam
770 1819 950 1880 quidam
973 1830 1175 1880 peccator
1196 1820 1374 1881 quidem
1393 1855 1403 1876 ,

22 1891 97 1936 sed
126 1901 271 1935 tamen
304 1908 405 1936 cum
439 1907 513 1951 spe
536 1891 684 1935 salutis
708 1891 924 1951 poenitens
945 1901 988 1935 et
1009 1889 1160 1935 dolens
1183 1890 1236 1934 de
1257 1906 1409 1951 pecca·

21 1962 74 2006 tis
90 1997 101 2017 ,
123 1970 166 2005 et
187 1971 385 2005 metuens
406 1962 513 2005 iram
542 1961 639 2016 Dei,
667 1970 709 2005 et
730 1959 878 2004 volens
902 1960 1071 2020 placare
1089 1964 1229 2005 Deum
1246 1995 1256 2015 ‚
1281 1961 1340 2003 sic
1362 1959 1408 2004 in

23 2032 105 2078 alio
128 2032 298 2077 Psalmo
319 2032 516 2093 loquitur
542 2052 550 2077 :
585 2053 604 2074 «
631 2035 728 2085 Quo
751 2032 825 2075 ibo
849 2032 903 2075 ab
927 2033 1079 2091 spiritu
1102 2033 1209 2076 tuo?
1231 2041 1274 2075 et
1295 2047 1318 2074 a
1340 2029 1408 2075 fa-

27 2121 46 2144 »
81 2103 146 2147 cie
182 2112 256 2146 tua
282 2119 370 2163 quo
393 2102 616 2161 fugiam1?
640 2102 682 2146 Si
713 2102 947 2145 ascendero
973 2101 1019 2145 in
1047 2101 1207 2145 coelum
1224 2136 1234 2155 ‚
1268 2110 1316 2144 tu
1347 2100 1408 2144 ibi

26 2191 46 2214 n
72 2189 160 2217 es.»
173 2173 288 2226 Quid
303 2189 405 2232 ergo
419 2173 690 2225 restatYQuia
707 2173 740 2216 si
759 2171 999 2216 ascenderit
1017 2173 1059 2215 in
1079 2171 1328 2226 coelum,ibi
1346 2171 1410 2215 in-

22 2245 141 2288 venit
164 2248 300 2289 Deum
329 2264 337 2289 :
358 2254 407 2288 ut
423 2245 553 2303 longe
578 2243 714 2302 fugiat
732 2260 753 2287 a
779 2247 868 2288 Deo
887 2279 896 2298 ,
923 2259 1011 2302 quo
1026 2243 1166 2286 iturus
1189 2244 1282 2286 est?
1300 2241 1410 2285 Vide

24 2315 131 2376 quid
153 2315 268 2360 dicat
288 2336 296 2360 :
323 2335 341 2356 «
361 2316 402 2360 Si
426 2315 690 2359 descendero
714 2315 767 2358 ad
790 2314 1010 2358 infernum
1026 2350 1036 2369 ,
1064 2313 1179 2357 ades.
1204 2332 1223 2353 η
1245 2313 1286 2357 Si
1309 2327 1411 2370 ergo

25 2385 297 2429 ascendendo
325 2386 370 2428 in
399 2385 587 2439 coelum,
622 2385 685 2428 ibi
710 2385 875 2429 invenit
908 2389 1075 2442 Deum3
1105 2382 1411 2428 descendendo

12 2456 67 2509 ²jn
86 2455 327 2510 infernum,
358 2472 447 2500 non
464 2455 576 2514 fugit
598 2460 736 2500 Deum
761 2476 770 2500 z
796 2472 884 2516 quo
908 2457 1046 2500 iturus
1070 2465 1132 2498 est
1149 2491 1160 2506 ‚
1185 2470 1273 2514 quo
1298 2452 1412 2511 fugi-

25 2535 148 2569 turus
170 2535 233 2569 est
254 2526 308 2568 ab
332 2525 406 2570 illo
428 2526 553 2579 iram,
573 2526 652 2570 nisi
675 2526 729 2570 ad
751 2526 891 2585 ipsum
910 2525 1222 2585 placatum?Et
1245 2533 1407 2577 tamen,

74 2617 83 2633 ¹
110 2611 189 2642 Psal.
210 2622 363 2651 cxxxviii,
388 2622 418 2652 7.
