1926 3339
458 267 541 308 480
892 280 926 307 s.
962 274 1194 306 Aneusnm
1227 276 1407 305 Erlscom

465 481 1840 506 mmxmmmmmmmmmmwmlmmmm
1906 465 1910 521 Ξ

976 654 1358 705 ENARRATIO

799 831 860 869 IN
917 829 1219 871 PSALMUM
1268 827 1494 870 XCVIII.

937 974 1089 1018 Sermo
1111 970 1166 1017 ad
1182 971 1373 1032 plebem.

523 1125 557 1165 I.
591 1123 811 1176 FRATRES,
848 1129 1003 1165 notum
1038 1135 1127 1165 esse
1150 1121 1240 1180 jam
1262 1119 1393 1164 debet
1424 1118 1632 1163 Charitati
1656 1119 1845 1173 Vestrae,

468 1200 675 1252 tanquam
706 1191 803 1235 filiis
826 1190 1030 1235 Ecclesiae
1047 1226 1057 1246 ‚
1090 1199 1133 1235 et
1155 1189 1331 1234 eruditis
1354 1189 1400 1233 in
1429 1189 1575 1233 schola
1591 1188 1750 1234 Christi
1773 1203 1849 1247 per
1912 1193 1916 1201 '

463 1279 612 1308 omnes
633 1263 798 1308 litteras
823 1263 1103 1323 antiquorum
1126 1271 1301 1322 patrum
1319 1269 1565 1306 nostrorum
1583 1296 1594 1313 ‚
1611 1260 1695 1320 ,qui
1715 1260 1850 1319 scrip·
1915 1279 1917 1282 ·

461 1347 607 1380 serunt
623 1336 756 1380 verba
777 1335 853 1380 Dei
874 1345 916 1379 et
934 1334 1149 1394 magnalia
1171 1334 1273 1389 Dei,
1295 1333 1418 1377 nobis
1440 1348 1511 1378 eos
1527 1331 1753 1377 consulere
1770 1347 1851 1376 vo·
1902 1372 1905 1374 ,

461 1406 614 1462 luisse,
649 1407 726 1468 qui
749 1406 886 1452 futuri
908 1422 1079 1451 eramus
1109 1407 1193 1451 hoc
1225 1415 1421 1464 tempore
1437 1404 1528 1464 jam
1559 1402 1784 1448 credentes
1804 1403 1851 1446 in
1917 1420 1919 1460 3

462 1479 684 1523 Christum
715 1498 723 1523 :
749 1480 825 1540 qui
848 1487 1098 1540 opportuno
1122 1487 1317 1537 tempore
1338 1476 1459 1521 venit
1481 1475 1537 1520 ad
1563 1491 1641 1520 nos
1661 1510 1672 1530 ‚
1710 1474 1850 1534 primo
1916 1461 1919 1468 ’

459 1550 653 1605 humilis,
678 1560 825 1609 postea
845 1559 1055 1595 venturus
1080 1548 1287 1593 excelsus.
1306 1548 1450 1591 Primo
1475 1547 1590 1590 enim
1612 1545 1733 1591 venit
1750 1553 1850 1589 aute
1916 1563 1919 1573 2

454 1622 648 1681 judicem
672 1631 862 1667 staturus
891 1642 899 1667 :
925 1630 1073 1682 postea
1093 1629 1304 1666 venturus
1326 1628 1389 1663 est
1411 1619 1545 1679 judex
1568 1633 1780 1672 sessurus,
1802 1625 1853 1660 ut

460 1702 560 1736 ante
582 1691 708 1736 illum
730 1702 813 1737 stet
840 1709 919 1751 pro
941 1692 1097 1736 merito
1119 1707 1198 1735 suo
1221 1705 1357 1749 genus
1378 1690 1638 1733 humanum.
1660 1691 1850 1732 Praeces-

459 1772 609 1807 serunt
650 1772 796 1808 autem
826 1762 950 1807 illum
981 1761 1108 1806 multi
1137 1776 1387 1821 praecones,
1422 1769 1629 1819 tanquam
1657 1759 1852 1819 judicem
1917 1767 1921 1820 1ζ

459 1849 668 1893 magnum
685 1869 695 1889 ‚
723 1844 766 1878 et
794 1835 912 1878 hune
933 1833 1077 1878 adhuc
1100 1833 1143 1877 in
1166 1831 1412 1877 humilitate
1433 1840 1685 1876 venturum.
1721 1827 1851 1874 Multi
1920 1821 1921 1834 ¹

458 1921 679 1964 praeeones
702 1914 1016 1965 praecesserunt
1034 1903 1179 1949 adime
1202 1903 1470 1947 naseiturum
1493 1901 1548 1946 de
1570 1901 1736 1960 virgine
1753 1902 1850 1944 Ma-

459 1977 519 2020 ria
537 2013 547 2032 ,
573 1977 774 2021 futurum
804 1977 1017 2022 infantem
1035 2012 1045 2032 ‚
1071 1985 1115 2021 et
1142 1985 1369 2020 sucturum
1390 1974 1456 2018 lae
1474 2008 1485 2029 ,
1515 1973 1718 2017 futurum
1748 1987 1851 2031 par-

456 2048 609 2092 vulum
627 2084 637 2104 ‚
666 2049 863 2093 Verbum
886 2049 960 2092 Dei
987 2063 1063 2107 per
1085 2046 1206 2107 quod
1226 2046 1341 2090 faeta
1364 2054 1466 2089 sunt
1488 2044 1650 2098 omnia,
1673 2058 1851 2102 praeces-

457 2128 607 2163 serunt
629 2119 757 2163 multi
774 2119 1021 2178 praecones,
1048 2127 1092 2161 et
1110 2118 1312 2161 dixerunt
1339 2116 1489 2160 futura
1516 2115 1594 2159 ista
1618 2123 1813 2174 tempora
1835 2133 1843 2157 :
1923 2165 1924 2170 Ἰ

457 2192 531 2234 sed
550 2192 607 2235 ita
628 2191 847 2246 dixerunt,
863 2200 912 2234 ut
931 2189 1193 2252 quibusdam
1210 2187 1357 2247 figuris
1376 2203 1520 2231 rerum
1544 2194 1741 2245 tegerent
1756 2201 1851 2230 sen«
1916 2209 1917 2212 =

460 2261 612 2306 tentias
640 2277 758 2317 suas,
795 2262 1026 2321 ipsumque
1059 2259 1260 2304 velamen
1283 2274 1371 2319 quo
1395 2267 1509 2302 tecta
1542 2266 1606 2301 est
1627 2256 1781 2302 veritas
1803 2256 1849 2300 in

456 2332 576 2378 libris
600 2333 882 2393 antiquorum
902 2367 912 2387 7
939 2341 1044 2376 tune
1067 2331 1295 2375 tolleretur
1313 2366 1324 2386 ,
1351 2328 1527 2391 quando
1550 2330 1640 2389 jam
1663 2329 1753 2389 ipsa
1774 2343 1850 2372 ve-

458 2403 559 2448 ritas
577 2404 630 2447 de
649 2413 759 2447 terra
783 2403 984 2447 oriretur.
1014 2402 1080 2446 Sic
1103 2402 1217 2445 enim
1242 2400 1402 2445 dicitur
1424 2400 1468 2444 in
1492 2399 1689 2444 Psalmo:
1719 2418 1738 2441 «
1758 2400 1847 2442 Ve-

459 2492 479 2514 »
516 2475 617 2518 ritas
635 2473 689 2518 de
712 2483 824 2518 terra
847 2482 941 2517 orta
963 2481 1049 2527 est,
1075 2481 1118 2515 et
1129 2471 1295 2532 justitia
1318 2470 1372 2515 de
1395 2469 1510 2515 coelo
1530 2469 1749 2529 prospexit
1768 2470 1796 2513 ¹.
1821 2486 1842 2510 n

456 2544 590 2590 Modo
622 2560 725 2604 ergo
760 2553 850 2589 tota
878 2543 1063 2589 intentio
1100 2551 1247 2587 nostra
1286 2551 1376 2597 est,
1413 2540 1592 2602 quando
1626 2539 1847 2586 Psalmum

506 2649 513 2665 ¹
543 2641 621 2674 Psal.
643 2652 769 2683 Lxxxiv,
792 2650 842 2673 12.
