1926 3339
459 301 700 331 ENARRATIO
733 305 778 331 m
810 302 1013 333 PsALMUM
1046 307 1159 334 xcvi.
1397 298 1478 339 453

98 368 303 414 Gladium
320 369 375 414 ad
387 370 717 429 separatIOuem,
737 369 883 427 ignem
900 370 952 416 ad
971 370 1207 417 ustionem:
1223 372 1298 418 sed
1314 384 1482 421 utrum-

96 456 182 500 que
213 439 454 493 salubrem,
476 439 577 499 quia
600 448 642 482 et
662 438 830 498 gladius
850 441 971 485 verbi
999 440 1130 500 ipsius
1151 442 1380 489 salubriter
1402 462 1479 492 nos

94 511 307 570 separavit
330 526 352 554 a
376 509 694 554 consuetudine
727 510 855 554 mala.
894 510 1099 555 Gladium
1121 514 1236 557 enim
1264 514 1410 560 attulit
1437 525 1481 561 et

91 581 304 641 separavit
326 595 686 640 unumquemque
704 579 917 635 fidelium,
938 591 1014 626 aut
1031 599 1054 626 a
1076 592 1197 642 patre
1219 600 1297 629 suo
1311 621 1322 640 ,
1342 586 1480 646 quiin

91 652 314 697 Christum
341 667 431 695 non
459 649 724 706 crediderat,
756 660 832 695 aut
862 668 885 696 a
906 662 1045 697 matre
1067 654 1261 699 similiter
1289 655 1477 715 infideli,

4 720 6 732 '
42 718 54 725 ”
91 732 166 768 aut
188 732 303 767 certe
324 723 358 766 si
381 721 436 766 de
458 722 710 781 parentibus
730 723 973 768 christianis
996 734 1124 769 natus
1155 735 1246 782 est,
1278 727 1430 771 saltem
1452 744 1476 772 a

91 794 300 854 progenie
321 809 396 838 sua
414 794 573 853 priore.
602 796 740 839 Nemo
758 794 874 838 enirn
897 804 1093 839 nostrum
1115 812 1205 841 non
1229 806 1303 841 aut
1322 814 1475 855 avum,

89 874 165 909 aut
187 880 415 924 proavum,
437 873 512 908 aut
527 863 716 924 aliquam
733 865 957 925 antiquam
980 867 1187 923 originem
1202 868 1247 911 in
1262 869 1476 914 Gentibus

87 936 265 991 habuit,
292 945 335 981 et
356 937 401 980 in
420 935 494 980 illa
517 936 748 980 execrabili
772 939 861 980 Deo
884 936 1140 981 infidelitate
1163 957 1172 982 :
1197 940 1379 997 separati
1399 956 1476 984 su-

86 1022 184 1051 mus
201 1007 256 1051 ab
278 1022 330 1051 eo
349 1005 470 1067 quod
487 1021 681 1063 eramus,
701 1005 777 1050 sed
795 1006 962 1065 gladius
979 1007 1217 1052 intercessit
1230 1025 1475 1066 secernens,

85 1093 174 1122 non
195 1077 474 1122 interficiens.
495 1080 587 1121 Hoc
598 1077 730 1121 modo
750 1086 793 1121 et
814 1077 950 1136 ignis:
977 1081 1161 1135 «Ignem
1181 1080 1281 1124 veni
1304 1080 1476 1126 mittere

87 1168 108 1191 »
144 1150 189 1193 in
217 1158 392 1193 terram.
422 1167 444 1190 »
478 1152 742 1193 Exarserunt
774 1149 972 1193 homines
1006 1149 1229 1194 credentes
1266 1151 1312 1194 in
1345 1167 1474 1208 eum,

85 1229 348 1280 acceperunt
369 1221 591 1264 flammam
610 1220 829 1264 charitatis
846 1239 854 1264 :
876 1229 1103 1279 propterea
1120 1231 1162 1265 et
1182 1221 1272 1280 ipse
1292 1223 1475 1281 Spiritus

83 1300 257 1335 sanctus
278 1307 380 1335 cum
402 1291 556 1334 missus
574 1299 683 1335 esset
704 1290 944 1350 Apostolis,
970 1291 1028 1335 sic
1055 1293 1255 1350 apparuit
1276 1311 1283 1337 z
1315 1312 1335 1334 ‹<
1362 1293 1476 1336 Visae

85 1380 106 1404 »
141 1372 244 1407 sunt
264 1362 372 1418 illis,
397 1362 560 1422 inquit,
586 1361 746 1421 linguae
770 1362 916 1406 divisae
937 1363 1058 1406 velut
1084 1363 1216 1421 ignis,
1242 1363 1318 1423 qui
1342 1373 1384 1407 et
1406 1364 1474 1407 in·-

84 1451 106 1476 >›
141 1434 251 1479 sedit
274 1450 404 1494 super
420 1450 783 1494 unumquemque
807 1433 1024 1478 illorum1.
1045 1453 1065 1475 »
1085 1437 1171 1478 Isto
1189 1436 1288 1493 igne
1305 1436 1474 1479 inflam-

79 1506 186 1550 mati
209 1514 440 1565 coeperunt
471 1505 533 1548 ire
564 1520 642 1564 per
665 1504 907 1559 mnndum,
938 1513 981 1548 et
1009 1505 1281 1548 inflammare
1298 1541 1308 1559 ,
1336 1515 1379 1549 et
1401 1506 1472 1549 in-

82 1575 267 1620 cendere
281 1577 325 1620 in
353 1575 539 1620 circuitu
556 1575 752 1620 inimicos
775 1576 882 1635 ejus.
904 1580 1018 1628 Qnos
1039 1575 1235 1620 inimicos
1251 1577 1365 1635 ejus?
1387 1577 1472 1629 Qui

81 1647 253 1691 deserto
279 1650 386 1702 Deo,
411 1663 435 1691 a
457 1662 545 1707 quo
568 1645 673 1691 sacti
690 1655 834 1702 erant,
861 1645 1100 1690 adorabant
1117 1646 1345 1691 simulacra
1371 1662 1472 1706 quae

81 1716 290 1762 fecerant.
318 1717 404 1777 Ipsi
430 1716 795 1771 incendebantur,
822 1717 855 1760 si
877 1716 980 1760 mali
1006 1725 1149 1771 erant,
1179 1717 1234 1760 ad
1262 1732 1470 1761 consum-

82 1788 274 1848 ptionem
293 1809 305 1845 3
330 1788 363 1831 si
385 1788 491 1831 boni
513 1796 656 1842 erant,
682 1786 737 1831 ad
757 1787 1073 1846 reparationem
1095 1807 1103 1831 :
1125 1796 1200 1831 aut
1216 1787 1305 1846 ipse
1317 1787 1471 1831 incen-

80 1857 283 1911 debatur,
301 1858 377 1918 qui
401 1856 579 1901 nolebat
600 1856 797 1912 credere,
822 1857 898 1902 illo
921 1858 1034 1915 igne,
1051 1857 1201 1901 audito
1219 1858 1353 1902 verbo
1375 1857 1473 1912 Dei3¹

80 1928 221 1974 factus
249 1931 385 1989 pejor,
417 1928 580 1972 invidia
608 1944 684 1973 sua
707 1938 862 1973 exutus
892 1938 1023 1988 atque
1048 1938 1332 1987 consumptus
1359 1948 1368 1973 ε
1395 1937 1471 1973 aut

81 1999 114 2044 si
138 2009 466 2045 converteretur
485 2009 528 2043 et
551 2000 767 2055 erederet,
795 2015 875 2044 nec
898 2000 956 2043 sic
980 2000 1026 2043 in
1048 1999 1123 2044 illo
1146 1999 1257 2043 nihil
1281 2000 1464 2045 arsisset.

79 2074 253 2116 Arserat
274 2071 389 2115 enim
413 2071 582 2115 foenum
597 2106 607 2126 ,
630 2080 679 2115 ut
701 2080 959 2130 purgaretur
979 2086 1149 2115 aurum.
1174 2074 1343 2115 Aurum
1362 2069 1469 2114 fides

80 2151 165 2198 est,
187 2142 358 2186 foenum
380 2141 563 2186 carnalis
579 2142 929 2201 concupiscentia
953 2151 1030 2186 est.
1062 2161 1078 2182 «
1097 2140 1247 2185 Omnis
1261 2157 1358 2186 caro
1381 2141 1470 2185 soe-

82 2231 102 2255 »
138 2229 245 2256 num
258 2249 268 2268 ,
294 2216 426 2257 Isaias
439 2212 560 2268 dicit,
582 2222 624 2256 et
637 2213 777 2257 omnis
793 2213 934 2257 honor
947 2212 1100 2266 carnis,
1121 2221 1170 2256 ut
1185 2213 1264 2256 ssos
1281 2211 1434 2256 foeni2.
1446 2231 1464 2252 »

80 2283 306 2344 Quidquid
340 2293 404 2327 est
435 2299 535 2342 ergo
571 2283 616 2326 in
644 2283 822 2327 homine
856 2283 1016 2327 carnali
1049 2292 1255 2342 appetens
1287 2298 1398 2325 vana
1426 2290 1469 2326 et

78 2354 315 2409 saecularia,
343 2353 515 2397 foenum
536 2363 614 2397 est.
640 2357 781 2407 Quam
800 2353 925 2398 multi
943 2352 1069 2408 sorte,
1095 2362 1138 2396 ct
1155 2353 1306 2396 fratres
1329 2353 1466 2396 nostri

80 2426 225 2470 ierunt
239 2425 291 2469 ad
307 2426 553 2470 theatrum?
568 2428 708 2470 Foeno
724 2425 845 2469 ducti
859 2434 975 2469 sunt.
997 2427 1152 2470 Nonne
1170 2423 1388 2483 optandus
1404 2432 1468 2466 est

80 2495 166 2540 illis
185 2496 262 2540 iste
284 2496 412 2554 ignis,
431 2505 481 2540 ut
495 2495 667 2540 foenum
683 2496 848 2549 ardeat,
864 2505 906 2539 et
924 2511 1077 2539 aurum
1091 2491 1466 2554 purgeturPQnod

82 2566 195 2610 enim
219 2565 301 2610 illis
324 2566 435 2611 inest
458 2565 559 2610 fidei.
574 2602 584 2621 ,
611 2565 733 2611 foeno
756 2566 980 2625 premitur.
1007 2568 1174 2610 Bonum
1201 2573 1262 2608 est
1284 2578 1384 2619 ergo
1407 2562 1466 2611 eis

130 2657 138 2672 ¹
159 2653 230 2682 Aci.
247 2662 280 2691 u,
302 2651 331 2682 3.
353 2667 393 2673 —-
416 2658 427 2673 ²
444 2652 511 2683 lsai.
530 2661 579 2685 xi„
604 2650 635 2681 6.
