<?xml version="1.0" encoding="UTF-8"?>
<!DOCTYPE html PUBLIC "-//W3C//DTD XHTML 1.0 Transitional//EN"
    "http://www.w3.org/TR/xhtml1/DTD/xhtml1-transitional.dtd">
<html xmlns="http://www.w3.org/1999/xhtml" xml:lang="en" lang="en">
 <head>
  <title>
</title>
<meta http-equiv="Content-Type" content="text/html;charset=utf-8" />
  <meta name='ocr-system' content='tesseract 3.04.00' />
  <meta name='ocr-capabilities' content='ocr_page ocr_carea ocr_par ocr_line ocrx_word'/>
</head>
<body>
  <div class='ocr_page' id='page_1' title='image "./operaomniaaccura10auguuoft_0304.png"; bbox 0 0 1926 3339; ppageno 0'>
   <div class='ocr_carea' id='block_1_1' title="bbox 484 313 1429 351">
    <p class='ocr_par' dir='ltr' id='par_1_1' title="bbox 484 313 1429 351">
     <span class='ocr_line' id='line_1_1' title="bbox 484 313 1429 351; baseline -0.003 0"><span class='ocrx_word' id='word_1_1' title='bbox 484 313 566 351; x_wconf 68' lang='lat'>238</span> <span class='ocrx_word' id='word_1_2' title='bbox 916 325 949 350; x_wconf 88' lang='lat' dir='ltr'>s.</span> <span class='ocrx_word' id='word_1_3' title='bbox 985 322 1215 350; x_wconf 66' lang='lat' dir='ltr'>Aucusnm</span> <span class='ocrx_word' id='word_1_4' title='bbox 1247 321 1429 349; x_wconf 73' lang='lat' dir='ltr'>Emscom</span> 
     </span>
    </p>
   </div>
   <div class='ocr_carea' id='block_1_2' title="bbox 461 382 1916 2570">
    <p class='ocr_par' dir='ltr' id='par_1_2' title="bbox 478 382 1906 728">
     <span class='ocr_line' id='line_1_2' title="bbox 478 382 1906 446; baseline -0.001 -15"><span class='ocrx_word' id='word_1_5' title='bbox 478 387 560 446; x_wconf 88' lang='lat' dir='ltr'>ipsi</span> <span class='ocrx_word' id='word_1_6' title='bbox 583 401 719 446; x_wconf 85' lang='lat' dir='ltr'>genus</span> <span class='ocrx_word' id='word_1_7' title='bbox 738 385 854 430; x_wconf 88' lang='lat' dir='ltr'>illius</span> <span class='ocrx_word' id='word_1_8' title='bbox 877 386 1027 430; x_wconf 84' lang='lat' dir='ltr'>mortis</span> <span class='ocrx_word' id='word_1_9' title='bbox 1043 385 1282 430; x_wconf 85' lang='lat' dir='ltr'>horrebant</span> <span class='ocrx_word' id='word_1_10' title='bbox 1301 404 1310 429; x_wconf 72' lang='grc' dir='ltr'>ε</span> <span class='ocrx_word' id='word_1_11' title='bbox 1341 383 1417 429; x_wconf 88' lang='lat' dir='ltr'>sed</span> <span class='ocrx_word' id='word_1_12' title='bbox 1432 383 1587 428; x_wconf 90' lang='lat' dir='ltr'>melius</span> <span class='ocrx_word' id='word_1_13' title='bbox 1607 382 1863 441; x_wconf 77' lang='lat' dir='ltr'>intelligitur</span> <span class='ocrx_word' id='word_1_14' title='bbox 1902 387 1906 390; x_wconf 73' lang='grc'>’</span> 
     </span>
     <span class='ocr_line' id='line_1_3' title="bbox 480 453 1905 517; baseline -0.002 -16"><span class='ocrx_word' id='word_1_15' title='bbox 480 457 536 501; x_wconf 86' lang='lat' dir='ltr'>de</span> <span class='ocrx_word' id='word_1_16' title='bbox 557 457 623 501; x_wconf 90' lang='lat' dir='ltr'>his</span> <span class='ocrx_word' id='word_1_17' title='bbox 639 493 649 508; x_wconf 94' lang='lat'>,</span> <span class='ocrx_word' id='word_1_18' title='bbox 673 456 728 501; x_wconf 93' lang='lat' dir='ltr'>de</span> <span class='ocrx_word' id='word_1_19' title='bbox 752 457 912 517; x_wconf 89' lang='lat' dir='ltr'>quibus</span> <span class='ocrx_word' id='word_1_20' title='bbox 944 457 1029 500; x_wconf 86' lang='lat' dir='ltr'>suis</span> <span class='ocrx_word' id='word_1_21' title='bbox 1053 455 1402 515; x_wconf 81' lang='lat' dir='ltr'>persecutoribus</span> <span class='ocrx_word' id='word_1_22' title='bbox 1425 453 1623 513; x_wconf 87' lang='lat' dir='ltr'>superius</span> <span class='ocrx_word' id='word_1_23' title='bbox 1651 453 1863 513; x_wconf 88' lang='lat' dir='ltr'>loqueba-</span> <span class='ocrx_word' id='word_1_24' title='bbox 1901 459 1905 467; x_wconf 87' lang='grc'><strong>“</strong></span> 
     </span>
     <span class='ocr_line' id='line_1_4' title="bbox 479 516 1903 587; baseline -0.002 -15"><span class='ocrx_word' id='word_1_25' title='bbox 479 537 577 572; x_wconf 87' lang='lat' dir='ltr'>tur:</span> <span class='ocrx_word' id='word_1_26' title='bbox 607 548 627 570; x_wconf 93' lang='lat'>«</span> <span class='ocrx_word' id='word_1_27' title='bbox 654 527 853 572; x_wconf 84' lang='lat' dir='ltr'>Traditus</span> <span class='ocrx_word' id='word_1_28' title='bbox 869 543 982 583; x_wconf 85' lang='lat' dir='ltr'>sum,</span> <span class='ocrx_word' id='word_1_29' title='bbox 1007 528 1171 587; x_wconf 79' lang='lat' dir='ltr'>inquit,</span> <span class='ocrx_word' id='word_1_30' title='bbox 1194 536 1238 571; x_wconf 86' lang='lat' dir='ltr'>et</span> <span class='ocrx_word' id='word_1_31' title='bbox 1258 542 1346 570; x_wconf 93' lang='lat' dir='ltr'>non</span> <span class='ocrx_word' id='word_1_32' title='bbox 1365 525 1632 584; x_wconf 87' lang='lat' dir='ltr'>egrediebar.</span> <span class='ocrx_word' id='word_1_33' title='bbox 1661 543 1681 566; x_wconf 93' lang='lat'>»</span> <span class='ocrx_word' id='word_1_34' title='bbox 1708 526 1864 569; x_wconf 86' lang='lat' dir='ltr'>Utrum</span> <span class='ocrx_word' id='word_1_35' title='bbox 1902 516 1903 519; x_wconf 12' lang='grc' dir='ltr'><strong>Ἴ</strong></span> 
     </span>
     <span class='ocr_line' id='line_1_5' title="bbox 479 593 1906 659; baseline -0.004 -17"><span class='ocrx_word' id='word_1_36' title='bbox 479 599 581 659; x_wconf 90' lang='lat' dir='ltr'>quia</span> <span class='ocrx_word' id='word_1_37' title='bbox 602 598 707 643; x_wconf 84' lang='lat' dir='ltr'>foris</span> <span class='ocrx_word' id='word_1_38' title='bbox 724 607 846 642; x_wconf 89' lang='lat' dir='ltr'>erant</span> <span class='ocrx_word' id='word_1_39' title='bbox 863 597 1065 657; x_wconf 83' lang='lat' dir='ltr'>Discipuli</span> <span class='ocrx_word' id='word_1_40' title='bbox 1087 599 1222 657; x_wconf 86' lang='lat' dir='ltr'>ejus¹‚</span> <span class='ocrx_word' id='word_1_41' title='bbox 1247 595 1425 656; x_wconf 84' lang='lat' dir='ltr'>quando</span> <span class='ocrx_word' id='word_1_42' title='bbox 1441 595 1537 654; x_wconf 66' lang='lat' dir='ltr'>‚ipse</span> <span class='ocrx_word' id='word_1_43' title='bbox 1558 595 1675 638; x_wconf 88' lang='lat' dir='ltr'>intus</span> <span class='ocrx_word' id='word_1_44' title='bbox 1690 593 1863 654; x_wconf 85' lang='lat' dir='ltr'>judica-</span> <span class='ocrx_word' id='word_1_45' title='bbox 1902 602 1906 604; x_wconf 71' lang='grc'><strong><em>’</em></strong></span> 
     </span>
     <span class='ocr_line' id='line_1_6' title="bbox 478 665 1864 728; baseline -0.002 -15"><span class='ocrx_word' id='word_1_46' title='bbox 478 671 633 713; x_wconf 90' lang='lat' dir='ltr'>batur:</span> <span class='ocrx_word' id='word_1_47' title='bbox 660 685 714 712; x_wconf 88' lang='lat' dir='ltr'>an</span> <span class='ocrx_word' id='word_1_48' title='bbox 732 669 903 728; x_wconf 90' lang='lat' dir='ltr'>potius:</span> <span class='ocrx_word' id='word_1_49' title='bbox 932 687 949 708; x_wconf 90' lang='lat'>«</span> <span class='ocrx_word' id='word_1_50' title='bbox 977 671 1073 713; x_wconf 88' lang='lat' dir='ltr'>Non</span> <span class='ocrx_word' id='word_1_51' title='bbox 1100 667 1380 726; x_wconf 72' lang='lat' dir='ltr'>egrediebar,</span> <span class='ocrx_word' id='word_1_52' title='bbox 1411 687 1428 707; x_wconf 95' lang='lat'>»</span> <span class='ocrx_word' id='word_1_53' title='bbox 1455 665 1582 710; x_wconf 82' lang='lat' dir='ltr'>altius</span> <span class='ocrx_word' id='word_1_54' title='bbox 1602 666 1769 709; x_wconf 87' lang='lat' dir='ltr'>dictum</span> <span class='ocrx_word' id='word_1_55' title='bbox 1790 665 1864 710; x_wconf 77' lang='lat' dir='ltr'>de-v</span> 
     </span>
    </p>

    <p class='ocr_par' dir='ltr' id='par_1_3' title="bbox 474 728 1904 1012">
     <span class='ocr_line' id='line_1_7' title="bbox 477 728 1903 799; baseline -0.001 -16"><span class='ocrx_word' id='word_1_56' title='bbox 477 739 630 783; x_wconf 91' lang='lat' dir='ltr'>bemus</span> <span class='ocrx_word' id='word_1_57' title='bbox 652 739 861 799; x_wconf 80' lang='lat' dir='ltr'>accipere,</span> <span class='ocrx_word' id='word_1_58' title='bbox 885 738 931 782; x_wconf 92' lang='lat' dir='ltr'>id</span> <span class='ocrx_word' id='word_1_59' title='bbox 953 747 1032 793; x_wconf 83' lang='lat' dir='ltr'>est,</span> <span class='ocrx_word' id='word_1_60' title='bbox 1051 739 1097 782; x_wconf 91' lang='lat' dir='ltr'>in</span> <span class='ocrx_word' id='word_1_61' title='bbox 1113 737 1391 781; x_wconf 88' lang='lat' dir='ltr'>interioribus</span> <span class='ocrx_word' id='word_1_62' title='bbox 1412 735 1518 780; x_wconf 80' lang='lat' dir='ltr'>meis</span> <span class='ocrx_word' id='word_1_63' title='bbox 1541 735 1747 789; x_wconf 82' lang='lat' dir='ltr'>latebam,</span> <span class='ocrx_word' id='word_1_64' title='bbox 1772 751 1862 782; x_wconf 86' lang='lat' dir='ltr'>non</span> <span class='ocrx_word' id='word_1_65' title='bbox 1902 728 1903 731; x_wconf 12' lang='grc' dir='ltr'><strong>Ἴ</strong></span> 
     </span>
     <span class='ocr_line' id='line_1_8' title="bbox 476 800 1864 870; baseline -0.003 -16"><span class='ocrx_word' id='word_1_66' title='bbox 476 809 759 854; x_wconf 85' lang='lat' dir='ltr'>ostendebam</span> <span class='ocrx_word' id='word_1_67' title='bbox 777 810 875 870; x_wconf 86' lang='lat' dir='ltr'>quis</span> <span class='ocrx_word' id='word_1_68' title='bbox 896 800 1031 853; x_wconf 83' lang='lat' dir='ltr'>essem</span> <span class='ocrx_word' id='word_1_69' title='bbox 1048 844 1059 864; x_wconf 83' lang='lat'><strong>‚</strong></span> <span class='ocrx_word' id='word_1_70' title='bbox 1092 824 1181 853; x_wconf 90' lang='lat' dir='ltr'>non</span> <span class='ocrx_word' id='word_1_71' title='bbox 1202 806 1478 867; x_wconf 80' lang='lat' dir='ltr'>propalabar,</span> <span class='ocrx_word' id='word_1_72' title='bbox 1504 822 1593 850; x_wconf 91' lang='lat' dir='ltr'>non</span> <span class='ocrx_word' id='word_1_73' title='bbox 1614 805 1864 851; x_wconf 80' lang='lat' dir='ltr'>manifesta-</span> 
     </span>
     <span class='ocr_line' id='line_1_9' title="bbox 474 878 1904 941; baseline -0.002 -16"><span class='ocrx_word' id='word_1_74' title='bbox 474 882 588 925; x_wconf 73' lang='lat' dir='ltr'>bar?</span> <span class='ocrx_word' id='word_1_75' title='bbox 614 885 671 926; x_wconf 87' lang='lat' dir='ltr'>Et</span> <span class='ocrx_word' id='word_1_76' title='bbox 702 881 802 925; x_wconf 89' lang='lat' dir='ltr'>ideo</span> <span class='ocrx_word' id='word_1_77' title='bbox 830 882 1027 941; x_wconf 88' lang='lat' dir='ltr'>sequitur</span> <span class='ocrx_word' id='word_1_78' title='bbox 1054 900 1062 925; x_wconf 73' lang='grc' dir='ltr'>ε</span> <span class='ocrx_word' id='word_1_79' title='bbox 1103 900 1123 922; x_wconf 76' lang='grc' dir='ltr'>α</span> <span class='ocrx_word' id='word_1_80' title='bbox 1155 878 1283 923; x_wconf 84' lang='lat' dir='ltr'>Oculi</span> <span class='ocrx_word' id='word_1_81' title='bbox 1316 878 1403 922; x_wconf 91' lang='lat' dir='ltr'>mei</span> <span class='ocrx_word' id='word_1_82' title='bbox 1430 878 1638 922; x_wconf 84' lang='lat' dir='ltr'>infirmati</span> <span class='ocrx_word' id='word_1_83' title='bbox 1674 887 1777 922; x_wconf 84' lang='lat' dir='ltr'>sunt</span> <span class='ocrx_word' id='word_1_84' title='bbox 1807 878 1862 922; x_wconf 88' lang='lat' dir='ltr'>ab</span> <span class='ocrx_word' id='word_1_85' title='bbox 1901 923 1904 933; x_wconf 63' lang='grc'>,</span> 
     </span>
     <span class='ocr_line' id='line_1_10' title="bbox 476 947 1863 1012; baseline 0 -19"><span class='ocrx_word' id='word_1_86' title='bbox 476 969 497 993; x_wconf 87' lang='lat'>»</span> <span class='ocrx_word' id='word_1_87' title='bbox 533 952 678 1011; x_wconf 89' lang='lat' dir='ltr'>inopia</span> <span class='ocrx_word' id='word_1_88' title='bbox 691 955 723 995; x_wconf 75' lang='lat'>².</span> <span class='ocrx_word' id='word_1_89' title='bbox 748 970 768 992; x_wconf 91' lang='lat'>»</span> <span class='ocrx_word' id='word_1_90' title='bbox 789 953 898 996; x_wconf 82' lang='lat' dir='ltr'>Nam</span> <span class='ocrx_word' id='word_1_91' title='bbox 919 967 1028 1012; x_wconf 84' lang='lat' dir='ltr'>quos</span> <span class='ocrx_word' id='word_1_92' title='bbox 1050 952 1142 1011; x_wconf 86' lang='lat' dir='ltr'>ejus</span> <span class='ocrx_word' id='word_1_93' title='bbox 1165 948 1313 994; x_wconf 87' lang='lat' dir='ltr'>oculos</span> <span class='ocrx_word' id='word_1_94' title='bbox 1335 947 1600 992; x_wconf 87' lang='lat' dir='ltr'>intellecturi</span> <span class='ocrx_word' id='word_1_95' title='bbox 1621 949 1796 992; x_wconf 81' lang='lat' dir='ltr'>sumus?</span> <span class='ocrx_word' id='word_1_96' title='bbox 1819 948 1863 993; x_wconf 90' lang='lat' dir='ltr'>Si</span> 
     </span>
    </p>

    <p class='ocr_par' dir='ltr' id='par_1_4' title="bbox 474 1018 1864 1081">
     <span class='ocr_line' id='line_1_11' title="bbox 474 1018 1864 1081; baseline -0.001 -16"><span class='ocrx_word' id='word_1_97' title='bbox 474 1026 704 1066; x_wconf 82' lang='lat' dir='ltr'>exteriores</span> <span class='ocrx_word' id='word_1_98' title='bbox 725 1022 770 1065; x_wconf 93' lang='lat' dir='ltr'>in</span> <span class='ocrx_word' id='word_1_99' title='bbox 785 1038 914 1065; x_wconf 89' lang='lat' dir='ltr'>carne</span> <span class='ocrx_word' id='word_1_100' title='bbox 939 1023 985 1065; x_wconf 88' lang='lat' dir='ltr'>in</span> <span class='ocrx_word' id='word_1_101' title='bbox 1006 1037 1090 1081; x_wconf 84' lang='lat' dir='ltr'>qua</span> <span class='ocrx_word' id='word_1_102' title='bbox 1112 1021 1358 1080; x_wconf 84' lang='lat' dir='ltr'>patiebatur</span> <span class='ocrx_word' id='word_1_103' title='bbox 1385 1019 1551 1078; x_wconf 90' lang='lat' dir='ltr'>positos</span> <span class='ocrx_word' id='word_1_104' title='bbox 1567 1054 1578 1073; x_wconf 70' lang='lat'><strong>⁷</strong></span> <span class='ocrx_word' id='word_1_105' title='bbox 1611 1034 1700 1062; x_wconf 83' lang='lat' dir='ltr'>non</span> <span class='ocrx_word' id='word_1_106' title='bbox 1723 1033 1796 1063; x_wconf 91' lang='lat' dir='ltr'>eos</span> <span class='ocrx_word' id='word_1_107' title='bbox 1816 1018 1864 1063; x_wconf 86' lang='lat' dir='ltr'>in</span> 
     </span>
    </p>

    <p class='ocr_par' dir='ltr' id='par_1_5' title="bbox 474 1089 1862 1152">
     <span class='ocr_line' id='line_1_12' title="bbox 474 1089 1862 1152; baseline -0.003 -16"><span class='ocrx_word' id='word_1_108' title='bbox 474 1094 564 1152; x_wconf 82' lang='lat' dir='ltr'>ejus</span> <span class='ocrx_word' id='word_1_109' title='bbox 590 1094 786 1152; x_wconf 85' lang='lat' dir='ltr'>passione</span> <span class='ocrx_word' id='word_1_110' title='bbox 816 1092 1000 1151; x_wconf 81' lang='lat' dir='ltr'>legimus</span> <span class='ocrx_word' id='word_1_111' title='bbox 1022 1093 1262 1135; x_wconf 81' lang='lat' dir='ltr'>infirmatos</span> <span class='ocrx_word' id='word_1_112' title='bbox 1285 1090 1339 1135; x_wconf 83' lang='lat' dir='ltr'>ab</span> <span class='ocrx_word' id='word_1_113' title='bbox 1368 1090 1511 1149; x_wconf 85' lang='lat' dir='ltr'>inopia</span> <span class='ocrx_word' id='word_1_114' title='bbox 1531 1122 1542 1142; x_wconf 85' lang='lat'>‚</span> <span class='ocrx_word' id='word_1_115' title='bbox 1569 1089 1613 1132; x_wconf 90' lang='lat' dir='ltr'>id</span> <span class='ocrx_word' id='word_1_116' title='bbox 1642 1098 1726 1143; x_wconf 81' lang='lat' dir='ltr'>est,</span> <span class='ocrx_word' id='word_1_117' title='bbox 1762 1097 1862 1133; x_wconf 88' lang='lat' dir='ltr'>tan-</span> 
     </span>
    </p>

    <p class='ocr_par' dir='ltr' id='par_1_6' title="bbox 473 1159 1886 1288">
     <span class='ocr_line' id='line_1_13' title="bbox 473 1159 1886 1224; baseline -0.002 -17"><span class='ocrx_word' id='word_1_118' title='bbox 473 1179 606 1224; x_wconf 83' lang='lat' dir='ltr'>quam</span> <span class='ocrx_word' id='word_1_119' title='bbox 632 1163 769 1217; x_wconf 85' lang='lat' dir='ltr'>fame,</span> <span class='ocrx_word' id='word_1_120' title='bbox 800 1173 850 1207; x_wconf 85' lang='lat' dir='ltr'>ut</span> <span class='ocrx_word' id='word_1_121' title='bbox 877 1163 1053 1217; x_wconf 86' lang='lat' dir='ltr'>assolet,</span> <span class='ocrx_word' id='word_1_122' title='bbox 1089 1162 1319 1220; x_wconf 82' lang='lat' dir='ltr'>languisse.</span> <span class='ocrx_word' id='word_1_123' title='bbox 1361 1165 1463 1205; x_wconf 88' lang='lat' dir='ltr'>Post</span> <span class='ocrx_word' id='word_1_124' title='bbox 1496 1175 1668 1212; x_wconf 80' lang='lat' dir='ltr'>coenam</span> <span class='ocrx_word' id='word_1_125' title='bbox 1700 1159 1886 1219; x_wconf 10' lang='lat' dir='ltr'>quippe?</span> 
     </span>
     <span class='ocr_line' id='line_1_14' title="bbox 473 1230 1859 1288; baseline -0.004 -10"><span class='ocrx_word' id='word_1_126' title='bbox 473 1250 593 1278; x_wconf 89' lang='lat' dir='ltr'>suam</span> <span class='ocrx_word' id='word_1_127' title='bbox 616 1234 823 1288; x_wconf 88' lang='lat' dir='ltr'>traditus,</span> <span class='ocrx_word' id='word_1_128' title='bbox 851 1243 896 1278; x_wconf 91' lang='lat' dir='ltr'>et</span> <span class='ocrx_word' id='word_1_129' title='bbox 917 1234 1068 1277; x_wconf 89' lang='lat' dir='ltr'>eodem</span> <span class='ocrx_word' id='word_1_130' title='bbox 1094 1232 1163 1276; x_wconf 88' lang='lat' dir='ltr'>die</span> <span class='ocrx_word' id='word_1_131' title='bbox 1186 1233 1414 1277; x_wconf 81' lang='lat' dir='ltr'>crucifixus</span> <span class='ocrx_word' id='word_1_132' title='bbox 1431 1241 1508 1275; x_wconf 90' lang='lat' dir='ltr'>est.</span> <span class='ocrx_word' id='word_1_133' title='bbox 1542 1231 1585 1275; x_wconf 89' lang='lat' dir='ltr'>Si</span> <span class='ocrx_word' id='word_1_134' title='bbox 1607 1230 1832 1274; x_wconf 85' lang='lat' dir='ltr'>interiores</span> <span class='ocrx_word' id='word_1_135' title='bbox 1846 1265 1859 1286; x_wconf 88' lang='lat'>,</span> 
     </span>
    </p>

    <p class='ocr_par' dir='ltr' id='par_1_7' title="bbox 461 1299 1916 2570">
     <span class='ocr_line' id='line_1_15' title="bbox 472 1299 1909 1364; baseline -0.003 -16"><span class='ocrx_word' id='word_1_136' title='bbox 472 1303 695 1364; x_wconf 86' lang='lat' dir='ltr'>quomodo</span> <span class='ocrx_word' id='word_1_137' title='bbox 722 1303 930 1347; x_wconf 88' lang='lat' dir='ltr'>infirmati</span> <span class='ocrx_word' id='word_1_138' title='bbox 957 1312 1059 1347; x_wconf 90' lang='lat' dir='ltr'>sunt</span> <span class='ocrx_word' id='word_1_139' title='bbox 1083 1303 1138 1347; x_wconf 92' lang='lat' dir='ltr'>ab</span> <span class='ocrx_word' id='word_1_140' title='bbox 1161 1302 1332 1362; x_wconf 80' lang='lat' dir='ltr'>inopia,</span> <span class='ocrx_word' id='word_1_141' title='bbox 1357 1317 1458 1345; x_wconf 88' lang='lat' dir='ltr'>cum</span> <span class='ocrx_word' id='word_1_142' title='bbox 1490 1301 1537 1344; x_wconf 91' lang='lat' dir='ltr'>in</span> <span class='ocrx_word' id='word_1_143' title='bbox 1564 1300 1623 1344; x_wconf 87' lang='lat' dir='ltr'>eis</span> <span class='ocrx_word' id='word_1_144' title='bbox 1646 1310 1757 1345; x_wconf 87' lang='lat' dir='ltr'>esset</span> <span class='ocrx_word' id='word_1_145' title='bbox 1785 1299 1862 1345; x_wconf 85' lang='lat' dir='ltr'>lux</span> <span class='ocrx_word' id='word_1_146' title='bbox 1905 1347 1909 1359; x_wconf 33' lang='grc' dir='ltr'><strong><em>Δ</em></strong></span> 
     </span>
     <span class='ocr_line' id='line_1_16' title="bbox 471 1362 1909 1432; baseline -0.003 -13"><span class='ocrx_word' id='word_1_147' title='bbox 471 1375 755 1419; x_wconf 80' lang='lat' dir='ltr'>indeficiens?</span> <span class='ocrx_word' id='word_1_148' title='bbox 778 1375 862 1420; x_wconf 90' lang='lat' dir='ltr'>Sed</span> <span class='ocrx_word' id='word_1_149' title='bbox 878 1375 1082 1418; x_wconf 85' lang='lat' dir='ltr'>nimirum</span> <span class='ocrx_word' id='word_1_150' title='bbox 1106 1373 1261 1419; x_wconf 82' lang='lat' dir='ltr'>oculos</span> <span class='ocrx_word' id='word_1_151' title='bbox 1276 1389 1374 1418; x_wconf 90' lang='lat' dir='ltr'>suos</span> <span class='ocrx_word' id='word_1_152' title='bbox 1396 1372 1502 1416; x_wconf 83' lang='lat' dir='ltr'>dixit</span> <span class='ocrx_word' id='word_1_153' title='bbox 1518 1372 1714 1416; x_wconf 87' lang='lat' dir='ltr'>membra</span> <span class='ocrx_word' id='word_1_154' title='bbox 1731 1406 1742 1427; x_wconf 89' lang='lat'>,</span> <span class='ocrx_word' id='word_1_155' title='bbox 1762 1387 1862 1432; x_wconf 81' lang='lat' dir='ltr'>quae</span> <span class='ocrx_word' id='word_1_156' title='bbox 1902 1362 1909 1384; x_wconf 73' lang='lat'>⁴</span> 
     </span>
     <span class='ocr_line' id='line_1_17' title="bbox 470 1442 1892 1506; baseline -0.001 -16"><span class='ocrx_word' id='word_1_157' title='bbox 470 1447 516 1490; x_wconf 91' lang='lat' dir='ltr'>in</span> <span class='ocrx_word' id='word_1_158' title='bbox 532 1462 611 1490; x_wconf 90' lang='lat' dir='ltr'>suo</span> <span class='ocrx_word' id='word_1_159' title='bbox 632 1462 829 1506; x_wconf 87' lang='lat' dir='ltr'>corpore,</span> <span class='ocrx_word' id='word_1_160' title='bbox 855 1446 927 1490; x_wconf 90' lang='lat' dir='ltr'>cui</span> <span class='ocrx_word' id='word_1_161' title='bbox 949 1455 1082 1504; x_wconf 70' lang='lat' dir='ltr'>caput</span> <span class='ocrx_word' id='word_1_162' title='bbox 1103 1455 1167 1489; x_wconf 85' lang='lat' dir='ltr'>est</span> <span class='ocrx_word' id='word_1_163' title='bbox 1187 1445 1295 1504; x_wconf 86' lang='lat' dir='ltr'>ipse,</span> <span class='ocrx_word' id='word_1_164' title='bbox 1321 1443 1499 1488; x_wconf 86' lang='lat' dir='ltr'>clariora</span> <span class='ocrx_word' id='word_1_165' title='bbox 1518 1451 1562 1486; x_wconf 89' lang='lat' dir='ltr'>et</span> <span class='ocrx_word' id='word_1_166' title='bbox 1575 1442 1861 1489; x_wconf 83' lang='lat' dir='ltr'>eminentiora</span> <span class='ocrx_word' id='word_1_167' title='bbox 1887 1480 1892 1483; x_wconf 91' lang='lat'>.</span> 
     </span>
     <span class='ocr_line' id='line_1_18' title="bbox 470 1508 1910 1582; baseline -0.001 -21"><span class='ocrx_word' id='word_1_168' title='bbox 470 1527 513 1562; x_wconf 89' lang='lat' dir='ltr'>et</span> <span class='ocrx_word' id='word_1_169' title='bbox 526 1518 745 1578; x_wconf 65' lang='lat' dir='ltr'>praecipua</span> <span class='ocrx_word' id='word_1_170' title='bbox 762 1516 983 1575; x_wconf 85' lang='lat' dir='ltr'>diligebat.</span> <span class='ocrx_word' id='word_1_171' title='bbox 1003 1520 1064 1561; x_wconf 86' lang='lat' dir='ltr'>De</span> <span class='ocrx_word' id='word_1_172' title='bbox 1082 1533 1170 1577; x_wconf 87' lang='lat' dir='ltr'>quo</span> <span class='ocrx_word' id='word_1_173' title='bbox 1191 1532 1373 1576; x_wconf 89' lang='lat' dir='ltr'>corpore</span> <span class='ocrx_word' id='word_1_174' title='bbox 1395 1514 1628 1574; x_wconf 81' lang='lat' dir='ltr'>Apostolus</span> <span class='ocrx_word' id='word_1_175' title='bbox 1646 1514 1830 1574; x_wconf 89' lang='lat' dir='ltr'>loquens</span> <span class='ocrx_word' id='word_1_176' title='bbox 1843 1549 1856 1570; x_wconf 92' lang='lat'>,</span> <span class='ocrx_word' id='word_1_177' title='bbox 1902 1508 1910 1582; x_wconf 42' lang='grc' dir='ltr'>ζ</span> 
     </span>
     <span class='ocr_line' id='line_1_19' title="bbox 471 1585 1860 1648; baseline -0.001 -16"><span class='ocrx_word' id='word_1_178' title='bbox 471 1598 515 1632; x_wconf 90' lang='lat' dir='ltr'>et</span> <span class='ocrx_word' id='word_1_179' title='bbox 537 1588 592 1632; x_wconf 88' lang='lat' dir='ltr'>de</span> <span class='ocrx_word' id='word_1_180' title='bbox 623 1598 772 1633; x_wconf 89' lang='lat' dir='ltr'>nostro</span> <span class='ocrx_word' id='word_1_181' title='bbox 805 1604 987 1648; x_wconf 86' lang='lat' dir='ltr'>corpore</span> <span class='ocrx_word' id='word_1_182' title='bbox 1012 1586 1341 1632; x_wconf 88' lang='lat' dir='ltr'>similitudinem</span> <span class='ocrx_word' id='word_1_183' title='bbox 1370 1585 1607 1639; x_wconf 80' lang='lat' dir='ltr'>adhibens,</span> <span class='ocrx_word' id='word_1_184' title='bbox 1639 1585 1698 1629; x_wconf 84' lang='lat' dir='ltr'>ait</span> <span class='ocrx_word' id='word_1_185' title='bbox 1722 1604 1732 1630; x_wconf 79' lang='lat'>2</span> <span class='ocrx_word' id='word_1_186' title='bbox 1767 1585 1860 1630; x_wconf 87' lang='lat' dir='ltr'>«.Si</span> 
     </span>
     <span class='ocr_line' id='line_1_20' title="bbox 473 1655 1858 1719; baseline -0.003 -16"><span class='ocrx_word' id='word_1_187' title='bbox 473 1677 493 1700; x_wconf 86' lang='lat'>»</span> <span class='ocrx_word' id='word_1_188' title='bbox 530 1668 672 1703; x_wconf 89' lang='lat' dir='ltr'>totum</span> <span class='ocrx_word' id='word_1_189' title='bbox 706 1674 864 1719; x_wconf 90' lang='lat' dir='ltr'>corpus</span> <span class='ocrx_word' id='word_1_190' title='bbox 896 1658 1049 1703; x_wconf 85' lang='lat' dir='ltr'>oculus</span> <span class='ocrx_word' id='word_1_191' title='bbox 1064 1694 1075 1713; x_wconf 81' lang='lat'>,</span> <span class='ocrx_word' id='word_1_192' title='bbox 1106 1658 1184 1702; x_wconf 91' lang='lat' dir='ltr'>ubi</span> <span class='ocrx_word' id='word_1_193' title='bbox 1208 1656 1413 1702; x_wconf 81' lang='lat' dir='ltr'>auditus?</span> <span class='ocrx_word' id='word_1_194' title='bbox 1435 1657 1469 1701; x_wconf 92' lang='lat' dir='ltr'>si</span> <span class='ocrx_word' id='word_1_195' title='bbox 1490 1666 1634 1700; x_wconf 89' lang='lat' dir='ltr'>totum</span> <span class='ocrx_word' id='word_1_196' title='bbox 1657 1655 1858 1712; x_wconf 83' lang='lat' dir='ltr'>auditus,</span> 
     </span>
     <span class='ocr_line' id='line_1_21' title="bbox 473 1725 1905 1782; baseline -0.001 -11"><span class='ocrx_word' id='word_1_197' title='bbox 473 1749 493 1771; x_wconf 71' lang='lat' dir='ltr'>n</span> <span class='ocrx_word' id='word_1_198' title='bbox 528 1730 605 1774; x_wconf 90' lang='lat' dir='ltr'>ubi</span> <span class='ocrx_word' id='word_1_199' title='bbox 634 1730 868 1773; x_wconf 80' lang='lat' dir='ltr'>odoratus?</span> <span class='ocrx_word' id='word_1_200' title='bbox 890 1729 925 1773; x_wconf 87' lang='lat' dir='ltr'>si</span> <span class='ocrx_word' id='word_1_201' title='bbox 947 1727 1128 1772; x_wconf 86' lang='lat' dir='ltr'>fuissent</span> <span class='ocrx_word' id='word_1_202' title='bbox 1149 1728 1294 1772; x_wconf 85' lang='lat' dir='ltr'>onmia</span> <span class='ocrx_word' id='word_1_203' title='bbox 1315 1742 1455 1771; x_wconf 90' lang='lat' dir='ltr'>unum</span> <span class='ocrx_word' id='word_1_204' title='bbox 1480 1726 1750 1782; x_wconf 86' lang='lat' dir='ltr'>membrum,</span> <span class='ocrx_word' id='word_1_205' title='bbox 1783 1725 1862 1770; x_wconf 91' lang='lat' dir='ltr'>ubi</span> <span class='ocrx_word' id='word_1_206' title='bbox 1902 1731 1905 1739; x_wconf 90' lang='lat'>&#39;</span> 
     </span>
     <span class='ocr_line' id='line_1_22' title="bbox 471 1799 1910 1861; baseline -0.001 -19"><span class='ocrx_word' id='word_1_207' title='bbox 471 1819 492 1842; x_wconf 69' lang='lat' dir='ltr'>n</span> <span class='ocrx_word' id='word_1_208' title='bbox 528 1805 711 1861; x_wconf 77' lang='lat' dir='ltr'>corpus?</span> <span class='ocrx_word' id='word_1_209' title='bbox 731 1803 858 1846; x_wconf 88' lang='lat' dir='ltr'>Nunc</span> <span class='ocrx_word' id='word_1_210' title='bbox 879 1810 1024 1844; x_wconf 88' lang='lat' dir='ltr'>autem</span> <span class='ocrx_word' id='word_1_211' title='bbox 1045 1799 1183 1843; x_wconf 87' lang='lat' dir='ltr'>multa</span> <span class='ocrx_word' id='word_1_212' title='bbox 1206 1799 1417 1854; x_wconf 84' lang='lat' dir='ltr'>membra⁷</span> <span class='ocrx_word' id='word_1_213' title='bbox 1444 1813 1582 1842; x_wconf 90' lang='lat' dir='ltr'>unum</span> <span class='ocrx_word' id='word_1_214' title='bbox 1605 1807 1753 1842; x_wconf 87' lang='lat' dir='ltr'>autem</span> <span class='ocrx_word' id='word_1_215' title='bbox 1769 1813 1862 1842; x_wconf 78' lang='lat' dir='ltr'>cor·</span> <span class='ocrx_word' id='word_1_216' title='bbox 1908 1811 1910 1816; x_wconf 87' lang='lat'>·</span> 
     </span>
     <span class='ocr_line' id='line_1_23' title="bbox 470 1867 1859 1932; baseline 0 -20"><span class='ocrx_word' id='word_1_217' title='bbox 470 1890 490 1912; x_wconf 83' lang='lat'>»</span> <span class='ocrx_word' id='word_1_218' title='bbox 525 1888 622 1932; x_wconf 91' lang='lat' dir='ltr'>pus.</span> <span class='ocrx_word' id='word_1_219' title='bbox 649 1874 747 1916; x_wconf 94' lang='lat' dir='ltr'>Non</span> <span class='ocrx_word' id='word_1_220' title='bbox 774 1879 917 1930; x_wconf 88' lang='lat' dir='ltr'>potest</span> <span class='ocrx_word' id='word_1_221' title='bbox 951 1869 1094 1913; x_wconf 88' lang='lat' dir='ltr'>dicere</span> <span class='ocrx_word' id='word_1_222' title='bbox 1129 1868 1282 1913; x_wconf 90' lang='lat' dir='ltr'>oculus</span> <span class='ocrx_word' id='word_1_223' title='bbox 1309 1869 1512 1912; x_wconf 88' lang='lat' dir='ltr'>manibus</span> <span class='ocrx_word' id='word_1_224' title='bbox 1543 1884 1552 1910; x_wconf 69' lang='grc' dir='ltr'>ε</span> <span class='ocrx_word' id='word_1_225' title='bbox 1588 1869 1709 1928; x_wconf 90' lang='lat' dir='ltr'>Opus</span> <span class='ocrx_word' id='word_1_226' title='bbox 1735 1867 1859 1912; x_wconf 83' lang='lat' dir='ltr'>vobis</span> 
     </span>
     <span class='ocr_line' id='line_1_24' title="bbox 471 1937 1913 1994; baseline -0.001 -10"><span class='ocrx_word' id='word_1_227' title='bbox 471 1961 490 1984; x_wconf 86' lang='lat'>»</span> <span class='ocrx_word' id='word_1_228' title='bbox 527 1959 616 1987; x_wconf 91' lang='lat' dir='ltr'>non</span> <span class='ocrx_word' id='word_1_229' title='bbox 638 1942 795 1986; x_wconf 86' lang='lat' dir='ltr'>habeo.</span> <span class='ocrx_word' id='word_1_230' title='bbox 824 1944 881 1985; x_wconf 88' lang='lat' dir='ltr'>Et</span> <span class='ocrx_word' id='word_1_231' title='bbox 899 1941 933 1985; x_wconf 92' lang='lat' dir='ltr'>si</span> <span class='ocrx_word' id='word_1_232' title='bbox 957 1940 1113 1984; x_wconf 82' lang='lat' dir='ltr'>dixerit</span> <span class='ocrx_word' id='word_1_233' title='bbox 1133 1955 1286 1983; x_wconf 87' lang='lat' dir='ltr'>manus</span> <span class='ocrx_word' id='word_1_234' title='bbox 1306 1959 1314 1984; x_wconf 90' lang='lat'>:</span> <span class='ocrx_word' id='word_1_235' title='bbox 1335 1939 1447 1992; x_wconf 86' lang='lat' dir='ltr'>Quia</span> <span class='ocrx_word' id='word_1_236' title='bbox 1460 1955 1550 1983; x_wconf 90' lang='lat' dir='ltr'>non</span> <span class='ocrx_word' id='word_1_237' title='bbox 1571 1954 1667 1982; x_wconf 92' lang='lat' dir='ltr'>sum</span> <span class='ocrx_word' id='word_1_238' title='bbox 1685 1937 1865 1994; x_wconf 88' lang='lat' dir='ltr'>oculus,&#39;</span> <span class='ocrx_word' id='word_1_239' title='bbox 1907 1945 1913 1965; x_wconf 61' lang='lat'>⁴&gt;</span> 
     </span>
     <span class='ocr_line' id='line_1_25' title="bbox 470 2008 1910 2071; baseline -0.003 -17"><span class='ocrx_word' id='word_1_240' title='bbox 470 2031 490 2054; x_wconf 90' lang='lat'>»</span> <span class='ocrx_word' id='word_1_241' title='bbox 526 2029 613 2057; x_wconf 89' lang='lat' dir='ltr'>non</span> <span class='ocrx_word' id='word_1_242' title='bbox 637 2028 733 2056; x_wconf 90' lang='lat' dir='ltr'>sum</span> <span class='ocrx_word' id='word_1_243' title='bbox 762 2011 817 2056; x_wconf 91' lang='lat' dir='ltr'>de</span> <span class='ocrx_word' id='word_1_244' title='bbox 838 2026 1045 2071; x_wconf 88' lang='lat' dir='ltr'>corpore:</span> <span class='ocrx_word' id='word_1_245' title='bbox 1071 2025 1179 2054; x_wconf 90' lang='lat' dir='ltr'>num</span> <span class='ocrx_word' id='word_1_246' title='bbox 1202 2009 1299 2054; x_wconf 91' lang='lat' dir='ltr'>ideo</span> <span class='ocrx_word' id='word_1_247' title='bbox 1322 2025 1412 2053; x_wconf 90' lang='lat' dir='ltr'>non</span> <span class='ocrx_word' id='word_1_248' title='bbox 1435 2018 1498 2053; x_wconf 90' lang='lat' dir='ltr'>est</span> <span class='ocrx_word' id='word_1_249' title='bbox 1519 2008 1573 2052; x_wconf 91' lang='lat' dir='ltr'>de</span> <span class='ocrx_word' id='word_1_250' title='bbox 1597 2009 1809 2068; x_wconf 82' lang='lat' dir='ltr'>corpore?</span> <span class='ocrx_word' id='word_1_251' title='bbox 1830 2027 1853 2051; x_wconf 88' lang='lat'>»</span> <span class='ocrx_word' id='word_1_252' title='bbox 1906 2019 1910 2050; x_wconf 88' lang='grc'>·.</span> 
     </span>
     <span class='ocr_line' id='line_1_26' title="bbox 465 2079 1910 2139; baseline -0.003 -10"><span class='ocrx_word' id='word_1_253' title='bbox 465 2085 582 2138; x_wconf 86' lang='lat' dir='ltr'>Quid</span> <span class='ocrx_word' id='word_1_254' title='bbox 599 2093 745 2128; x_wconf 89' lang='lat' dir='ltr'>autem</span> <span class='ocrx_word' id='word_1_255' title='bbox 760 2083 828 2127; x_wconf 86' lang='lat' dir='ltr'>his</span> <span class='ocrx_word' id='word_1_256' title='bbox 847 2083 989 2127; x_wconf 90' lang='lat' dir='ltr'>verbis</span> <span class='ocrx_word' id='word_1_257' title='bbox 1011 2081 1144 2126; x_wconf 85' lang='lat' dir='ltr'>vellet</span> <span class='ocrx_word' id='word_1_258' title='bbox 1164 2080 1364 2139; x_wconf 83' lang='lat' dir='ltr'>intelligi,</span> <span class='ocrx_word' id='word_1_259' title='bbox 1384 2079 1629 2124; x_wconf 85' lang='lat' dir='ltr'>evidentius</span> <span class='ocrx_word' id='word_1_260' title='bbox 1650 2080 1858 2139; x_wconf 81' lang='lat' dir='ltr'>expressit</span> <span class='ocrx_word' id='word_1_261' title='bbox 1905 2083 1910 2131; x_wconf 59' lang='grc' dir='ltr'>ζ</span> 
     </span>
     <span class='ocr_line' id='line_1_27' title="bbox 465 2151 1852 2213; baseline -0.004 -13"><span class='ocrx_word' id='word_1_262' title='bbox 465 2156 642 2200; x_wconf 86' lang='lat' dir='ltr'>dicens:</span> <span class='ocrx_word' id='word_1_263' title='bbox 673 2175 694 2198; x_wconf 91' lang='lat'>«</span> <span class='ocrx_word' id='word_1_264' title='bbox 721 2158 807 2200; x_wconf 90' lang='lat' dir='ltr'>Vos</span> <span class='ocrx_word' id='word_1_265' title='bbox 830 2164 976 2199; x_wconf 87' lang='lat' dir='ltr'>autem</span> <span class='ocrx_word' id='word_1_266' title='bbox 999 2154 1097 2198; x_wconf 90' lang='lat' dir='ltr'>estis</span> <span class='ocrx_word' id='word_1_267' title='bbox 1127 2169 1282 2213; x_wconf 87' lang='lat' dir='ltr'>corpus</span> <span class='ocrx_word' id='word_1_268' title='bbox 1310 2152 1472 2197; x_wconf 88' lang='lat' dir='ltr'>Christi</span> <span class='ocrx_word' id='word_1_269' title='bbox 1493 2160 1536 2195; x_wconf 88' lang='lat' dir='ltr'>et</span> <span class='ocrx_word' id='word_1_270' title='bbox 1565 2151 1807 2196; x_wconf 83' lang='lat' dir='ltr'>membra³.</span> <span class='ocrx_word' id='word_1_271' title='bbox 1830 2169 1852 2193; x_wconf 87' lang='lat'>»</span> 
     </span>
     <span class='ocr_line' id='line_1_28' title="bbox 465 2222 1910 2287; baseline -0.002 -16"><span class='ocrx_word' id='word_1_272' title='bbox 465 2230 741 2287; x_wconf 87' lang='lat' dir='ltr'>Quapropter</span> <span class='ocrx_word' id='word_1_273' title='bbox 773 2235 817 2269; x_wconf 89' lang='lat' dir='ltr'>et</span> <span class='ocrx_word' id='word_1_274' title='bbox 847 2225 910 2269; x_wconf 91' lang='lat' dir='ltr'>illi</span> <span class='ocrx_word' id='word_1_275' title='bbox 935 2225 1072 2280; x_wconf 87' lang='lat' dir='ltr'>oculi,</span> <span class='ocrx_word' id='word_1_276' title='bbox 1096 2224 1143 2269; x_wconf 92' lang='lat' dir='ltr'>id</span> <span class='ocrx_word' id='word_1_277' title='bbox 1171 2233 1255 2279; x_wconf 85' lang='lat' dir='ltr'>cst,</span> <span class='ocrx_word' id='word_1_278' title='bbox 1285 2223 1421 2268; x_wconf 86' lang='lat' dir='ltr'>sancti</span> <span class='ocrx_word' id='word_1_279' title='bbox 1446 2223 1670 2281; x_wconf 81' lang='lat' dir='ltr'>Apostoli,</span> <span class='ocrx_word' id='word_1_280' title='bbox 1696 2222 1855 2283; x_wconf 91' lang='lat' dir='ltr'>quibus</span> <span class='ocrx_word' id='word_1_281' title='bbox 1906 2280 1910 2283; x_wconf 18' lang='lat' dir='ltr'><strong><em>q</em></strong></span> 
     </span>
     <span class='ocr_line' id='line_1_29' title="bbox 464 2293 1913 2354; baseline -0.002 -13"><span class='ocrx_word' id='word_1_282' title='bbox 464 2313 555 2342; x_wconf 92' lang='lat' dir='ltr'>non</span> <span class='ocrx_word' id='word_1_283' title='bbox 576 2296 841 2341; x_wconf 86' lang='lat' dir='ltr'>revelaverat</span> <span class='ocrx_word' id='word_1_284' title='bbox 856 2311 956 2339; x_wconf 89' lang='lat' dir='ltr'>caro</span> <span class='ocrx_word' id='word_1_285' title='bbox 974 2304 1017 2339; x_wconf 86' lang='lat' dir='ltr'>et</span> <span class='ocrx_word' id='word_1_286' title='bbox 1034 2295 1223 2354; x_wconf 77' lang='lat' dir='ltr'>sanguis,</span> <span class='ocrx_word' id='word_1_287' title='bbox 1243 2293 1317 2337; x_wconf 91' lang='lat' dir='ltr'>sed</span> <span class='ocrx_word' id='word_1_288' title='bbox 1334 2297 1460 2338; x_wconf 91' lang='lat' dir='ltr'>Pater</span> <span class='ocrx_word' id='word_1_289' title='bbox 1475 2294 1567 2353; x_wconf 87' lang='lat' dir='ltr'>ejus</span> <span class='ocrx_word' id='word_1_290' title='bbox 1583 2293 1659 2353; x_wconf 88' lang='lat' dir='ltr'>qui</span> <span class='ocrx_word' id='word_1_291' title='bbox 1675 2293 1722 2336; x_wconf 91' lang='lat' dir='ltr'>in</span> <span class='ocrx_word' id='word_1_292' title='bbox 1735 2293 1855 2338; x_wconf 83' lang='lat' dir='ltr'>coelis</span> <span class='ocrx_word' id='word_1_293' title='bbox 1904 2301 1913 2349; x_wconf 44' lang='grc' dir='ltr'><strong>ζ</strong></span> 
     </span>
     <span class='ocr_line' id='line_1_30' title="bbox 463 2364 1913 2423; baseline -0.005 -10"><span class='ocrx_word' id='word_1_294' title='bbox 463 2377 541 2423; x_wconf 87' lang='lat' dir='ltr'>est,</span> <span class='ocrx_word' id='word_1_295' title='bbox 567 2377 619 2412; x_wconf 90' lang='lat' dir='ltr'>ut</span> <span class='ocrx_word' id='word_1_296' title='bbox 636 2371 789 2412; x_wconf 90' lang='lat' dir='ltr'>Petrus</span> <span class='ocrx_word' id='word_1_297' title='bbox 811 2365 997 2411; x_wconf 85' lang='lat' dir='ltr'>diceret:</span> <span class='ocrx_word' id='word_1_298' title='bbox 1022 2385 1042 2407; x_wconf 88' lang='lat'>«</span> <span class='ocrx_word' id='word_1_299' title='bbox 1064 2369 1129 2409; x_wconf 89' lang='lat' dir='ltr'>Tu</span> <span class='ocrx_word' id='word_1_300' title='bbox 1146 2381 1190 2409; x_wconf 92' lang='lat' dir='ltr'>es</span> <span class='ocrx_word' id='word_1_301' title='bbox 1212 2365 1410 2410; x_wconf 86' lang='lat' dir='ltr'>Christus</span> <span class='ocrx_word' id='word_1_302' title='bbox 1429 2364 1565 2408; x_wconf 88' lang='lat' dir='ltr'>Filius</span> <span class='ocrx_word' id='word_1_303' title='bbox 1586 2364 1663 2408; x_wconf 88' lang='lat' dir='ltr'>Dei</span> <span class='ocrx_word' id='word_1_304' title='bbox 1680 2364 1807 2419; x_wconf 81' lang='lat' dir='ltr'>vivi⁴‚</span> <span class='ocrx_word' id='word_1_305' title='bbox 1827 2382 1848 2406; x_wconf 70' lang='grc' dir='ltr'><strong>η</strong></span> <span class='ocrx_word' id='word_1_306' title='bbox 1907 2404 1913 2418; x_wconf 74' lang='grc'>,</span> 
     </span>
     <span class='ocr_line' id='line_1_31' title="bbox 461 2434 1903 2495; baseline -0.003 -12"><span class='ocrx_word' id='word_1_307' title='bbox 461 2438 657 2484; x_wconf 88' lang='lat' dir='ltr'>videntes</span> <span class='ocrx_word' id='word_1_308' title='bbox 689 2453 789 2482; x_wconf 84' lang='lat' dir='ltr'>eum</span> <span class='ocrx_word' id='word_1_309' title='bbox 811 2436 940 2491; x_wconf 82' lang='lat' dir='ltr'>tradi,</span> <span class='ocrx_word' id='word_1_310' title='bbox 970 2452 1019 2481; x_wconf 87' lang='lat' dir='ltr'>ac</span> <span class='ocrx_word' id='word_1_311' title='bbox 1038 2445 1158 2480; x_wconf 86' lang='lat' dir='ltr'>tanta</span> <span class='ocrx_word' id='word_1_312' title='bbox 1176 2435 1342 2495; x_wconf 87' lang='lat' dir='ltr'>perpeti</span> <span class='ocrx_word' id='word_1_313' title='bbox 1365 2434 1507 2492; x_wconf 76' lang='lat' dir='ltr'>mala3</span> <span class='ocrx_word' id='word_1_314' title='bbox 1531 2434 1738 2495; x_wconf 85' lang='lat' dir='ltr'>quoniam</span> <span class='ocrx_word' id='word_1_315' title='bbox 1761 2450 1850 2479; x_wconf 90' lang='lat' dir='ltr'>non</span> <span class='ocrx_word' id='word_1_316' title='bbox 1900 2468 1903 2471; x_wconf 87' lang='lat'>-</span> 
     </span>
     <span class='ocr_line' id='line_1_32' title="bbox 461 2505 1916 2570; baseline -0.005 -15"><span class='ocrx_word' id='word_1_317' title='bbox 461 2526 562 2555; x_wconf 93' lang='lat' dir='ltr'>eum</span> <span class='ocrx_word' id='word_1_318' title='bbox 585 2510 789 2554; x_wconf 88' lang='lat' dir='ltr'>videbant</span> <span class='ocrx_word' id='word_1_319' title='bbox 811 2507 985 2570; x_wconf 85' lang='lat' dir='ltr'>qualem</span> <span class='ocrx_word' id='word_1_320' title='bbox 1016 2508 1244 2562; x_wconf 83' lang='lat' dir='ltr'>volebant,</span> <span class='ocrx_word' id='word_1_321' title='bbox 1270 2506 1372 2567; x_wconf 92' lang='lat' dir='ltr'>quia</span> <span class='ocrx_word' id='word_1_322' title='bbox 1403 2522 1494 2550; x_wconf 92' lang='lat' dir='ltr'>non</span> <span class='ocrx_word' id='word_1_323' title='bbox 1525 2505 1846 2565; x_wconf 81' lang='lat' dir='ltr'>egrediebatur,</span> <span class='ocrx_word' id='word_1_324' title='bbox 1905 2529 1916 2542; x_wconf 66' lang='grc' dir='ltr'><strong><em>ι</em></strong></span> 
     </span>
    </p>
   </div>
   <div class='ocr_carea' id='block_1_3' title="bbox 462 2601 1848 2706">
    <p class='ocr_par' dir='ltr' id='par_1_8' title="bbox 462 2601 1848 2706">
     <span class='ocr_line' id='line_1_33' title="bbox 512 2601 1848 2648; baseline -0.003 -9"><span class='ocrx_word' id='word_1_325' title='bbox 512 2609 520 2624; x_wconf 91' lang='lat'><em>¹</em></span> <span class='ocrx_word' id='word_1_326' title='bbox 540 2607 653 2640; x_wconf 75' lang='lat' dir='ltr'>Manli.</span> <span class='ocrx_word' id='word_1_327' title='bbox 672 2618 751 2639; x_wconf 74' lang='lat' dir='ltr'>xxvr</span> <span class='ocrx_word' id='word_1_328' title='bbox 765 2632 775 2648; x_wconf 89' lang='lat'>,</span> <span class='ocrx_word' id='word_1_329' title='bbox 805 2606 857 2639; x_wconf 87' lang='lat'>56.</span> <span class='ocrx_word' id='word_1_330' title='bbox 879 2623 921 2628; x_wconf 92' lang='lat'>-</span> <span class='ocrx_word' id='word_1_331' title='bbox 947 2612 960 2628; x_wconf 76' lang='lat'>²</span> <span class='ocrx_word' id='word_1_332' title='bbox 978 2605 1058 2638; x_wconf 88' lang='lat' dir='ltr'>Psal.</span> <span class='ocrx_word' id='word_1_333' title='bbox 1079 2616 1205 2638; x_wconf 74' lang='lat' dir='ltr'>Lxxxvu</span> <span class='ocrx_word' id='word_1_334' title='bbox 1220 2629 1229 2646; x_wconf 85' lang='lat'>,</span> <span class='ocrx_word' id='word_1_335' title='bbox 1256 2615 1307 2636; x_wconf 87' lang='lat'>10.</span> <span class='ocrx_word' id='word_1_336' title='bbox 1337 2620 1379 2625; x_wconf 93' lang='grc'>-</span> <span class='ocrx_word' id='word_1_337' title='bbox 1403 2601 1417 2626; x_wconf 82' lang='lat'>3</span> <span class='ocrx_word' id='word_1_338' title='bbox 1444 2614 1457 2635; x_wconf 89' lang='lat'>1</span> <span class='ocrx_word' id='word_1_339' title='bbox 1478 2605 1551 2636; x_wconf 91' lang='lat' dir='ltr'>Cor.</span> <span class='ocrx_word' id='word_1_340' title='bbox 1582 2613 1639 2645; x_wconf 62' lang='grc' dir='ltr'>ιιι,</span> <span class='ocrx_word' id='word_1_341' title='bbox 1675 2611 1848 2645; x_wconf 63' lang='grc' dir='ltr'>ι2-27---</span> 
     </span>
     <span class='ocr_line' id='line_1_34' title="bbox 462 2662 905 2706; baseline 0 -12"><span class='ocrx_word' id='word_1_342' title='bbox 462 2682 503 2688; x_wconf 91' lang='lat'><em>-</em></span> <span class='ocrx_word' id='word_1_343' title='bbox 521 2663 536 2694; x_wconf 79' lang='lat'>4</span> <span class='ocrx_word' id='word_1_344' title='bbox 551 2664 665 2697; x_wconf 81' lang='lat' dir='ltr'>Matth.</span> <span class='ocrx_word' id='word_1_345' title='bbox 688 2673 755 2706; x_wconf 73' lang='lat' dir='ltr'>xvi,</span> <span class='ocrx_word' id='word_1_346' title='bbox 778 2662 831 2705; x_wconf 87' lang='lat'>16,</span> <span class='ocrx_word' id='word_1_347' title='bbox 854 2673 905 2705; x_wconf 88' lang='lat'>17.</span> 
     </span>
    </p>
   </div>
   <div class='ocr_carea' id='block_1_4' title="bbox 1892 0 1926 3339">
    <p class='ocr_par' dir='ltr' id='par_1_9' title="bbox 1892 0 1926 3339">
     <span class='ocr_line' id='line_1_35' title="bbox 1892 0 1926 3339; baseline 0 0"><span class='ocrx_word' id='word_1_348' title='bbox 1892 0 1926 3339; x_wconf 95' lang='lat' dir='ltr'> </span> 
     </span>
    </p>
   </div>
  </div>
 </body>
</html>
