1926 3339
486 315 570 352 352
911 327 943 351 s.
981 323 1209 351 Anous'nm
1243 325 1423 351 Ei‘lscom

483 387 685 447 fatigatus
707 398 801 442 est,
835 397 884 432 ut
912 389 1222 448 requiesceret,
1255 397 1330 432 aut
1357 387 1488 432 modo
1514 403 1603 431 non
1625 396 1827 447 operatur
1853 407 1862 432 ε

484 474 584 504 cum
607 467 752 518 aperte
775 461 983 502 Dominus
1004 460 1200 504 Christus
1222 459 1337 503 dicat
1353 494 1363 507 ,
1390 477 1410 500 «
1436 461 1561 502 Pater
1588 473 1709 505 meus
1728 472 1867 517 usque

485 548 506 571 1)
543 545 662 574 nunc
684 537 889 588 operatur
906 531 936 572 ¹.
965 547 985 570 »
1013 528 1127 572 Dicit
1145 527 1255 572 illud
1274 528 1389 572 enim
1412 530 1435 572 J
1442 527 1598 583 udaeis,
1619 528 1694 588 qui
1715 543 1868 572 carna-

483 600 583 645 liter
600 600 845 644 sentiebant
865 600 919 643 de
940 602 1031 644 Deo
1047 633 1058 654 ,
1083 614 1163 643 nec
1184 598 1488 657 intelligebant
1512 600 1612 659 quia
1636 602 1749 643 Deus
1766 613 1868 643 eum

481 671 627 731 quiete
650 679 853 729 operatur
871 704 882 724 ‚
914 678 958 713 et
979 684 1148 728 semper
1175 677 1399 728 operatur,
1425 678 1468 713 et
1494 684 1662 728 semper
1695 669 1867 729 quietus

481 751 558 786 est.
585 744 702 799 Ergo
739 750 783 785 et
803 756 881 785 nos
898 775 910 796 ,
939 756 1049 800 quos
1069 741 1115 784 in
1135 755 1180 784 se
1200 739 1340 784 voluit
1366 743 1479 784 Deus
1511 748 1614 784 tunc
1649 740 1836 807 figurare
1852 773 1864 796 ,

479 821 577 872 post
605 813 749 856 omnia
771 826 901 870 opera
934 811 1049 855 bona
1070 810 1329 855 habebimus
1361 810 1569 870 requiem.
1605 812 1663 854 Et
1688 809 1867 870 quidem
1918 822 1926 856 ἒ·

480 898 610 943 opera
632 882 748 927 bona
773 891 941 937 nostra,
967 880 1143 936 fratres,
1170 897 1269 942 quae
1290 881 1361 925 hie
1381 896 1611 941 operamur
1642 881 1687 925 in
1708 880 1868 925 saeculo
1919 880 1922 902 Ᾰ

479 963 580 998 ante
601 953 794 1014 requiem
813 988 824 1008 ‚
860 952 983 1013 quasi
1005 968 1106 997 cum
1127 952 1275 997 labore
1297 962 1398 996 sunt
1433 972 1443 997 ·.
1473 961 1516 996 et
1542 951 1710 1012 requies
1731 951 1805 996 illa
1821 951 1868 994 in

478 1040 553 1085 spe
570 1034 659 1080 est,
691 1023 889 1069 nondum
907 1032 1082 1068 tenetur
1103 1024 1148 1068 in
1170 1039 1238 1082 re3
1263 1033 1306 1068 et
1331 1023 1411 1067 nisi
1442 1032 1550 1067 esset
1572 1023 1617 1066 in
1638 1037 1712 1082 spe
1727 1056 1739 1078 ‚
1759 1021 1870 1066 defi-
1917 1019 1921 1034 ”

477 1112 672 1141 ceremus
689 1096 735 1139 in
755 1095 907 1140 labore
932 1111 940 1137 t
963 1096 1038 1139 sed
1059 1104 1285 1140 transeunt
1297 1111 1424 1155 opera
1438 1094 1651 1138 laboriosa
1668 1102 1711 1137 et
1733 1093 1864 1138 bona.
1917 1109 1922 1115 ·

480 1167 596 1220 Quid
618 1167 733 1210 enim
758 1175 845 1210 tam
866 1166 1029 1210 bonum
1044 1202 1054 1222 ‚
1073 1183 1205 1227 quam
1228 1167 1445 1226 porrigere
1460 1181 1617 1225 panem
1640 1163 1869 1208 esurienti?
1917 1179 1921 1224 j

479 1239 536 1280 Et
555 1236 675 1297 quod
702 1235 986 1280 audiebamus
1015 1236 1147 1281 modo
1163 1272 1174 1292 ,
1199 1252 1300 1281 eum
1320 1235 1605 1294 Evangelium
1628 1235 1864 1293 legeretur,
1917 1249 1920 1284 ζ

478 1307 587 1367 quid
609 1317 697 1351 tam
726 1307 893 1351 bonum
911 1342 921 1362 ‚
947 1323 1078 1367 quam
1101 1307 1146 1350 id
1169 1307 1289 1368 quod
1317 1306 1580 1350 admonebat
1594 1303 1864 1363 generaliter,

484 1396 504 1418 «
529 1377 681 1421 Omnis
703 1377 779 1437 qui
799 1377 932 1421 habet
952 1376 1059 1421 duas
1081 1377 1248 1422 tunicas
1262 1412 1273 1432 ,
1297 1377 1371 1421 det
1393 1393 1482 1422 non
1504 1376 1684 1420 habenti
1702 1397 1713 1434 3
1738 1384 1780 1419 et
1792 1375 1869 1436 qui

477 1447 610 1491 habet
635 1463 774 1502 escas,
802 1456 948 1506 paseat
962 1447 1252 1492 esurientem2
1275 1447 1484 1492 PNudum
1496 1446 1674 1502 vestire,
1700 1446 1868 1490 bonum

477 1533 584 1577 opus
607 1526 671 1561 est
695 1533 704 1558 :
731 1517 948 1578 numquid
970 1533 1138 1577 semper
1161 1518 1241 1562 erit
1262 1518 1346 1562 hoc
1368 1534 1476 1578 opus
1504 1518 1703 1562 bonum?
1726 1516 1869 1561 Habet

478 1587 803 1648 aliquantulum
822 1588 1015 1632 laborem
1031 1623 1041 1643 ‚
1067 1579 1294 1632 seffhabet
1321 1588 1523 1632 solatium
1545 1588 1590 1631 in
1613 1603 1687 1647 spe
1706 1585 1868 1631 futurae

474 1658 645 1718 quietis.
673 1661 898 1711 Quantum
923 1667 1069 1702 autem
1100 1658 1295 1702 laborem
1325 1659 1458 1702 habet
1479 1657 1598 1718 quod
1629 1657 1756 1702 vestis
1783 1672 1868 1701 nu-

474 1728 610 1772 dum?
630 1731 801 1773 Bonum
824 1744 933 1788 opus
951 1745 1040 1773 non
1058 1728 1249 1773 multum
1265 1729 1436 1773 laborat
1455 1745 1467 1772 .·
1486 1727 1653 1772 malum
1667 1743 1776 1787 opus
1792 1728 1868 1772 ha-

472 1799 549 1842 bet
570 1798 780 1843 laborem.
801 1800 883 1853 Qui
898 1800 1013 1843 enim
1026 1800 1153 1843 vestit
1168 1799 1355 1853 nudum,
1381 1799 1414 1844 si
1431 1798 1564 1842 habet
1581 1797 1699 1842 unde
1717 1797 1862 1853 faciat,

475 1886 562 1914 non
582 1870 753 1915 laborat
777 1890 785 1915 :
812 1871 846 1915 si
869 1887 958 1915 non
979 1871 1113 1915 habet
1135 1869 1254 1917 unde
1275 1869 1430 1925 faeiat,
1457 1888 1477 1911 «
1496 1869 1642 1914 Gloria
1665 1869 1710 1912 in
1732 1869 1868 1913 excel-

476 1958 496 1981 »
533 1939 587 1983 sis
610 1943 699 1984 Deo
714 1975 724 1995 ,
751 1950 793 1984 et
815 1941 860 1984 in
887 1950 996 1985 terra
1018 1957 1100 2000 pax
1122 1940 1373 1984 hominibus
1391 1940 1520 1983 bonae
1547 1939 1823 1984 voluntatis?
1842 1957 1862 1981 »

475 2011 560 2063 Qui
583 2020 729 2054 autem
751 2011 846 2055 vult
868 2011 1051 2070 spoliare
1072 2011 1277 2055 vestitum
1293 2045 1303 2065 ‚
1325 2019 1539 2070 quantum
1553 2009 1748 2065 laboret,
1769 2010 1866 2070 quis

474 2084 705 2126 numerat?
729 2085 785 2126 Et
814 2091 959 2126 tamen
983 2092 1025 2126 et
1052 2082 1131 2126 ista
1158 2076 1390 2126 transitura
1412 2090 1539 2136 sunt,
1573 2096 1673 2125 eum
1693 2080 1865 2126 veneri·
1910 2110 1914 2142 f

474 2168 570 2196 mus
588 2153 643 2196 ad
665 2152 782 2197 illam
798 2155 1010 2214 requiem,
1026 2154 1103 2197 ubi
1116 2170 1246 2198 nemo
1260 2154 1391 2197 esurit
1405 2154 1479 2214 qui
1494 2162 1710 2213 pascatur,
1734 2168 1865 2198 nemo

474 2223 618 2268 nudus
636 2234 698 2268 est
721 2225 796 2284 qui
819 2226 1041 2270 vestiatur.
1066 2225 1170 2270 Ideo
1200 2225 1301 2286 quia
1331 2234 1373 2269 et
1404 2225 1483 2269 ista
1507 2225 1741 2269 transitura
1762 2233 1865 2269 sunt

475 2310 605 2354 opera
624 2295 741 2339 bona
757 2331 767 2349 ,
794 2305 836 2340 et
850 2305 994 2340 sextus
1009 2297 1087 2340 iste
1100 2295 1190 2340 dies
1208 2331 1218 2352 ‚
1235 2295 1413 2356 quando
1425 2296 1714 2355 perficiuntur
1733 2311 1864 2355 opera

473 2366 591 2409 bona
611 2365 739 2411 valde
755 2402 765 2420 ‚
801 2367 934 2411 habet
955 2382 1193 2427 vesperam.
1219 2370 1270 2411 In
1293 2367 1474 2411 sabbato
1503 2376 1648 2410 autem
1675 2382 1765 2410 non
1793 2367 1864 2410 in-

474 2436 672 2479 venimus
694 2451 784 2480 esse
805 2452 1027 2496 vesperam
1043 2472 1054 2492 ,
1079 2437 1180 2497 quia
1213 2437 1382 2497 requies
1404 2442 1549 2481 nostra'
1571 2452 1660 2481 non
1683 2436 1864 2481 habebit

474 2505 622 2550 finem.
644 2509 832 2566 Vespera
853 2507 969 2551 enim
991 2523 1070 2567 pro
1092 2508 1178 2551 fine
1201 2506 1395 2567 ponitur.
1414 2507 1534 2552 Sicut
1553 2523 1633 2566 ego
1655 2516 1774 2551 sexto
1791 2507 1862 2551 die

475 2574 577 2621 feeit
596 2579 710 2621 Deus
730 2578 953 2622 hominem
982 2577 1037 2622 ad
1062 2578 1293 2636 imaginem
1328 2593 1447 2621 suam
1463 2578 1500 2634 ⁴3
1537 2578 1595 2621 sic
1617 2577 1862 2622 invenimus

523 2668 531 2682 ¹
556 2663 648 2693 Joan,
667 2672 835 2704 v,17.—-
856 2668 868 2684 ²
887 2664 963 2693 Luc.
984 2672 1034 2703 111,
1062 2673 1112 2694 11.
1134 2677 1175 2684 ν-
1194 2659 1586 2702 31d.11,14.-4Gen.
1611 2673 1633 2703 1,
1650 2661 1702 2694 26.
