1926 3339
459 279 540 320 508
896 293 929 321 s.
966 290 1196 321 Auous‘mm
1229 293 1411 320 Emscom

457 366 501 401 et
517 357 624 402 cinis
642 377 650 402 :
674 358 774 402 vide
789 357 886 418 quis
908 358 1114 402 meruerit
1125 393 1135 413 ,
1151 357 1260 418 quid
1273 357 1418 401 videre
1432 375 1441 402 ε
1457 354 1556 401 vide
1569 355 1680 416 quis,
1706 355 1814 416 quid
1830 373 1839 400 :

455 428 588 473 homo
610 431 767 472 Deum.
789 432 988 487 Agnosco
1010 444 1099 472 non
1121 428 1324 472 meritum
1343 427 1553 482 hominis,
1579 426 1654 471 sed
1675 427 1843 470 miseri-

456 499 650 544 cordiam
671 500 762 543 Dei.
789 499 939 543 Lauda
962 514 1062 557 ergo
1080 499 1372 543 miserantem.
1400 498 1654 553 Quomodo,
1678 497 1839 558 inquis,

453 570 676 615 laudabo?
698 570 922 616 Modicum
950 572 1093 630 ipsum
1117 569 1237 630 quod
1258 570 1418 613 sentire
1439 585 1616 629 possum
1646 585 1697 613 ex
1720 578 1844 629 parte

453 641 498 684 in
527 642 757 700 aenigmate
787 656 864 700 per
896 640 1122 700 speculum
1138 643 1149 664 ¹
1165 675 1176 693 ,
1195 641 1284 699 jam
1306 639 1520 699 explicare
1541 655 1631 684 non
1647 655 1838 699 possum.

453 710 569 754 Audi
591 726 693 769 ergo
718 710 936 755 Psalmum
959 730 967 755 :
996 729 1016 752 (ι
1041 713 1064 754 J
1070 710 1232 754 ubilate
1262 710 1469 764 Domino,
1497 710 1636 754 omnis
1659 718 1771 753 terra
1794 728 1836 753 :»

454 779 705 824 Intellexisti
723 781 1028 841 jubilationem
1060 780 1197 824 omnis
1222 790 1372 832 terrae,
1401 780 1434 824 si
1455 780 1616 840 jubilas
1638 780 1837 824 Domino.

453 851 639 894 Domino
657 851 823 910 jubila:
845 851 934 895 noli
951 851 1259 910 jubilationem
1278 860 1397 894 tuam
1414 851 1458 894 in
1477 851 1579 895 alias
1598 859 1728 911 atque
1740 849 1841 894 alias

452 936 516 965 res
540 921 746 966 dividere.
763 926 988 967 Postremo
1010 932 1165 967 caetera
1184 923 1268 967 dici
1286 931 1466 982 possunt
1483 932 1722 982 utcumque
1740 941 1748 966 :
1768 921 1841 965 ille

450 991 566 1036 solus
589 1001 651 1036 est
672 993 927 1047 ineffabilis,
951 994 1028 1053 qui
1042 993 1173 1048 dixit,
1200 1002 1242 1037 et
1265 992 1378 1037 facta
1396 1002 1497 1037 sunt
1520 993 1679 1037 omnia.
1705 992 1837 1047 Dixit,

449 1071 493 1106 et
509 1062 613 1107 facti
634 1079 783 1107 sumus
802 1084 811 1108 :
841 1064 916 1107 sed
938 1080 1016 1107 nos
1038 1079 1137 1108 eum
1156 1063 1298 1109 dicere
1319 1080 1408 1109 non
1430 1079 1659 1124 possumus
1673 1065 1704 1106 ².
1732 1065 1841 1106 Ver-

449 1132 556 1176 bum
579 1134 669 1193 ejus
691 1150 779 1194 quo
804 1134 908 1178 dicti
923 1150 1086 1189 sumus,
1109 1134 1244 1178 Filius
1267 1135 1356 1194 ejus
1382 1144 1445 1178 est
1464 1155 1471 1179 :
1497 1144 1548 1178 ut
1568 1150 1590 1178 a
1615 1134 1741 1178 nobis
1767 1142 1839 1177 ut-

447 1217 636 1263 cumque
659 1204 839 1248 infirmis
861 1203 1079 1248 diceretur
1093 1239 1103 1259 ,
1130 1204 1268 1249 factus
1286 1214 1350 1248 est
1370 1205 1582 1248 infirmus.
1609 1206 1633 1247 J
1640 1203 1842 1248 afflatio,

447 1288 546 1317 nem
569 1289 647 1333 pro
669 1275 804 1319 verbo
826 1290 1053 1335 possumus
1078 1274 1244 1330 dicere,
1268 1275 1454 1319 verbum
1486 1290 1566 1334 pro
1591 1274 1726 1319 verbo
1749 1289 1839 1319 non

445 1359 703 1408 possumus„
720 1365 739 1388 α
765 1346 956 1391 Jubilate
983 1362 1084 1405 ergo
1100 1347 1303 1401 Domino,
1328 1347 1467 1391 omnis
1496 1355 1622 1390 terra.
1643 1364 1663 1388 »

505 1417 604 1459 VII.
623 1435 642 1457 «
657 1418 822 1461 Servite
845 1418 1030 1462 Domino
1053 1418 1099 1461 in
1126 1416 1455 1479 jucunditate.»
1477 1418 1628 1461 Omnis
1655 1416 1837 1461 servitus

445 1486 734 1531 amaritudine
765 1487 892 1547 plena
926 1497 1014 1533 est:
1040 1504 1191 1533 omnes
1214 1489 1463 1533 conditione
1489 1488 1631 1532 servili
1659 1488 1838 1546 obligati

444 1565 487 1600 et
505 1557 720 1613 serviunt,
736 1567 778 1602 et
790 1569 1082 1603 murmurant.
1103 1559 1247 1605 Nolite
1265 1560 1415 1603 timere
1429 1559 1543 1603 illius
1561 1559 1733 1603 Domini
1745 1574 1837 1603 ser-

442 1628 626 1672 vitutem
644 1648 652 1673 :
671 1645 759 1673 non
781 1630 860 1674 erit
872 1631 933 1674 ibi
953 1631 1137 1689 gemitus
1149 1666 1159 1686 ,
1181 1647 1270 1676 non
1284 1646 1483 1674 murmur
1497 1665 1508 1683 ,
1524 1646 1613 1674 nou
1631 1629 1836 1688 indigna-

442 1698 502 1742 tio
523 1717 531 1743 :
557 1715 685 1743 nemo
708 1715 752 1743 se
773 1701 881 1759 petit
903 1701 1006 1745 inde
1028 1701 1249 1758 venalem3
1275 1702 1377 1761 quia
1394 1700 1522 1744 dulce
1542 1709 1605 1745 est
1626 1700 1748 1761 quod
1765 1716 1835 1744 re-

442 1768 607 1828 dempti
631 1785 778 1814 omnes
796 1786 960 1815 sumus.
987 1775 1147 1830 Magna
1170 1771 1373 1827 felicitas,
1395 1770 1569 1826 fratres,
1588 1787 1678 1816 esse
1692 1771 1738 1815 in
1754 1771 1834 1816 ista

441 1840 572 1884 domo
595 1856 750 1900 magna
777 1858 970 1898 servum,
996 1843 1075 1887 etsi
1097 1859 1198 1888 cum
1222 1843 1523 1902 compedibus.
1539 1842 1637 1888 Noli
1661 1843 1829 1898 timere,

439 1926 559 1955 serve
584 1913 853 1971 compedite,
879 1915 1086 1959 confitere
1110 1914 1322 1958 Domino:
1349 1913 1513 1957 meritis
1536 1913 1621 1957 tuis
1643 1913 1834 1958 attribue

439 1982 668 2042 compedes
691 1994 786 2029 tuas
805 2004 813 2030 :
835 1986 1042 2030 confitere
1065 1986 1110 2030 in
1132 1985 1442 2045 compedibus,
1458 1985 1505 2029 ‘si
1532 1986 1594 2029 vis
1616 1994 1666 2029 ut
1689 1985 1736 2028 in
1759 2001 1833 2029 or-

437 2063 641 2099 namenta
664 2065 903 2101 vertantur.
926 2060 1022 2102 Non
1045 2055 1224 2112 frustra,
1243 2072 1323 2101 nec
1346 2057 1436 2100 sine
1452 2055 1728 2100 exauditione
1739 2056 1834 2100 dic·

436 2133 530 2168 tum
553 2135 614 2170 est
635 2146 643 2170 z
673 2145 693 2168 «
719 2130 858 2171 Intret
875 2128 921 2170 in
938 2137 1222 2188 conspectum
1244 2137 1369 2171 tuum
1395 2127 1581 2185 gemitus
1603 2127 1831 2186 compedi-

439 2213 459 2236 »
495 2205 638 2240 torum
652 2198 683 2240 3.
713 2198 876 2242 Servite
898 2200 1086 2243 Domino
1101 2199 1145 2242 in
1162 2198 1454 2259 jucunditate.
1480 2217 1499 2239 »
1520 2198 1676 2242 Libera
1694 2199 1828 2242 servi-

434 2276 504 2311 tus
534 2277 596 2311 est
617 2267 734 2328 apud
757 2269 1016 2327 Dominum,
1040 2269 1176 2314 libera
1200 2270 1404 2325 servitus,
1430 2269 1508 2313 ubi
1530 2285 1621 2313 non
1642 2269 1829 2313 necessi-

434 2347 498 2382 tas
512 2374 522 2391 ,
544 2339 621 2382 sed
643 2340 826 2384 charitas
842 2340 988 2397 servit,
1011 2343 1147 2395 «Vos,
1168 2341 1328 2401 inquit,
1348 2341 1394 2384 in
1417 2341 1664 2384 libertatem
1685 2341 1827 2385 vocati

436 2426 457 2449 >›
493 2409 612 2462 estis,
634 2408 809 2468 fratres,
834 2419 1006 2454 tantum
1026 2427 1081 2454 ne
1102 2411 1353 2455 libertatem
1376 2411 1421 2454 in
1440 2411 1712 2455 occasionem
1728 2427 1825 2455 car-

436 2498 456 2520 »
491 2479 557 2524 nis
574 2479 707 2538 detis,
725 2479 801 2524 sed
818 2496 894 2540 per
915 2481 1170 2525 charitatem
1189 2482 1364 2542 spiritus
1377 2482 1532 2526 servite
1554 2482 1783 2526 invicem4.
1800 2500 1820 2523 n

480 2582 490 2597 ¹
523 2587 535 2607 1
557 2578 630 2609 Cor.
660 2587 717 2609 xm
732 2602 741 2618 ,
767 2585 819 2609 12.
846 2594 888 2602 -ι
908 2584 920 2600 ²
942 2577 1023 2609 Psal.
1047 2588 1157 2619 xxxn,
1184 2576 1281 2619 9.{—-
1309 2575 1322 2601 3
1340 2578 1388 2612 Id.
1405 2588 1537 2618 Lxxvm,
1562 2589 1612 2610 11.
1633 2575 1820 2610 -4Galat.

432 2641 472 2673 V,
503 2631 553 2663 13.
