1926 3339
455 286 695 316 ENAmzA‘no
728 288 773 315 m
806 286 1009 317 PsALMUM
1041 291 1136 318 xcv.
1390 282 1473 327 437

94 350 225 408 dixit,
251 351 538 397 Pulchritudo
555 361 598 397 et
625 347 859 411 confessi03
884 354 959 397 sed
976 389 987 410 ,
1017 374 1037 396 «
1063 354 1288 402 Confessio
1313 368 1354 403 et
1371 359 1473 419 pul-

94 441 112 464 »
148 423 366 490 chritudo7
394 441 415 465 »
441 424 605 467 Foedus
628 438 719 467 eras
739 458 750 478 ,
766 424 972 468 confitere
994 434 1044 469 ut
1060 426 1114 469 sis
1135 426 1317 485 pulcher
1345 449 1353 473 ε
1374 446 1477 488 pec-

88 502 209 538 cator
239 495 373 549 eras,*
396 495 603 538 confitere
629 503 679 538 ut
714 495 768 538 sis
791 496 949 555 justus.
977 496 1164 541 Foedare
1193 507 1236 541 te
1265 500 1472 557 potuisti,

87 563 328 610 formosum
353 575 397 610 te
419 564 560 610 facere
583 581 673 610 non
699 575 836 625 potes.
863 566 1008 620 Qualis
1030 577 1177 612 autem
1204 577 1268 613 est
1294 585 1476 629 sponsus

87 644 247 691 noster,
265 635 340 696 qui
356 634 519 679 foedam
532 636 706 691 amavit,
723 645 774 680 ut
784 636 1013 696 pulchram
1026 638 1216 683 faceret?
1228 639 1472 696 Quomodo,

87 705 147 749 ait
172 704 348 766 aliquis,
375 704 542 750 foedam
570 706 755 750 amavit?
790 725 807 746 «
840 709 936 751 Non
968 708 1088 762 veni,
1127 709 1292 768 inquit,
1324 725 1476 754 vocare

89 792 110 817 >›
140 777 301 836 justos,
339 776 412 820 sed
447 779 735 835 peccatores¹.
768 795 787 818 »
815 781 929 830 Quos
957 794 1083 822 vocas
1118 788 1389 839 peccatores,
1430 789 1477 824 ut

86 856 340 892 remaneant
373 848 653 906 peccatores?
689 849 808 902 Non,
849 848 1007 908 inquit.
1045 852 1101 893 Et
1130 850 1351 909 quomodo
1386 866 1476 895 non

86 926 215 961 erunt
236 919 514 977 peccatores?
539 936 559 960 «
579 916 802 963 Confessio
817 927 860 962 et
874 918 1157 978 pulchritudo
1172 921 1216 963 in
1239 931 1475 980 conspectu

86 1004 108 1028 »
143 988 247 1047 ejus.
285 1006 306 1029 »
338 988 614 1033 Confitentur
647 988 763 1032 enim
795 997 974 1049 peccata
1002 1005 1106 1045 sua,
1143 1000 1327 1035 vomunt
1361 991 1475 1036 mala

84 1072 184 1117 quae
206 1057 329 1102 avide
364 1068 644 1116 voraverant,
678 1074 769 1103 non
796 1058 983 1103 redeunt
1007 1059 1061 1103 ad
1083 1060 1297 1105 vomitum
1318 1076 1442 1105 suum
1460 1097 1471 1116 ,

83 1131 196 1172 sicut
217 1130 334 1173 canis
360 1129 642 1174 immundus²
664 1149 672 1175 ε
699 1139 742 1174 et
763 1131 844 1174 erit
865 1130 1079 1175 confessio
1104 1140 1147 1175 et
1169 1131 1470 1191 pulchritudo.

83 1202 292 1244 Amamus
317 1200 689 1259 pulchritudinem
717 1221 724 1246 :
746 1201 865 1260 prius
887 1201 1096 1260 eligamus
1128 1202 1443 1247 confessionem
1461 1238 1472 1258 ,

82 1279 133 1314 ut
155 1280 361 1330 sequatur
385 1270 686 1330 pulchritudo.
716 1274 880 1315 Iterum
903 1272 1046 1316 existit
1076 1272 1153 1332 qui
1175 1282 1291 1317 amat
1315 1283 1474 1332 poten-

82 1340 187 1384 tiam
202 1375 212 1395 ,
230 1350 346 1384 amat
363 1350 405 1384 et
422 1341 788 1398 magnificentiam
808 1363 818 1398 3
837 1341 933 1386 vult
950 1357 1039 1386 esse
1053 1358 1236 1401 magnus
1251 1343 1475 1403 quomodo

80 1410 238 1470 Angeli
255 1420 371 1455 sunt.
387 1412 711 1469 Magnificentia
729 1412 932 1471 quaedam
945 1423 1009 1457 est
1021 1413 1064 1456 in
1080 1413 1278 1472 Angelis,
1299 1423 1341 1457 et
1354 1423 1475 1458 tanta

81 1482 300 1541 potentia,
326 1491 376 1525 ut
391 1482 425 1525 si
445 1481 608 1526 faciant
625 1481 782 1541 Angeli
802 1483 1021 1543 quidquid
1043 1493 1248 1542 possunt,
1274 1484 1475 1527 sustineri

83 1567 174 1597 non
197 1553 344 1612 possit.
370 1555 428 1596 Et
449 1553 588 1597 omnis
610 1553 742 1596 homo
776 1552 992 1596 desiderat
1017 1554 1258 1612 potentiam
1283 1554 1475 1611 Angelo—

80 1638 202 1680 rum,
231 1625 305 1668 sed
322 1624 536 1685 justitiam
558 1623 827 1683 Angelorum
843 1639 932 1668 non
954 1632 1084 1668 amat.
1112 1624 1234 1668 Prius
1262 1624 1475 1683 justitiam

79 1692 234 1752 dilige,
266 1704 309 1738 et
341 1703 548 1755 sequetur
582 1703 625 1738 te
667 1694 877 1753 potentia.
919 1693 1034 1746 Quid
1059 1693 1176 1737 enim
1205 1694 1404 1754 sequitur
1433 1702 1478 1738 et

78 1764 151 1809 hic
169 1766 187 1808 P
208 1784 228 1806 ‹<
259 1765 469 1810 Sanctitas
487 1774 529 1809 et
550 1764 873 1823 magnificentia
895 1764 940 1808 in
962 1764 1303 1808 sanctificatione
1325 1765 1430 1824 ejus.
1450 1781 1471 1805 »

78 1838 147 1879 Tu
164 1837 256 1896 jam
292 1836 517 1896 quaerebas
538 1835 906 1894 magnificentiam
935 1835 1083 1894 :prius
1111 1834 1242 1892 dilige
1270 1835 1475 1878 sanctita-

82 1916 200 1964 tem,
235 1923 336 1951 cum
372 1908 665 1952 sanctificatus
688 1906 820 1951 fueris
837 1942 847 1962 ,
873 1906 955 1950 eris
993 1915 1037 1950 et
1066 1905 1338 1965 magnificus.
1365 1908 1475 1951 Nam

79 1978 114 2022 si
140 1987 403 2037 praepostere
431 1979 549 2037 prius
583 1992 672 2021 esse
706 1976 894 2021 volueris
933 1976 1210 2034 magnificus,
1232 1985 1332 2020 ante
1356 1975 1474 2020 cadis

79 2064 212 2109 quam
241 2063 388 2107 surgas
431 2067 440 2092 ε
477 2063 567 2092 non
600 2047 716 2091 enim
749 2048 909 2106 surgis,
947 2046 1021 2091 sed
1053 2045 1281 2091 extolleris
1319 2046 1475 2091 Melius

79 2120 237 2178 surgis,
276 2120 310 2164 si
345 2128 387 2163 te
415 2118 489 2162 ille
522 2119 661 2178 erigat
689 2119 766 2178 qui
803 2133 893 2162 non
931 2118 1062 2162 cadit.
1093 2117 1321 2162 Descendit
1359 2118 1475 2161 enim

80 2190 136 2234 ad
149 2199 191 2234 te
211 2189 284 2233 ille
301 2190 376 2250 qui
395 2204 485 2233 non
504 2189 621 2233 cadit
647 2208 655 2233 :
677 2197 725 2232 tu
743 2188 982 2245 cecideras,
1003 2187 1076 2231 ille
1096 2187 1347 2243 descendit,
1376 2203 1476 2247 por-

80 2260 193 2305 rexit
224 2260 304 2304 tibi
325 2275 505 2303 manum
536 2279 545 2304 2
582 2274 672 2303 non
693 2267 816 2318 potes
848 2258 1013 2303 viribus
1035 2258 1119 2302 tuis
1152 2273 1350 2317 surgere,
1378 2272 1473 2301 am-

79 2330 269 2390 plectere
290 2345 470 2373 manum
483 2328 807 2383 descendentis,
835 2337 885 2372 ut
906 2329 1081 2387 erigaris
1099 2345 1122 2371 a
1144 2327 1261 2372 forti.

139 2404 263 2461 VIIII.
291 2401 407 2455 Quid
424 2403 552 2460 ergo‘?
577 2403 619 2445 Si
637 2420 655 2442 «
676 2399 901 2445 Confessio
923 2409 967 2444 et
988 2398 1270 2459 pulchritudo
1293 2398 1338 2441 in
1355 2413 1475 2442 cons-

83 2490 104 2514 »
139 2482 271 2532 pectu
293 2473 406 2531 ejus,
432 2471 634 2515 sanctitas
652 2480 695 2515 et
719 2470 1040 2529 magnificentia
1063 2470 1107 2513 in
1131 2468 1476 2513 sanctificatione

84 2560 104 2583 »
140 2543 252 2602 ejus,
279 2561 299 2584 »
326 2545 444 2601 (Hoc
473 2541 810 2596 annuntiamus,
842 2556 941 2585 cum
964 2540 1230 2584 aedificamus
1254 2538 1433 2582 domum
1461 2556 1469 2580 :

131 2646 139 2663 ¹
159 2639 273 2673 Matth.
289 2651 334 2682 ix,
357 2641 408 2673 ιδ.
431 2657 471 2663 --
497 2647 509 2662 ²
528 2648 546 2672 2
570 2641 653 2671 Petr.
682 2651 715 2679 n,
732 2648 785 2671 29..
