1926 3339
460 320 540 356 338
884 331 916 357 s,
953 331 1182 359 AUGusTlNl
1214 333 1394 359 EPISCOPI

428 434 430 436 .
448 393 615 438 Deinde
636 394 763 438 multi
783 410 873 439 non
893 405 1096 440 accusant
1115 398 1333 451 Satanam,
1348 395 1424 440 sed
1445 404 1651 439 accusant
1671 395 1827 438 fatum.

444 464 606 506 Fatum
627 478 775 507 meum
804 479 874 509 me
903 463 1053 520 duxit,
1092 465 1211 510 dicit.
1246 468 1359 511 Cum
1386 465 1545 510 dixeris
1567 464 1630 508 illi
1653 483 1662 509 z
1689 466 1833 516 Quare

441 530 608 578 fecisti?
642 549 776 594 quare
804 536 1021 593 peccasti?
1054 537 1111 579 Et
1132 535 1204 580 ille
1225 556 1233 580 z
1262 539 1370 581 Fato
1393 551 1491 581 meo
1515 534 1648 579 malo.
1674 537 1738 580 Ne
1761 534 1832 577 di-

437 609 508 644 cat
527 620 536 645 ε
570 603 664 659 Ego
685 601 769 644 feci
786 636 797 656 ‚
813 603 906 660 jam
927 616 1079 644 manus
1101 602 1156 645 ad
1179 604 1319 645 Deum
1344 602 1486 646 tendit
1507 621 1517 646 ι
1541 600 1692 660 lingua
1714 599 1831 645 blas-

436 671 630 729 phemat.
667 669 874 716 Nondum
910 669 1091 730 quidem
1120 671 1203 715 hoc
1232 680 1379 730 aperte
1413 671 1543 726 dicit,
1582 670 1660 714 sed
1681 679 1833 714 tamen

437 740 640 795 attende,
676 748 720 783 et
754 740 855 784 vide
886 741 988 800 quia
1021 741 1103 785 hoc
1132 740 1253 786 dicit.
1281 741 1443 795 Quaeris
1465 741 1521 786 ab
1542 740 1619 785 illo
1641 739 1752 801 quid
1773 740 1832 784 sit

434 808 605 855 fatum:
636 819 680 854 et
700 809 807 854 dicit
839 829 848 855 :
884 810 1029 855 Stellae
1053 810 1195 855 malae.
1222 812 1389 865 Quaeris
1421 811 1477 856 ab
1500 811 1576 856 illo
1603 811 1701 871 quis
1722 808 1837 855 fecit

433 879 598 936 stellas,
634 881 732 941 quis
766 880 982 926 ordinavit
1009 882 1152 928 stellas
1178 901 1188 927 2
1221 898 1312 927 non
1340 883 1474 927 habet
1495 881 1607 943 quid
1638 881 1720 926 tibi
1742 896 1837 925 res-

431 950 625 1011 pondeat
640 986 652 1008 ‚
676 952 757 996 nisi
777 955 905 996 Deus.
941 955 1092 998 Restat
1119 967 1223 1012 ergo
1246 962 1295 998 ut
1316 953 1403 999 sive
1425 968 1503 1013 per
1524 962 1827 1008 transemiam,

432 1024 520 1068 sive
543 1038 618 1082 per
639 1038 824 1067 cannam
844 1023 1019 1082 longam
1039 1060 1050 1080 ,
1075 1025 1164 1071 sive
1187 1041 1263 1085 per
1286 1025 1533 1086 proximum
1549 1059 1560 1081 ‚
1588 1028 1729 1069 Deum
1752 1039 1835 1069 ac*

433 1102 582 1152 cuset·⁷
606 1103 772 1140 etcum
797 1098 908 1139 Deus
935 1096 1089 1154 puniat
1115 1106 1292 1156 peccata
1310 1132 1321 1153 ‚
1348 1100 1488 1141 Deum
1509 1096 1640 1141 faciat
1671 1104 1826 1140 aucto-

432 1179 523 1208 rem
544 1175 824 1224 peccatorum
841 1181 1035 1210 suorum.
1062 1169 1159 1214 Non
1178 1177 1321 1227 potest
1343 1168 1461 1212 enim
1483 1167 1577 1211 fieri
1601 1175 1651 1211 ut
1673 1167 1831 1227 puniat

431 1235 552 1295 quod
575 1234 692 1280 fecit.
727 1236 858 1280 Punit
885 1237 1006 1297 quod
1038 1236 1164 1293 facis,
1190 1247 1240 1282 ut
1261 1238 1420 1283 liberet
1441 1237 1562 1299 quod
1583 1237 1703 1282 fecit.
1731 1237 1827 1282 Ali-

429 1306 608 1366 quando
640 1317 787 1351 autem
818 1307 999 1352 dimissis
1033 1310 1236 1353 omnibus
1259 1311 1440 1354 omnino
1463 1308 1630 1353 directe
1653 1317 1762 1353 eunt
1782 1308 1831 1352 in

432 1380 603 1435 Deum3
628 1388 671 1422 et
698 1378 878 1438 quando
908 1389 1114 1438 peccant,
1141 1379 1296 1424 dicunt
1323 1398 1332 1424 ;
1360 1383 1473 1424 Deus
1500 1380 1582 1424 hoc
1604 1378 1774 1434 voluit,
1797 1378 1834 1423 si

433 1448 569 1493 nollet
592 1453 702 1493 Deus
721 1485 732 1505 ‚
754 1465 844 1494 non
866 1466 1107 1510 peccarem.
1126 1451 1197 1495 Ad
1217 1452 1300 1495 hoc
1323 1460 1488 1507 monet,
1514 1460 1564 1494 ut
1581 1466 1672 1495 non
1689 1449 1831 1494 solum

435 1535 525 1564 non
552 1520 753 1564 audiatur
776 1531 824 1565 ut
847 1537 937 1565 non
958 1537 1108 1581 pecces
1128 1557 1140 1578 ‚
1166 1523 1242 1566 sed
1267 1532 1495 1567 accusetur
1516 1523 1620 1583 quia
1650 1523 1833 1581 peccas?

434 1590 552 1643 Quid
574 1606 677 1649 ergo
700 1606 778 1635 nos
798 1591 925 1636 docet
956 1592 1151 1637 Psalmus
1174 1593 1284 1637 iste?
1309 1611 1330 1635 «
1355 1596 1527 1637 Bonum
1551 1602 1615 1637 est
1634 1591 1836 1637 confiteri

435 1678 455 1702 »
494 1662 692 1706 Domino.
724 1680 743 1703 »
771 1661 888 1715 Quid
909 1671 987 1718 est,
1008 1682 1029 1705 «
1049 1663 1260 1708 Confiteri
1284 1664 1503 1708 Domino?
1529 1681 1549 1705 »
1576 1666 1627 1707 In
1646 1672 1835 1723 utraque

432 1747 500 1787 re,
536 1742 578 1776 et
602 1733 647 1775 in
671 1743 848 1792 peccato
878 1743 954 1778 tuo
972 1769 982 1789 ,
1010 1736 1113 1794 quia
1135 1744 1185 1778 tu
1206 1733 1374 1790 fecisti,
1410 1743 1454 1778 et
1472 1735 1519 1778 in
1538 1733 1654 1778 bono
1680 1732 1798 1778 facto
1816 1768 1827 1790 ‚

430 1803 638 1847 confitere
665 1804 848 1847 Domino
864 1839 875 1859 ,
904 1805 1006 1863 quia
1029 1806 1117 1863 ipse
1141 1803 1258 1848 fecit.
1284 1808 1407 1849 Tunc
1437 1824 1456 1847 «
1477 1804 1636 1850 Psalles
1660 1805 1831 1850 nomini

435 1892 454 1915 »
492 1873 567 1917 Dei
590 1873 797 1917 Altissimi
820 1893 828 1918 :
858 1892 877 1915 »
904 1890 1104 1935 quaerens
1127 1875 1309 1934 gloriam
1328 1876 1398 1918 Dei
1419 1910 1430 1931 ,
1456 1891 1546 1920 non
1568 1885 1717 1932 tuam,
1741 1891 1824 1920 no-

431 1959 533 1988 men
550 1944 698 2004 ipsius,
717 1961 807 1989 non
825 1955 967 1990 tuum.
988 1946 1030 1990 Si
1049 1946 1166 1990 enim
1183 1955 1231 1990 tu
1246 1947 1403 2008 quaeris
1422 1962 1584 1991 nomen
1599 1948 1688 2003 Dei,
1705 1963 1828 2007 quae-

430 2016 487 2059 rit
508 2025 551 2059 et
572 2016 662 2075 ipse
687 2030 847 2060 nomen
880 2026 1006 2060 tuum
1033 2036 1040 2061 :
1069 2018 1101 2061 si
1134 2027 1280 2062 autem
1309 2027 1356 2061 tu
1387 2018 1630 2077 neglexeris
1664 2033 1826 2063 nomen

432 2087 536 2142 Dei,
568 2087 684 2131 delet
719 2097 762 2131 et
792 2089 882 2147 ipse
913 2104 1074 2133 nomen
1111 2098 1252 2134 tuum.
1284 2089 1512 2143 Quomodo
1535 2099 1687 2134 autem
1711 2090 1828 2146 dixi,

432 2158 598 2211 Quaerit
620 2174 782 2202 nomen
806 2161 959 2203 tuum?
977 2159 1212 2212 Quomodo
1230 2159 1337 2204 dixit
1362 2158 1590 2219 Discipulis
1609 2161 1830 2205 venienti-

432 2228 515 2272 bus
532 2264 542 2284 ,
575 2238 722 2288 postea
744 2244 877 2290 quam
901 2230 1016 2273 misit
1048 2245 1119 2274 eos
1143 2230 1435 2288 evangelizare
1457 2249 1466 2275 ε
1499 2245 1601 2275 cum
1623 2231 1832 2277 fecissent

433 2298 570 2343 inulta
596 2300 814 2354 miracula,
832 2309 874 2343 et
895 2300 939 2343 in
962 2301 1138 2344 nomine
1154 2300 1314 2345 Christi
1338 2300 1556 2346 daemonia
1578 2302 1821 2362 ejecissent,

433 2369 665 2414 redeuntes
685 2369 888 2414 dixerunt
913 2389 922 2414 ς
952 2389 972 2412 «
997 2371 1178 2414 Domine
1195 2405 1206 2426 ,
1232 2385 1332 2414 ecce
1351 2370 1570 2416 daemonia
1589 2372 1716 2416 nobis
1732 2372 1833 2416 sub-

437 2459 458 2482 »
486 2443 602 2501 jecta
623 2451 739 2485 sunt.
770 2458 789 2482 »
817 2442 1024 2485 Dixerunt
1045 2440 1248 2502 quidem,
1279 2460 1299 2483 «
1322 2444 1373 2485 In
1395 2443 1574 2487 nomine
1595 2452 1670 2487 tuo
1692 2463 1701 2487 ε
1722 2442 1829 2487 »sed

433 2511 507 2555 ille
529 2511 636 2556 vidit
658 2513 704 2555 in
725 2512 783 2555 eis
809 2511 911 2571 quia
938 2512 1030 2571 ipsa
1050 2512 1363 2571 glorificatione
1382 2511 1641 2570 gaudebant
1656 2547 1668 2570 ,
1695 2523 1738 2558 et
1760 2529 1835 2558 ex-

435 2582 650 2627 tollebant
665 2597 734 2638 se,
761 2591 803 2625 et
824 2583 949 2626 ibant
973 2582 1074 2626 inde
1100 2583 1145 2625 in
1164 2583 1414 2642 superbiam
1434 2618 1445 2638 ‚
1471 2584 1574 2643 quia
1595 2583 1722 2628 licuit
1741 2583 1826 2629 illis

438 2652 651 2713 expellere
669 2652 899 2697 daemonia.
927 2652 1048 2696 Vidit
1071 2651 1166 2697 illos
1188 2667 1381 2712 quaerere
1400 2652 1582 2712 gloriam
1601 2669 1724 2699 suam
1742 2688 1752 2710 ‚
1780 2664 1829 2698 et
