1926 3339
461 322 514 358 10
886 325 919 351 s.
955 320 1186 350 Aucusnm
1218 319 1402 347 muscom

457 402 605 454 pertus
629 400 719 435 erat
736 403 934 445 magnam
950 384 1274 430 tribulationem
1290 417 1300 437 ,
1321 396 1410 442 quo
1431 380 1563 438 magis
1585 379 1640 424 de
1660 379 1836 424 illorum

459 466 602 525 aliqua
643 461 930 506 delectatione
965 463 1314 517 praesumpserat.
1354 451 1570 496 Videntur
1605 451 1718 495 enim
1757 450 1857 494 ali-'

459 534 636 596 quando
664 531 769 592 justi
796 529 1014 581 homines,
1048 535 1090 569 et
1125 524 1340 584 gaudetur
1376 522 1432 566 ad
1459 538 1531 566 eos
1555 541 1567 569 ς
1591 531 1634 565 et
1665 535 1837 565 necesse

458 614 543 659 est,
569 612 618 647 ut
641 601 901 659 gaudeatur,
925 596 1130 657 quoniam
1149 593 1332 638 charitas
1352 594 1442 638 sine
1460 590 1619 651 gaudio
1637 590 1733 634 talis
1747 605 1837 635 esse

457 690 547 718 non
575 680 716 732 potest
735 689 744 714 ε
764 669 808 712 in
829 669 896 711 his
919 676 1062 711 autem
1085 665 1130 708 in
1155 665 1315 725 quibus
1338 663 1508 723 gavisus
1539 669 1602 705 est
1622 661 1778 716 homo,
1803 660 1837 704 si

456 743 568 788 forte
586 740 749 801 aliquid
763 752 944 798 pravum
962 735 1213 794 contigerit,
1232 732 1453 794 quomodo
1474 746 1587 791 saepe
1600 730 1834 788 contingit,

456 821 619 873 quanta
640 809 791 854 laetitia
809 808 870 852 ibi
894 815 1006 861 erat,
1027 815 1172 851 tantus
1194 819 1357 849 moeror
1375 802 1564 859 accedit,
1589 802 1647 846 ita
1666 810 1716 845 ut
1733 816 1838 861 pos-

457 893 525 928 tea
543 884 632 943 jam
663 882 812 925 timeat
833 881 964 924 homo
987 877 1128 922 laxare
1160 877 1350 921 habenas
1379 874 1663 934 gaudiorum,
1687 872 1840 916 timeat

457 969 501 998 se
530 952 691 997 laetitiae
719 951 1010 1003 committere,
1040 963 1095 992 ne
1127 956 1294 1008 quanto
1316 946 1450 1004 magis
1477 945 1649 988 laetatus
1670 942 1833 997 fuerat,

457 1033 579 1068 tanto
618 1021 804 1081 amplius
847 1020 881 1064 si
915 1019 1079 1079 aliquid
1115 1017 1366 1076 contigerit,
1401 1015 1694 1060 contabescat.
1732 1017 1838 1058 Per-

456 1110 604 1138 cussus
639 1107 742 1150 ergo
775 1089 987 1134 scandalis
1009 1088 1334 1133 abundantibus
1363 1086 1483 1147 quasi
1511 1084 1660 1129 multis
1679 1082 1839 1129 vulne-

457 1164 595 1217 ribus,
612 1161 763 1206 clausit
783 1176 826 1204 se
848 1169 997 1205 contra
1012 1160 1247 1203 humanam
1263 1156 1626 1210 consolationem,
1645 1163 1690 1198 et
1707 1169 1840 1212 nega-

455 1234 518 1277 vit
537 1232 747 1277 consolari
765 1232 907 1275 anima
929 1230 1076 1290 ipsius.
1102 1232 1160 1273 Et
1180 1227 1298 1272 unde
1317 1228 1431 1271 vita?
1449 1224 1840 1284 Unde‘respiratio?

460 1323 480 1346 «
516 1306 683 1347 Memor
704 1301 766 1345 fui
791 1302 892 1355 Dei,
918 1310 960 1344 et
990 1299 1229 1344 delectatus
1251 1313 1364 1342 sum.
1392 1315 1413 1338 η
1439 1299 1537 1341 Non
1561 1295 1718 1339 frustra
1746 1311 1840 1340 ma-

455 1388 536 1416 nus
560 1381 746 1431 operatae
770 1369 968 1425 fuerant,
994 1370 1250 1413 invenerant
1271 1382 1480 1426 magnum
1503 1366 1835 1411 consolatorem.

454 1446 551 1488 Non
573 1441 835 1502 quiescendo
862 1459 882 1482 α
907 1443 1074 1484 Memor
1096 1438 1160 1483 fui
1182 1439 1285 1493 Dei,
1324 1447 1366 1482 et
1398 1437 1639 1481 delectatus
1673 1452 1785 1481 sum.
1813 1453 1834 1477 n

455 1512 760 1557 Praedicandus
778 1512 909 1570 igitur
931 1520 994 1554 est
1018 1514 1146 1565 Deus,
1172 1511 1296 1569 cujus
1316 1509 1393 1552 iste
1414 1523 1580 1551 memor
1597 1505 1736 1551 iactus
1758 1506 1838 1550 de-

453 1582 634 1626 lectatus
657 1590 739 1635 est,
770 1590 813 1624 et
835 1580 1080 1625 consolatus
1101 1580 1146 1623 in
1159 1579 1348 1640 quadam
1369 1578 1561 1633 tristitia,
1581 1586 1624 1621 et
1645 1576 1839 1637 quodam

453 1652 585 1697 modo
607 1651 743 1696 salute
766 1650 993 1710 desperata
1016 1659 1258 1694 recreatus:
1292 1648 1596 1709 praedicandus
1618 1657 1682 1692 est
1705 1651 1834 1692 Deus.

454 1723 666 1783 Denique,
685 1722 805 1782 quod
818 1720 1064 1766 consolatus
1082 1730 1146 1764 est
1160 1720 1254 1775 iste,
1276 1728 1450 1763 secutus
1473 1719 1551 1763 ait:
1569 1738 1585 1759 «
1602 1718 1796 1763 GarriviP
1814 1737 1834 1760 »

456 1796 507 1836 In
526 1794 612 1851 ipsa
630 1792 924 1836 consolatione
941 1806 1107 1835 memor
1123 1791 1264 1835 factus
1284 1790 1383 1844 Dei,
1408 1789 1645 1833 delectatus
1663 1789 1834 1847 garrivi.

453 1864 569 1916 Quid
593 1872 655 1906 est
676 1881 684 1907 :
707 1882 727 1904 «
752 1862 946 1906 Garrivi?
973 1880 991 1903 υ
1019 1865 1208 1905 Laetatus
1237 1876 1357 1915 sum,
1383 1859 1573 1904 exultavi
1594 1859 1834 1919 loquendo.

453 1933 623 1977 Garruli
653 1932 767 1976 enim
802 1932 974 1991 proprie
1005 1931 1234 1986 dicuntur,
1260 1931 1336 1990 qui
1358 1946 1381 1975 a
1402 1929 1536 1988 vulgo
1557 1930 1729 1974 verbosi
1757 1945 1837 1990 ap-

451 2003 690 2063 pellantur,
716 2002 948 2047 accedente
969 2002 1120 2047 laetitia
1142 2018 1222 2046 nec
1239 2002 1432 2047 valentes
1450 2017 1529 2047 nec
1550 2001 1746 2046 volentes
1770 2011 1838 2046 ta-

450 2089 560 2142 cere.
587 2077 745 2118 Factus
767 2083 830 2118 est
850 2073 930 2118 iste
949 2073 1058 2118 talis.
1075 2076 1133 2118 Et
1153 2088 1300 2117 rursus
1319 2071 1428 2133 quid
1448 2073 1532 2117 ait?
1554 2091 1575 2115 «
1599 2075 1658 2117 Et
1675 2071 1838 2117 defecit

454 2163 471 2184 »
507 2144 680 2203 spiritus
703 2159 841 2188 meus.
872 2164 889 2185 »

507 2215 607 2257 VII.
643 2213 788 2257 Taedio
817 2213 1127 2268 contabuerat,
1159 2211 1392 2258 recolendo
1424 2216 1563 2257 Deum
1595 2212 1836 2258 delectatus

447 2282 611 2337 fuerat,
634 2298 778 2327 rursus
800 2283 1028 2341 garriendo
1050 2282 1268 2328 defecerat
1291 2303 1299 2328 :
1320 2283 1427 2344 quid
1449 2284 1676 2344 sequitur?
1702 2303 1719 2325 «
1747 2287 1835 2329 An-

450 2371 472 2394 »
506 2353 795 2413 ticipaverunt
810 2353 976 2412 vigilias
995 2370 1144 2399 omnes
1165 2354 1328 2398 inimici
1342 2355 1425 2398 mei
1441 2357 1469 2397 ¹.
1496 2375 1513 2396 »
1536 2353 1833 2412 Vigilaverunt

445 2439 576 2482 super
596 2439 665 2467 me
686 2425 1009 2468 omnesinimici
1031 2426 1144 2483 mei,
1169 2425 1267 2484 plus
1290 2441 1358 2469 me
1380 2424 1698 2484 vigilaverunt,
1722 2426 1833 2485 vigi-

443 2493 577 2538 lando
597 2505 1014 2555 praeoccupaverunt
1034 2511 1117 2540 me.
1140 2497 1223 2541 Ubi
1238 2513 1327 2540 non
1351 2497 1613 2556 muscipulas
1633 2499 1832 2557 ponunt?

444 2568 599 2610 Nonne
631 2565 797 2625 vigilias
835 2581 986 2611 omnes
1023 2567 1373 2627 anticipaverunt
1404 2568 1568 2612 inimici
1603 2568 1715 2613 mci?
1748 2569 1831 2622 Qui

494 2655 504 2672 ¹
528 2648 607 2681 Psal.
630 2659 737 2689 Lxxw,
756 2649 787 2681 5.
