1926 3339
454 284 505 322 58
883 294 914 318 s.
952 290 1178 317 AUGUSTINI
1213 289 1390 315 EP1scoi³1

451 360 630 418 irrogari
645 367 688 402 ct
709 372 785 417 per
806 357 942 400 bonos
967 353 1167 411 Angvlos,
1187 353 1298 396 sicut
1316 352 1561 407 Sodomitis,
1583 362 1626 396 ert
1649 367 1725 412 per
1739 367 1833 395 ma-

452 429 516 474 los
535 427 709 487 angelos
726 461 736 481 ‚
763 427 872 469 sicut
889 423 1104 482 AEgyptiis
1119 457 1134 477 ,
1158 421 1343 480 legimus
1365 441 1374 466 :
1399 423 1538 482 justos
1554 437 1657 466 vero
1678 437 1835 481 corpo-

450 499 613 544 ralibus
636 497 776 557 poenis
808 511 884 556 per
905 495 1042 538 bonos
1065 491 1251 549 Angelos
1273 492 1430 536 tentari
1452 501 1495 536 et
1523 493 1716 552 probari,
1744 508 1835 536 non

450 569 556 613 mihi
579 568 781 612 occurrit.

509 641 650 682 XXX.
687 635 816 690 Quod
840 650 942 679 vero
963 633 1150 693 pertinet
1170 631 1225 676 ad
1248 642 1504 692 praesentem
1525 633 1683 677 Psalmi
1705 633 1836 694 hujus

449 710 612 762 locum,
630 708 663 751 si
684 723 733 750 ea
755 721 853 766 quae
868 703 1121 749 mirabiliter
1143 703 1198 747 de
1221 704 1427 748 creaturis
1447 703 1558 748 facta
1575 713 1692 758 sunt,
1709 702 1834 748 malis

450 776 608 836 angelis
641 777 833 821 tribuere
861 791 951 819 non
985 773 1196 819 audemus
1214 795 1225 831 3
1258 773 1472 818 habemus
1507 774 1628 834 quod
1664 773 1722 818 eis
1754 776 1836 818 tri-

450 849 585 892 buere
602 847 691 890 sine
705 846 976 890 dubitatione
993 859 1221 904 possumus
1238 879 1248 898 ‚
1270 853 1430 888 mortes
1456 858 1662 903 pecorum
1679 879 1690 900 ‚
1715 859 1835 889 mor-

455 928 514 963 tes
535 918 872 978 primitivorum,
894 926 937 960 et
956 915 1065 959 illud
1084 916 1268 958 maxime
1290 915 1408 959 unde
1425 915 1600 973 religata
1623 924 1724 959 sunt
1741 931 1839 959 om·-

451 990 539 1043 nia,
560 987 893 1032 obdurationem
909 986 1051 1030 cordis
1069 986 1261 1040 illorum,
1279 995 1329 1030 ut
1345 984 1559 1045 populum
1576 985 1652 1030 Dei
1669 985 1838 1029 nollent

451 1059 682 1104 dimittere.
698 1061 819 1102 Hanc
836 1058 951 1101 enim
973 1056 1284 1117 iniquissimam
1307 1066 1350 1101 et
1368 1056 1716 1115 malignissimam
1741 1056 1840 1100 obs-

451 1130 708 1174 tinat-ionem
736 1132 848 1172 Deus
882 1143 982 1171 cum
1015 1127 1157 1171 facere
1178 1126 1364 1172 dicitur1
1381 1163 1392 1182 ,
1418 1143 1506 1171 non
1528 1126 1774 1185 instigando
1795 1136 1839 1171 et

451 1199 702 1258 inspirando
718 1234 728 1253 ‚
750 1198 824 1243 sed
847 1197 1086 1242 deserendo
1103 1197 1231 1253 facit,
1258 1207 1308 1241 ut
1329 1197 1392 1241 illi
1415 1206 1651 1257 operentur
1671 1196 1718 1240 in
1740 1195 1839 1241 filiis

452 1268 736 1312 diffidentiae2
754 1304 764 1323 ,
791 1268 911 1328 quod
932 1271 1048 1311 Deus
1078 1267 1223 1311 debite
1238 1269 1441 1327 justeque
1469 1267 1697 1326 permittit.
1729 1268 1838 1311 Nam

452 1348 495 1383 et
522 1338 632 1382 illud
665 1338 785 1398 quod
818 1341 949 1382 Isa'l'as
980 1337 1193 1397 propheta
1225 1337 1359 1382 dicit:
1392 1356 1411 1379 «
1437 1337 1648 1392 Domine,
1673 1351 1772 1381 ecce
1789 1345 1839 1381 tu

454 1428 475 1451 >›
509 1410 643 1453 iratus
665 1425 708 1453 es
724 1445 734 1465 ,
769 1419 811 1453 ct
833 1426 910 1454 nos
933 1409 1206 1469 peccavimus
1224 1444 1234 1464 ‚
1260 1418 1489 1468 propterea
1507 1409 1744 1453 erravimus
1759 1443 1770 1463 ‚
1796 1406 1846 1452 et*

454 1499 474 1522 »
507 1479 609 1524 facti
631 1496 780 1525 sumus
804 1481 914 1525 sicut
932 1479 1147 1524 immundi
1169 1482 1364 1535 omnes³⁷
1385 1499 1404 1521 »
1426 1496 1473 1524 ea
1491 1481 1656 1524 ratione
1677 1478 1839 1523 intelli-

452 1551 581 1610 gitur.
602 1551 822 1595 Praecessit
845 1551 959 1594 enim
983 1550 1163 1610 aliquid,
1184 1550 1302 1594 unde
1319 1554 1433 1595 Deus
1448 1551 1682 1611 justissime
1704 1551 1838 1595 iratus

451 1621 507 1664 ab
531 1622 589 1665 eis
611 1637 738 1665 suum
756 1621 906 1665 lumen
930 1620 1121 1665 auferret
1135 1656 1146 1677 ,
1171 1630 1222 1665 ut
1243 1622 1286 1665 in
1304 1630 1480 1680 peccata
1495 1637 1594 1681 quae
1611 1619 1732 1664 nulla
1756 1629 1840 1664 ter-

452 1692 733 1749 giversatione
761 1690 938 1735 defendi
980 1701 1161 1751 possunt
1195 1708 1284 1736 non
1313 1706 1403 1735 esse
1435 1701 1609 1750 peccata
1633 1727 1644 1745 ‚
1674 1692 1839 1736 caecitas

451 1763 656 1806 humanae
676 1763 832 1807 mentis
864 1763 1129 1816 offenderet,
1155 1764 1210 1807 ab
1243 1764 1397 1807 itinere.
1421 1763 1600 1822 justitiae
1622 1763 1839 1807 deviando

453 1841 496 1876 et
530 1832 728 1877 errando.
764 1835 820 1877 Et
847 1833 967 1894 quod
1000 1834 1046 1877 in
1076 1833 1160 1878 alio
1190 1833 1360 1877 Psalmo
1387 1833 1595 1893 scriptum
1616 1842 1679 1877 est
1700 1832 1838 1877 dehis

450 1902 550 1962 ipsis
571 1903 806 1962 AEgypfiis,
831 1903 953 1963 quod
970 1907 1083 1947 Deus
1106 1903 1369 1947 converterit
1389 1919 1463 1947 cor
1485 1919 1636 1947 eorum
1657 1911 1707 1947 ut
1728 1902 1838 1947 odis·

449 1981 544 2016 sent
566 1972 779 2032 populum
793 1973 899 2033 ejus,
919 1982 961 2016 et
975 1972 1125 2017 dolum
1148 1971 1341 2017 facerent
1358 1973 1404 2016 in
1415 1988 1558 2017 servos
1575 1974 1665 2033 ejus
1678 1973 1709 2028 ⁴,
1726 1973 1838 2017 bene

448 2041 638 2086 creditur
663 2045 774 2086 Deus
801 2041 951 2087 fecisse
972 2058 1050 2102 per
1079 2042 1174 2087 illos
1199 2042 1375 2102 angelos
1409 2042 1542 2087 malos
1560 2077 1572 2098 ,
1593 2052 1643 2087 ut
1657 2044 1745 2104 jam
1769 2043 1838 2087 vi-

449 2112 569 2156 tiosae
586 2122 753 2156 mentes
774 2113 965 2157 filiorum
988 2113 1257 2158 infidelitatis
1278 2129 1355 2173 per
1377 2129 1448 2158 eos
1471 2113 1662 2173 angelos,
1678 2115 1838 2174 quibus

449 2183 601 2226 eadem
619 2183 754 2227 amica
774 2193 875 2227 sunt
896 2183 1015 2238 vitia,
1034 2184 1322 2228 excitarentur
1345 2185 1390 2227 in
1408 2184 1557 2228 odium
1575 2185 1727 2244 populi
1742 2185 1834 2239 Dei,

449 2262 581 2314 atque
599 2254 655 2298 ad
679 2254 902 2299 terrendos
922 2263 965 2298 et
983 2254 1262 2314 corrigendos
1285 2255 1423 2300 bonos
1446 2255 1518 2300 illa
1536 2256 1750 2300 mirabilia
1778 2272 1839 2300 se-

447 2332 702 2384 querentur.
730 2324 810 2368 Illa
833 2325 961 2368 etiam
981 2324 1094 2369 mala
1116 2341 1303 2380 morum,
1331 2342 1428 2386 quae
1451 2327 1516 2370 his
1539 2327 1837 2386 corporalibus

447 2393 585 2453 plagis
617 2395 854 2452 significata
882 2411 973 2439 esse
995 2395 1204 2451 diximus,
1229 2406 1408 2456 propter
1432 2397 1552 2457 quod
1575 2396 1837 2457 praedictum

448 2473 512 2509 est
536 2484 544 2509 :
571 2484 590 2505 «
614 2467 814 2525 Aperiam
831 2467 877 2510 in
898 2466 1114 2526 parabolis
1133 2483 1178 2511 os
1199 2483 1346 2511 meum
1365 2504 1375 2523 ,
1400 2487 1419 2508 υ
1448 2483 1522 2527 per
1540 2468 1676 2513 malos
1700 2483 1836 2526 ange-

496 2566 505 2583 ¹
527 2561 627 2593 Exod.
654 2574 708 2603 1v,
731 2571 785 2595 21.
806 2580 847 2585 -—
881 2570 893 2585 ²
920 2562 1100 2605 Ephes.11,
1132 2574 1163 2597 ¹2.
1189 2581 1229 2586 —
1257 2562 1270 2587 3
1290 2566 1360 2597 lsai.
1395 2576 1492 2606 inv,
1520 2565 1552 2603 Γ),
1579 2565 1612 2598 6.
1641 2583 1682 2589 --
1716 2564 1732 2594 4
1752 2565 1831 2598 Psal.

449 2625 519 2657 civ,
536 2617 589 2649 25.
