1926 3339
460 331 485 369 6
880 340 913 368 s.
950 340 1177 368 Avensa-131
1210 339 1390 365 Ei>1scor1

519 410 601 451 111.
632 425 650 447 «
671 408 720 449 In
740 404 808 448 die
830 403 1124 448 tribulationis
1138 419 1245 447 meae
1267 405 1402 446 Deum
1425 400 1670 462 exquisivi1.
1693 418 1713 441 »
1733 399 1838 453 Quis

461 493 526 532 es,
546 477 622 537 qui
641 477 724 520 hoc
746 475 875 519 facis?
891 474 941 518 ld
969 474 1038 518 die
1061 473 1350 518 tribulationis
1372 482 1480 527 tuae,
1510 470 1609 515 vide
1630 470 1736 531 quid
1759 485 1834 514 ex-

455 547 614 607 quiras.
653 546 694 590 Si
734 560 878 590 carcer
910 543 1012 588 facit
1045 543 1391 597 tribulationem,
1425 542 1538 585 exire
1571 540 1626 584 de
1662 556 1833 584 carcere

455 616 663 676 exquiris:
688 616 721 659 si
737 613 866 658 febris
884 613 985 657 facit
1005 611 1328 675 tribulationem
1345 647 1355 666 ,
1376 611 1601 655 sanitatem
1615 610 1802 669 exquiris
1819 629 1830 656 :

453 686 488 730 si
501 685 632 729 fames
647 683 746 728 facit
760 683 1099 736 tribulationem,
1115 683 1383 726 saturitatem
1401 680 1587 741 exquiris
1605 680 1658 724 :si
1673 679 1832 724 damna

453 755 621 800 faciunt
644 753 967 798 tribulationem
982 787 993 807 ,
1033 751 1204 796 lucrum
1226 752 1411 811 exquiris
1450 770 1458 795 :
1487 751 1521 794 si
1544 750 1832 810 peregrinatio

452 826 554 871 facit
567 825 889 870 tribulationem
905 859 916 879 ,
941 823 1155 868 civitatem
1168 832 1255 866 tuae
1273 822 1410 866 carnis
1428 822 1629 882 exquiris.
1652 824 1709 865 Et
1725 820 1833 882 quid

452 905 607 941 cuncta
630 909 984 948 commemorem,
1005 902 1080 936 aut
1101 892 1277 953 quando
1296 901 1451 937 cuncta
1471 892 1834 936 commemorem?

449 967 523 1011 Vis
535 981 622 1010 esse
635 965 900 1009 transiliens?
915 967 965 1007 In
979 963 1048 1008 die
1066 963 1355 1008 tribulationis
1371 972 1457 1006 tuae
1474 966 1608 1006 Deum
1627 962 1804 1022 exquire
1821 980 1830 1006 :

454 1053 543 1082 non
565 1052 642 1096 per
664 1039 801 1080 Deum
836 1034 978 1087 aliud,
1013 1034 1087 1079 sed
1125 1051 1175 1078 ex
1202 1033 1484 1078 tribulatione
1515 1036 1676 1087 Deum,
1707 1042 1758 1076 ut
1780 1033 1836 1076 ad

450 1108 534 1152 hoc
562 1112 671 1150 Deus
698 1115 915 1149 removeat
952 1104 1300 1159 tribulationem,
1334 1113 1384 1148 ut
1419 1119 1593 1148 securus
1622 1104 1835 1147 inhaereas

449 1180 554 1222 Deo.
573 1196 589 1217 «
609 1180 658 1221 In
667 1176 737 1220 die
750 1175 1042 1220 tribulationis
1058 1191 1165 1219 meae
1178 1179 1315 1219 Deum
1328 1174 1535 1235 exquisivi
1553 1193 1561 1218 :
1579 1192 1598 1214 >›
1613 1189 1701 1218 non
1716 1172 1837 1217 aliud
1871 1195 1877 1200 ·

451 1246 618 1307 aliquid
643 1282 654 1302 ,
693 1245 765 1290 sed
799 1265 819 1288 ι(
856 1249 995 1290 Deum
1028 1245 1249 1305 exquisivi.
1286 1264 1306 1286 »
1350 1248 1405 1289 Et
1433 1243 1654 1305 quomodo
1683 1244 1836 1304 exqui-

449 1317 569 1361 sisti?
595 1335 615 1358 «
649 1316 851 1360 Manibus
875 1316 980 1358 meis
1001 1326 1129 1359 nocte
1147 1330 1288 1358 coram
1316 1330 1382 1359 eo.
1407 1333 1426 1355 υ
1456 1315 1530 1358 Dic
1547 1316 1630 1358 hoc
1650 1330 1797 1358 rursus
1823 1332 1832 1358 ε

449 1386 694 1440 videamus,
726 1384 1045 1443 intelligamus,
1080 1385 1323 1440 imitemur,
1350 1385 1384 1428 si
1407 1400 1651 1443 possumus.
1683 1387 1734 1428 In
1766 1383 1837 1428 die

449 1455 742 1501 tribulationis
777 1464 865 1499 tuae
894 1454 1001 1515 quid
1034 1455 1282 1515 exquisisti?
1311 1473 1328 1494 «
1362 1458 1516 1499 Deum.
1555 1473 1574 1495 »
1607 1454 1836 1508 Quomodo

450 1526 701 1587 exquisisti?
727 1546 748 1568 «
767 1526 970 1571 Manibus
986 1526 1107 1570 meis.
1129 1545 1148 1567 »
1166 1525 1350 1578 Quando
1365 1525 1585 1585 exquisisti
1600 1526 1625 1567 ⁶?-
1638 1528 1790 1570 Nocte.
1813 1544 1832 1567 »

451 1597 537 1642 Ubi
560 1596 808 1657 exquisisti?
847 1615 864 1636 «
891 1598 1049 1641 Coram
1077 1612 1143 1640 eo.
1168 1614 1188 1637 »
1214 1599 1269 1640 Et
1291 1612 1380 1657 quo
1410 1595 1558 1641 fructu
1591 1596 1837 1656 exquisisti?

456 1686 476 1709 «
510 1671 567 1712 Et
589 1683 676 1712 non
694 1683 789 1711 sum
813 1667 1036 1726 deceptus.
1056 1686 1075 1708 »
1100 1668 1256 1712 Omnia
1278 1684 1381 1727 ergo
1395 1668 1618 1712 videamus
1632 1704 1642 1723 ,
1663 1666 1833 1723 fratres,

450 1739 593 1782 omnia
626 1738 970 1793 consideremus,
1012 1739 1155 1783 omnia
1188 1739 1526 1797 interrogemus,
1563 1749 1606 1783 et
1640 1739 1749 1800 quid
1783 1738 1839 1783 sit

448 1808 673 1853 tribulatio
687 1844 696 1862 ‚
717 1809 763 1852 in
786 1825 872 1868 qua
895 1809 972 1853 iste
991 1813 1129 1854 Deum
1151 1810 1401 1870 exquisivit,
1422 1818 1465 1853 et
1486 1809 1593 1869 quid
1615 1809 1669 1853 sit
1691 1809 1835 1852 mani-

449 1879 531 1922 bus
548 1880 765 1939 inquirere
784 1882 945 1934 Deum,
966 1890 1009 1923 et
1030 1879 1136 1940 quid
1163 1881 1216 1924 sit
1239 1890 1386 1935 nocte,
1412 1889 1454 1924 et
1475 1878 1583 1940 quid
1617 1880 1671 1924 sit
1691 1894 1836 1924 coram

449 1948 525 1993 illo
552 1968 561 1993 :
586 1958 628 1992 et
649 1950 845 2008 sequitur
861 1984 871 2003 ,
897 1949 1018 2009 quod
1034 1965 1183 1994 omnes
1205 1950 1483 2009 intelligunt,
1513 1969 1534 1991 «
1558 1952 1615 1994 Et
1633 1965 1722 1994 non
1739 1965 1836 1994 sum

451 2036 472 2060 »
507 2017 730 2078 deceptus.
758 2038 778 2060 »
799 2018 915 2072 Quid
937 2029 999 2063 est
1020 2020 1158 2075 enim,
1183 2039 1203 2061 «
1227 2022 1284 2063 Et
1311 2035 1400 2064 non
1427 2035 1522 2064 sum
1547 2019 1786 2080 deceptus?
1811 2038 1831 2061 »

450 2089 603 2132 Inveni
625 2088 745 2148 quod
787 2089 1051 2148 quaerebam.

506 2161 582 2203 IV.
609 2158 850 2204 Tribulatio
873 2175 962 2204 non
989 2159 1063 2204 illa
1093 2159 1164 2204 vel
1195 2159 1269 2204 illa
1292 2159 1523 2219 cogitanda
1546 2169 1623 2205 est.
1659 2160 1832 2205 Etenim

447 2229 747 2289 unusquisque
769 2229 966 2274 nondum
988 2229 1230 2274 transiliens
1248 2266 1258 2285 ,
1278 2230 1476 2274 nondum
1499 2240 1624 2290 putat
1644 2246 1734 2275 esse
1756 2231 1835 2275 tri-

449 2298 718 2344 bulationem
739 2335 750 2355 ,
776 2301 856 2358 nisi
878 2317 977 2360 quae
1006 2301 1210 2345 acciderit
1230 2302 1332 2347 huic
1360 2303 1460 2346 vitae
1482 2318 1532 2346 ex
1552 2302 1699 2363 aliquo
1722 2303 1833 2348 tristi

446 2379 641 2429 tempore
662 2390 670 2414 :
693 2380 735 2415 at
755 2387 859 2416 vero
886 2371 959 2415 ille
982 2371 1248 2427 transiliens,
1274 2382 1409 2417 totam
1436 2373 1571 2418 vitam
1602 2374 1728 2418 istam
1753 2373 1832 2418 tri-

445 2439 716 2485 bulationem
737 2457 857 2485 suam
881 2451 1066 2501 reputat.
1099 2442 1166 2488 Sic
1191 2443 1307 2486 enim
1329 2453 1446 2487 amat
1471 2444 1654 2503 patriam
1677 2460 1830 2504 super-

448 2527 571 2567 nam,
603 2522 651 2556 ut
679 2522 847 2557 terrena
880 2514 1164 2573 peregrinatio
1187 2514 1276 2573 ipsa
1298 2514 1351 2558 sit
1378 2515 1563 2559 maxima
1585 2514 1825 2560 tribulatio,

446 2582 676 2636 Quomodo
693 2583 808 2626 enim
826 2599 916 2628 non
932 2583 986 2628 sit
1002 2583 1226 2629 tribulatio
1240 2585 1327 2629 vita
1344 2584 1422 2629 ista
1438 2620 1449 2641 ,
1470 2601 1576 2645 rogo
1597 2587 1703 2632 vos?
1724 2601 1830 2646 quo-

498 2673 506 2688 ¹
532 2666 613 2699 Psal.
629 2677 737 2708 uxvr,
757 2666 787 2699 3.
