1926 3339
454 260 536 297 420
879 273 910 296 s.
948 270 1173 298 AU5‘3U5'11N1
1206 272 1384 298 Eiuscom

449 344 511 379 est
548 334 780 394 Apostolus
797 368 808 389 ,
841 343 883 379 et
905 334 1013 378 dixit
1039 354 1048 379 ι
1082 335 1238 387 «Quid
1267 350 1367 393 ergo
1394 334 1609 388 dicemus,
1649 334 1832 377 fratres?

450 425 470 447 »
505 404 730 466 Numquid
748 408 861 450 Deus
883 405 1043 465 repulit
1064 406 1236 464 plebem
1263 422 1406 461 suam,
1432 421 1561 465 quam
1587 405 1833 464 praescivit?
1887 414 1894 423 ·

450 496 470 518 »
505 477 630 521 Absit
647 497 655 521 :
672 492 772 520 nam
793 486 837 520 et
857 491 935 534 ego
960 475 1150 519 Israelita
1169 492 1280 532 sum,
1302 493 1352 520 ex
1375 476 1536 520 semine
1559 475 1760 530 Abrahae,
1778 474 1833 518 de

450 567 471 590 »
506 549 624 592 tribu
647 547 887 607 Benjamin.
911 549 1008 591 Non
1027 546 1186 606 repulit
1204 551 1317 591 Deus
1339 547 1512 607 plebem
1531 562 1650 590 suam
1665 581 1675 601 ,
1701 561 1832 605 quam

449 637 470 660 »
505 617 759 677 praescivit¹.
779 638 794 657 »
812 617 969 675 Utique
984 616 1016 660 si
1036 616 1483 676 repelleretDominus
1497 617 1669 676 plebem
1691 631 1830 670 suam,

446 703 536 732 non
565 696 674 731 esset
702 685 820 730 unde
848 695 958 729 esset
989 686 1080 745 ipse
1108 686 1354 746 Apostolus.
1386 687 1510 731 Unde
1542 695 1686 730 autem
1715 686 1829 745 ipse,

444 757 546 801 inde
575 766 618 800 et
649 756 733 800 alii.
766 760 818 800 In
846 756 911 800 his
940 755 1061 815 plebs
1089 757 1285 812 Domini,
1323 773 1410 801 non
1433 757 1478 800 in
1500 756 1732 813 omnibus,
1758 755 1834 800 sed

444 826 818 887 quemadmodum
841 826 1050 886 scriptum
1074 836 1137 870 est
1157 847 1165 871 z
1191 846 1210 868 «
1238 826 1451 887 Reliquiae
1475 826 1602 870 salvae
1624 827 1794 869 erunt2.
1810 844 1829 866 »

443 901 540 943 Non
564 899 608 942 in
624 897 828 942 omnibus
846 918 855 954 3
872 897 948 941 sed
970 913 1067 941 area
1088 898 1311 953 ventilata,
1331 914 1467 942 massa
1485 898 1729 942 intromissa
1751 906 1830 952 est,

442 967 565 1028 palea
584 969 741 1028 jacetss.
771 970 930 1012 Totum
954 967 1171 1028 quidquid
1194 968 1314 1012 vides
1336 969 1592 1012 Judaeorum
1621 968 1833 1027 reprobo-

443 1054 556 1093 rum,
572 1038 739 1098 paleam
758 1038 891 1082 vides.
913 1037 1035 1081 Unde
1055 1038 1174 1082 vides
1187 1039 1308 1082 istam
1328 1037 1512 1097 paleam,
1531 1039 1619 1098 jam
1640 1038 1710 1081 ide
1732 1038 1835 1082 exiit

442 1124 576 1152 massa
591 1143 601 1163 ,
623 1110 711 1167 jam
728 1108 774 1151 in
795 1109 951 1152 horreo
965 1107 1188 1152 recondita
1211 1118 1288 1152 cst.
1316 1108 1478 1152 Ambas
1497 1124 1561 1152 res
1582 1108 1829 1164 videamus,

442 1178 589 1222 ambas
612 1177 923 1222 discernamus.

501 1251 624 1291 VIII.
644 1247 760 1300 Quid
784 1248 976 1291 Psalmus
1000 1246 1223 1307 adjungit?
1244 1267 1264 1289 «
1286 1247 1502 1300 Quoniam
1522 1248 1566 1290 in
1585 1263 1717 1292 manu
1741 1249 1833 1308 ejus

444 1337 463 1360 η
501 1318 607 1361 fines
630 1327 800 1361 terrae.»
818 1318 1104 1376 Agnoscimus
1127 1317 1315 1377 lapidem
1339 1317 1612 1376 angularem,
1630 1318 1737 1378 lapis
1756 1335 1834 1362 an-

443 1389 602 1449 gularis
619 1424 629 1444 ,
661 1389 872 1434 Christus.
899 1391 997 1433 Non
1018 1398 1160 1448 potest
1194 1404 1281 1432 esse
1310 1388 1492 1446 angulus
1509 1423 1520 1444 ,
1553 1389 1632 1432 nisi
1657 1388 1767 1433 duos
1788 1389 1834 1433 in

441 1475 486 1504 se
508 1459 777 1519 copulaverit
806 1457 988 1518 parietes
1014 1478 1023 1503 ε
1050 1458 1105 1502 ad
1128 1458 1335 1517 angulum
1359 1458 1414 1502 de
1437 1458 1606 1503 diverso
1627 1460 1830 1514 veniunt,

443 1530 519 1576 sed
547 1532 592 1574 in
619 1531 779 1589 angulo
812 1531 892 1574 sibi
926 1547 1016 1575 non
1039 1530 1336 1575 adversantur.
1364 1531 1495 1574 Venit
1530 1547 1579 1574 ex
1602 1547 1688 1575 una
1711 1540 1833 1591 parte

442 1603 734 1656 circumcisio,
764 1603 884 1647 venit
918 1618 968 1645 ex
1001 1602 1083 1646 alia
1118 1611 1239 1661 parte
1263 1603 1542 1661 praeputium.
1578 1606 1629 1646 In
1661 1603 1833 1647 Christo

443 1675 574 1718 ambo
597 1673 749 1733 populi
771 1672 1172 1717 concordaverunt:
1190 1673 1291 1733 quia
1309 1672 1382 1716 ille
1404 1671 1544 1717 factus
1562 1683 1625 1717 est
1640 1673 1762 1733 lapis,
1779 1673 1834 1717 de

444 1762 532 1806 quo
547 1745 759 1804 scriptum
780 1753 842 1788 est
863 1764 872 1789 :
897 1764 917 1786 «
944 1737 1153 1803 Lapidem
1171 1759 1303 1804 quem
1326 1746 1671 1803 reprobaverunt
1692 1745 1832 1788 aedifi-

447 1835 466 1858 »
502 1826 669 1871 cantes,
689 1816 760 1860 hic
786 1815 923 1860 factus
941 1825 1004 1859 est
1026 1815 1071 1858 in
1098 1824 1229 1874 caput
1250 1815 1439 1874 anguli4.
1462 1816 1539 1860 »Si
1562 1831 1664 1874 ergo
1692 1816 1834 1860 Chris-

444 1897 513 1931 tus
532 1888 575 1930 in
591 1895 722 1946 caput
735 1886 898 1945 anguli,
919 1902 1007 1930 non
1026 1885 1301 1929 attendamus
1323 1886 1611 1930 diversitatem
1635 1885 1690 1929 de
1705 1885 1832 1944 longe

443 1958 709 2002 venientium
730 1993 740 2013 ,
767 1956 842 2001 sed
862 1957 1231 2017 propinquitatem
1253 1956 1299 2000 in
1312 1957 1484 2001 Christo
1498 1957 1828 2001 cohaerentium.

442 2028 510 2072 Ibi
532 2028 700 2086 agitur,
725 2028 785 2071 ibi
803 2028 1027 2071 videamus
1043 2063 1054 2082 ,
1091 2046 1110 2068 «
1136 2027 1351 2079 Quoniam
1369 2042 1459 2070 non
1477 2026 1657 2086 repellet
1680 2027 1832 2070 Domi-

446 2117 467 2140 »
503 2115 584 2142 nus
606 2098 781 2157 plebem
809 2113 945 2141 suam.
975 2116 995 2138 »
1027 2100 1140 2141 Ecce
1162 2113 1274 2141 unus
1298 2098 1457 2156 paries,
1485 2097 1528 2141 in
1551 2113 1639 2156 quo
1650 2098 1739 2157 jam
1757 2133 1766 2152 ,
1783 2107 1834 2142 ut·

444 2168 661 2213 diximus:
694 2189 713 2210 «
739 2172 836 2213 Non
867 2168 1028 2227 repulit
1059 2168 1269 2211 Dominus
1298 2167 1469 2226 plebem
1509 2183 1646 2211 suam.
1677 2187 1696 2209 »
1723 2167 1833 2212 Inde

445 2240 662 2300 Apostoli,
689 2239 791 2283 inde
815 2238 1019 2283 Isra'e'litae
1043 2254 1192 2282 omnes
1215 2239 1290 2298 qui
1318 2237 1597 2282 crediderunt
1613 2274 1624 2294 ,
1656 2255 1704 2283 ac
1726 2255 1833 2283 ven-

443 2311 633 2354 ditarum
656 2326 801 2354 rerum
822 2324 997 2353 suarum
1015 2309 1149 2368 pretia
1166 2318 1265 2352 ante
1281 2309 1411 2367 pedes
1427 2310 1736 2368 Apostolorum
1755 2326 1834 2370 po-

445 2390 627 2425 suerunt
642 2383 656 2407 ⁵
672 2400 681 2425 z
697 2380 924 2424 voluntate
946 2394 1171 2438 pauperes,
1187 2377 1241 2422 de
1268 2382 1354 2422 Deo
1377 2378 1546 2423 divites.
1564 2381 1832 2438 Agnovimus

445 2468 584 2496 unum
602 2452 809 2511 parietem
830 2486 840 2506 ,
867 2451 1095 2510 impletum
1120 2467 1209 2496 csse
1232 2450 1289 2495 ibi
1312 2451 1431 2512 quod
1453 2451 1660 2497 diximus:
1682 2472 1700 2495 a
1719 2454 1831 2507 Quia

493 2556 501 2572 ¹
525 2551 614 2581 Hom.
632 2559 678 2590 xi,
700 2559 730 2589 1,
757 2557 788 2580 2.
809 2565 850 2570 —-
865 2555 879 2570 ²
906 2550 978 2579 Isai'.
1006 2559 1036 2587 x,
1054 2557 1108 2589 22,
1128 2550 1250 2580 etlzom
1282 2547 1624 2590 1x‚27.—·³Matth.
1646 2561 1693 2591 lu,
1712 2559 1762 2582 12.
1787 2567 1829 2574 —-

447 2605 463 2636 4
483 2605 565 2638 psal.
584 2617 685 2646 cxvu,
706 2613 759 2637 22.
788 2602 855 2627 —5
873 2607 944 2638 Act.
965 2615 1010 2644 iv,
1029 2604 1082 2646 34,
1109 2605 1161 2638 35.
