<?xml version="1.0" encoding="UTF-8"?>
<!DOCTYPE html PUBLIC "-//W3C//DTD XHTML 1.0 Transitional//EN"
    "http://www.w3.org/TR/xhtml1/DTD/xhtml1-transitional.dtd">
<html xmlns="http://www.w3.org/1999/xhtml" xml:lang="en" lang="en">
 <head>
  <title>
</title>
<meta http-equiv="Content-Type" content="text/html;charset=utf-8" />
  <meta name='ocr-system' content='tesseract 3.04.00' />
  <meta name='ocr-capabilities' content='ocr_page ocr_carea ocr_par ocr_line ocrx_word'/>
</head>
<body>
  <div class='ocr_page' id='page_1' title='image "./operaomniaaccura10auguuoft_0212.png"; bbox 0 0 1926 3339; ppageno 0'>
   <div class='ocr_carea' id='block_1_1' title="bbox 493 305 1420 344">
    <p class='ocr_par' dir='ltr' id='par_1_1' title="bbox 493 305 1420 344">
     <span class='ocr_line' id='line_1_1' title="bbox 493 305 1420 344; baseline 0.001 -3"><span class='ocrx_word' id='word_1_1' title='bbox 493 305 573 343; x_wconf 83' lang='lat'>158</span> <span class='ocrx_word' id='word_1_2' title='bbox 909 313 942 341; x_wconf 89' lang='lat' dir='ltr'>s.</span> <span class='ocrx_word' id='word_1_3' title='bbox 978 315 1208 343; x_wconf 75' lang='lat' dir='ltr'>AUGUSTIM</span> <span class='ocrx_word' id='word_1_4' title='bbox 1240 316 1420 344; x_wconf 76' lang='lat' dir='ltr'>EPISCOPI</span> 
     </span>
    </p>
   </div>
   <div class='ocr_carea' id='block_1_2' title="bbox 486 378 1922 1351">
    <p class='ocr_par' dir='ltr' id='par_1_2' title="bbox 487 378 1868 720">
     <span class='ocr_line' id='line_1_2' title="bbox 487 378 1861 439; baseline 0.003 -17"><span class='ocrx_word' id='word_1_5' title='bbox 487 393 583 423; x_wconf 89' lang='lat' dir='ltr'>mus</span> <span class='ocrx_word' id='word_1_6' title='bbox 608 398 616 423; x_wconf 76' lang='grc' dir='ltr'>ε</span> <span class='ocrx_word' id='word_1_7' title='bbox 649 378 756 439; x_wconf 88' lang='lat' dir='ltr'>quid</span> <span class='ocrx_word' id='word_1_8' title='bbox 782 387 846 423; x_wconf 90' lang='lat' dir='ltr'>est</span> <span class='ocrx_word' id='word_1_9' title='bbox 875 394 976 438; x_wconf 84' lang='lat' dir='ltr'>ergo</span> <span class='ocrx_word' id='word_1_10' title='bbox 993 414 1003 434; x_wconf 88' lang='lat'>‚</span> <span class='ocrx_word' id='word_1_11' title='bbox 1043 398 1063 421; x_wconf 92' lang='lat'>«</span> <span class='ocrx_word' id='word_1_12' title='bbox 1088 380 1269 439; x_wconf 78' lang='lat' dir='ltr'>Respice</span> <span class='ocrx_word' id='word_1_13' title='bbox 1291 381 1338 424; x_wconf 92' lang='lat' dir='ltr'>in</span> <span class='ocrx_word' id='word_1_14' title='bbox 1362 379 1513 425; x_wconf 86' lang='lat' dir='ltr'>faciem</span> <span class='ocrx_word' id='word_1_15' title='bbox 1537 382 1696 426; x_wconf 85' lang='lat' dir='ltr'>Christi</span> <span class='ocrx_word' id='word_1_16' title='bbox 1719 381 1782 428; x_wconf 86' lang='lat' dir='ltr'>tui</span> <span class='ocrx_word' id='word_1_17' title='bbox 1803 402 1812 428; x_wconf 91' lang='lat'><strong>:</strong></span> <span class='ocrx_word' id='word_1_18' title='bbox 1839 401 1861 427; x_wconf 90' lang='lat'>»</span> 
     </span>
     <span class='ocr_line' id='line_1_3' title="bbox 487 449 1866 513; baseline 0.004 -20"><span class='ocrx_word' id='word_1_19' title='bbox 487 452 574 493; x_wconf 90' lang='lat' dir='ltr'>Fac</span> <span class='ocrx_word' id='word_1_20' title='bbox 607 449 876 493; x_wconf 85' lang='lat' dir='ltr'>innotescere</span> <span class='ocrx_word' id='word_1_21' title='bbox 911 450 1112 494; x_wconf 88' lang='lat' dir='ltr'>omnibus</span> <span class='ocrx_word' id='word_1_22' title='bbox 1141 452 1361 495; x_wconf 79' lang='lat' dir='ltr'>Christum</span> <span class='ocrx_word' id='word_1_23' title='bbox 1390 451 1529 495; x_wconf 87' lang='lat' dir='ltr'>tuum.</span> <span class='ocrx_word' id='word_1_24' title='bbox 1560 472 1580 494; x_wconf 84' lang='lat'>«</span> <span class='ocrx_word' id='word_1_25' title='bbox 1611 454 1791 513; x_wconf 83' lang='lat' dir='ltr'>Respice</span> <span class='ocrx_word' id='word_1_26' title='bbox 1821 454 1866 500; x_wconf 88' lang='lat' dir='ltr'>in</span> 
     </span>
     <span class='ocr_line' id='line_1_4' title="bbox 491 519 1863 581; baseline 0.004 -19"><span class='ocrx_word' id='word_1_27' title='bbox 491 537 512 560; x_wconf 91' lang='lat'>»</span> <span class='ocrx_word' id='word_1_28' title='bbox 546 519 703 563; x_wconf 85' lang='lat' dir='ltr'>faciem</span> <span class='ocrx_word' id='word_1_29' title='bbox 726 519 885 564; x_wconf 83' lang='lat' dir='ltr'>Christi</span> <span class='ocrx_word' id='word_1_30' title='bbox 910 519 998 563; x_wconf 87' lang='lat' dir='ltr'>tui:</span> <span class='ocrx_word' id='word_1_31' title='bbox 1021 538 1039 560; x_wconf 92' lang='lat'>»</span> <span class='ocrx_word' id='word_1_32' title='bbox 1067 530 1195 564; x_wconf 93' lang='lat' dir='ltr'>notus</span> <span class='ocrx_word' id='word_1_33' title='bbox 1217 521 1270 565; x_wconf 89' lang='lat' dir='ltr'>sit</span> <span class='ocrx_word' id='word_1_34' title='bbox 1292 522 1494 565; x_wconf 79' lang='lat' dir='ltr'>omnibus</span> <span class='ocrx_word' id='word_1_35' title='bbox 1516 522 1712 567; x_wconf 88' lang='lat' dir='ltr'>Christus</span> <span class='ocrx_word' id='word_1_36' title='bbox 1742 532 1863 581; x_wconf 83' lang='lat' dir='ltr'>tuus,</span> 
     </span>
     <span class='ocr_line' id='line_1_5' title="bbox 488 590 1868 654; baseline 0.004 -21"><span class='ocrx_word' id='word_1_37' title='bbox 488 599 538 633; x_wconf 89' lang='lat' dir='ltr'>ut</span> <span class='ocrx_word' id='word_1_38' title='bbox 560 590 768 649; x_wconf 85' lang='lat' dir='ltr'>possimus</span> <span class='ocrx_word' id='word_1_39' title='bbox 790 590 852 634; x_wconf 89' lang='lat' dir='ltr'>ire</span> <span class='ocrx_word' id='word_1_40' title='bbox 878 607 901 634; x_wconf 90' lang='lat' dir='ltr'>a</span> <span class='ocrx_word' id='word_1_41' title='bbox 921 590 1154 635; x_wconf 83' lang='lat' dir='ltr'>virtutibus</span> <span class='ocrx_word' id='word_1_42' title='bbox 1171 591 1217 634; x_wconf 91' lang='lat' dir='ltr'>in</span> <span class='ocrx_word' id='word_1_43' title='bbox 1235 593 1463 647; x_wconf 81' lang='lat' dir='ltr'>virtutem,</span> <span class='ocrx_word' id='word_1_44' title='bbox 1490 602 1540 636; x_wconf 92' lang='lat' dir='ltr'>ut</span> <span class='ocrx_word' id='word_1_45' title='bbox 1571 593 1703 652; x_wconf 83' lang='lat' dir='ltr'>possit</span> <span class='ocrx_word' id='word_1_46' title='bbox 1718 609 1868 654; x_wconf 88' lang='lat' dir='ltr'>super-</span> 
     </span>
     <span class='ocr_line' id='line_1_6' title="bbox 488 659 1680 720; baseline 0.003 -18"><span class='ocrx_word' id='word_1_47' title='bbox 488 659 710 703; x_wconf 85' lang='lat' dir='ltr'>abundare</span> <span class='ocrx_word' id='word_1_48' title='bbox 733 661 865 717; x_wconf 85' lang='lat' dir='ltr'>gratia</span> <span class='ocrx_word' id='word_1_49' title='bbox 880 695 890 715; x_wconf 85' lang='lat'>,</span> <span class='ocrx_word' id='word_1_50' title='bbox 912 661 1118 720; x_wconf 89' lang='lat' dir='ltr'>quoniam</span> <span class='ocrx_word' id='word_1_51' title='bbox 1140 660 1381 705; x_wconf 79' lang='lat' dir='ltr'>abundavit</span> <span class='ocrx_word' id='word_1_52' title='bbox 1406 672 1631 720; x_wconf 86' lang='lat' dir='ltr'>peccatum</span> <span class='ocrx_word' id='word_1_53' title='bbox 1648 665 1680 706; x_wconf 81' lang='lat'>¹.</span> 
     </span>
    </p>

    <p class='ocr_par' dir='ltr' id='par_1_3' title="bbox 486 717 1922 1351">
     <span class='ocr_line' id='line_1_7' title="bbox 546 717 1869 794; baseline 0.004 -20"><span class='ocrx_word' id='word_1_54' title='bbox 546 733 666 774; x_wconf 88' lang='lat' dir='ltr'><strong>XIV.</strong></span> <span class='ocrx_word' id='word_1_55' title='bbox 687 750 706 772; x_wconf 91' lang='lat'>«</span> <span class='ocrx_word' id='word_1_56' title='bbox 725 717 936 783; x_wconf 67' lang='lat' dir='ltr'>Quoniam</span> <span class='ocrx_word' id='word_1_57' title='bbox 959 731 1110 775; x_wconf 86' lang='lat' dir='ltr'>melior</span> <span class='ocrx_word' id='word_1_58' title='bbox 1131 740 1193 774; x_wconf 90' lang='lat' dir='ltr'>est</span> <span class='ocrx_word' id='word_1_59' title='bbox 1217 730 1307 775; x_wconf 91' lang='lat' dir='ltr'>dies</span> <span class='ocrx_word' id='word_1_60' title='bbox 1329 748 1416 776; x_wconf 87' lang='lat' dir='ltr'>una</span> <span class='ocrx_word' id='word_1_61' title='bbox 1438 733 1482 776; x_wconf 84' lang='lat' dir='ltr'>iu</span> <span class='ocrx_word' id='word_1_62' title='bbox 1501 733 1616 777; x_wconf 86' lang='lat' dir='ltr'>atriis</span> <span class='ocrx_word' id='word_1_63' title='bbox 1642 733 1722 778; x_wconf 87' lang='lat' dir='ltr'>tuis</span> <span class='ocrx_word' id='word_1_64' title='bbox 1742 728 1869 794; x_wconf 78' lang='lat' dir='ltr'>supei·</span> 
     </span>
     <span class='ocr_line' id='line_1_8' title="bbox 492 800 1870 864; baseline 0.006 -23"><span class='ocrx_word' id='word_1_65' title='bbox 492 819 512 842; x_wconf 89' lang='lat'>»</span> <span class='ocrx_word' id='word_1_66' title='bbox 546 800 682 845; x_wconf 90' lang='lat' dir='ltr'>millia</span> <span class='ocrx_word' id='word_1_67' title='bbox 694 804 726 844; x_wconf 76' lang='lat'>².</span> <span class='ocrx_word' id='word_1_68' title='bbox 750 820 770 842; x_wconf 87' lang='lat'>»</span> <span class='ocrx_word' id='word_1_69' title='bbox 791 802 911 845; x_wconf 87' lang='lat' dir='ltr'>Atria</span> <span class='ocrx_word' id='word_1_70' title='bbox 932 800 1006 845; x_wconf 87' lang='lat' dir='ltr'>illa</span> <span class='ocrx_word' id='word_1_71' title='bbox 1027 810 1128 844; x_wconf 91' lang='lat' dir='ltr'>sunt</span> <span class='ocrx_word' id='word_1_72' title='bbox 1145 801 1190 844; x_wconf 93' lang='lat' dir='ltr'>in</span> <span class='ocrx_word' id='word_1_73' title='bbox 1208 817 1306 861; x_wconf 81' lang='lat' dir='ltr'>quae</span> <span class='ocrx_word' id='word_1_74' title='bbox 1327 802 1589 861; x_wconf 81' lang='lat' dir='ltr'>suspirabat,</span> <span class='ocrx_word' id='word_1_75' title='bbox 1615 804 1661 846; x_wconf 91' lang='lat' dir='ltr'>in</span> <span class='ocrx_word' id='word_1_76' title='bbox 1677 820 1776 864; x_wconf 89' lang='lat' dir='ltr'>quae</span> <span class='ocrx_word' id='word_1_77' title='bbox 1798 803 1870 850; x_wconf 88' lang='lat' dir='ltr'>de-</span> 
     </span>
     <span class='ocr_line' id='line_1_9' title="bbox 488 870 1903 934; baseline 0.004 -20"><span class='ocrx_word' id='word_1_78' title='bbox 488 870 676 915; x_wconf 87' lang='lat' dir='ltr'>ficiebat.</span> <span class='ocrx_word' id='word_1_79' title='bbox 710 871 930 915; x_wconf 87' lang='lat' dir='ltr'>Desiderat</span> <span class='ocrx_word' id='word_1_80' title='bbox 951 881 993 916; x_wconf 89' lang='lat' dir='ltr'>et</span> <span class='ocrx_word' id='word_1_81' title='bbox 1015 870 1162 915; x_wconf 85' lang='lat' dir='ltr'>deficit</span> <span class='ocrx_word' id='word_1_82' title='bbox 1189 872 1331 915; x_wconf 88' lang='lat' dir='ltr'>anima</span> <span class='ocrx_word' id='word_1_83' title='bbox 1355 887 1450 916; x_wconf 91' lang='lat' dir='ltr'>mea</span> <span class='ocrx_word' id='word_1_84' title='bbox 1478 872 1524 916; x_wconf 90' lang='lat' dir='ltr'>in</span> <span class='ocrx_word' id='word_1_85' title='bbox 1546 874 1653 917; x_wconf 90' lang='lat' dir='ltr'>atria</span> <span class='ocrx_word' id='word_1_86' title='bbox 1679 874 1865 920; x_wconf 88' lang='lat' dir='ltr'><strong>Domini.</strong></span> <span class='ocrx_word' id='word_1_87' title='bbox 1894 881 1903 934; x_wconf 64' lang='lat' dir='ltr'><em>f</em></span> 
     </span>
     <span class='ocr_line' id='line_1_10' title="bbox 486 940 1869 1001; baseline 0.003 -17"><span class='ocrx_word' id='word_1_88' title='bbox 486 940 640 985; x_wconf 80' lang='lat' dir='ltr'>Melior</span> <span class='ocrx_word' id='word_1_89' title='bbox 668 950 732 985; x_wconf 90' lang='lat' dir='ltr'>est</span> <span class='ocrx_word' id='word_1_90' title='bbox 751 941 813 985; x_wconf 91' lang='lat' dir='ltr'>ibi</span> <span class='ocrx_word' id='word_1_91' title='bbox 836 957 948 985; x_wconf 89' lang='lat' dir='ltr'>unus</span> <span class='ocrx_word' id='word_1_92' title='bbox 969 941 1059 985; x_wconf 85' lang='lat' dir='ltr'>dies</span> <span class='ocrx_word' id='word_1_93' title='bbox 1082 957 1211 1001; x_wconf 87' lang='lat' dir='ltr'>super</span> <span class='ocrx_word' id='word_1_94' title='bbox 1240 941 1373 985; x_wconf 86' lang='lat' dir='ltr'>millia</span> <span class='ocrx_word' id='word_1_95' title='bbox 1395 941 1580 987; x_wconf 87' lang='lat' dir='ltr'>dierum.</span> <span class='ocrx_word' id='word_1_96' title='bbox 1611 942 1746 988; x_wconf 77' lang='lat' dir='ltr'>Miltia</span> <span class='ocrx_word' id='word_1_97' title='bbox 1775 943 1869 988; x_wconf 87' lang='lat' dir='ltr'>die-</span> 
     </span>
     <span class='ocr_line' id='line_1_11' title="bbox 488 1011 1909 1074; baseline 0.005 -20"><span class='ocrx_word' id='word_1_98' title='bbox 488 1027 586 1055; x_wconf 90' lang='lat' dir='ltr'>rum</span> <span class='ocrx_word' id='word_1_99' title='bbox 613 1011 859 1056; x_wconf 89' lang='lat' dir='ltr'>desiderant</span> <span class='ocrx_word' id='word_1_100' title='bbox 879 1013 1097 1068; x_wconf 82' lang='lat' dir='ltr'>homines,</span> <span class='ocrx_word' id='word_1_101' title='bbox 1133 1025 1176 1056; x_wconf 86' lang='lat' dir='ltr'>et</span> <span class='ocrx_word' id='word_1_102' title='bbox 1197 1012 1386 1056; x_wconf 88' lang='lat' dir='ltr'>multum</span> <span class='ocrx_word' id='word_1_103' title='bbox 1419 1013 1573 1058; x_wconf 91' lang='lat' dir='ltr'>volunt</span> <span class='ocrx_word' id='word_1_104' title='bbox 1598 1015 1667 1058; x_wconf 91' lang='lat' dir='ltr'>hic</span> <span class='ocrx_word' id='word_1_105' title='bbox 1689 1015 1833 1060; x_wconf 89' lang='lat' dir='ltr'>vivere</span> <span class='ocrx_word' id='word_1_106' title='bbox 1856 1034 1867 1061; x_wconf 69' lang='grc' dir='ltr'>ε</span> <span class='ocrx_word' id='word_1_107' title='bbox 1906 1068 1909 1074; x_wconf 33' lang='lat'><strong><em>¹</em></strong></span> 
     </span>
     <span class='ocr_line' id='line_1_12' title="bbox 488 1082 1922 1146; baseline 0.003 -21"><span class='ocrx_word' id='word_1_108' title='bbox 488 1090 771 1126; x_wconf 81' lang='lat' dir='ltr'>contemnant</span> <span class='ocrx_word' id='word_1_109' title='bbox 799 1082 931 1126; x_wconf 90' lang='lat' dir='ltr'>millia</span> <span class='ocrx_word' id='word_1_110' title='bbox 960 1082 1128 1126; x_wconf 90' lang='lat' dir='ltr'>dierum</span> <span class='ocrx_word' id='word_1_111' title='bbox 1145 1118 1156 1137; x_wconf 78' lang='lat'>‚</span> <span class='ocrx_word' id='word_1_112' title='bbox 1184 1082 1431 1127; x_wconf 77' lang='lat' dir='ltr'>desiderent</span> <span class='ocrx_word' id='word_1_113' title='bbox 1456 1100 1594 1128; x_wconf 90' lang='lat' dir='ltr'>unum</span> <span class='ocrx_word' id='word_1_114' title='bbox 1624 1083 1739 1128; x_wconf 87' lang='lat' dir='ltr'>diem</span> <span class='ocrx_word' id='word_1_115' title='bbox 1756 1120 1768 1140; x_wconf 83' lang='lat'>‚</span> <span class='ocrx_word' id='word_1_116' title='bbox 1795 1085 1871 1146; x_wconf 90' lang='lat' dir='ltr'>qui</span> <span class='ocrx_word' id='word_1_117' title='bbox 1921 1120 1922 1123; x_wconf 19' lang='grc' dir='ltr'>η</span> 
     </span>
     <span class='ocr_line' id='line_1_13' title="bbox 488 1152 1869 1214; baseline 0.003 -19"><span class='ocrx_word' id='word_1_118' title='bbox 488 1167 578 1195; x_wconf 92' lang='lat' dir='ltr'>non</span> <span class='ocrx_word' id='word_1_119' title='bbox 598 1152 730 1196; x_wconf 87' lang='lat' dir='ltr'>habet</span> <span class='ocrx_word' id='word_1_120' title='bbox 749 1162 894 1197; x_wconf 88' lang='lat' dir='ltr'>ortum</span> <span class='ocrx_word' id='word_1_121' title='bbox 914 1161 958 1196; x_wconf 89' lang='lat' dir='ltr'>et</span> <span class='ocrx_word' id='word_1_122' title='bbox 985 1168 1184 1197; x_wconf 83' lang='lat' dir='ltr'>occasum</span> <span class='ocrx_word' id='word_1_123' title='bbox 1204 1173 1212 1198; x_wconf 87' lang='lat'>:</span> <span class='ocrx_word' id='word_1_124' title='bbox 1238 1169 1375 1197; x_wconf 90' lang='lat' dir='ltr'>unum</span> <span class='ocrx_word' id='word_1_125' title='bbox 1405 1153 1519 1198; x_wconf 87' lang='lat' dir='ltr'>diem</span> <span class='ocrx_word' id='word_1_126' title='bbox 1536 1190 1547 1210; x_wconf 82' lang='lat'>,</span> <span class='ocrx_word' id='word_1_127' title='bbox 1573 1155 1688 1198; x_wconf 87' lang='lat' dir='ltr'>diem</span> <span class='ocrx_word' id='word_1_128' title='bbox 1710 1155 1869 1214; x_wconf 88' lang='lat' dir='ltr'>sempi-</span> 
     </span>
     <span class='ocr_line' id='line_1_14' title="bbox 488 1217 1902 1284; baseline 0.004 -19"><span class='ocrx_word' id='word_1_129' title='bbox 488 1230 660 1265; x_wconf 86' lang='lat' dir='ltr'>ternum</span> <span class='ocrx_word' id='word_1_130' title='bbox 678 1257 690 1277; x_wconf 88' lang='lat'>,</span> <span class='ocrx_word' id='word_1_131' title='bbox 714 1223 785 1267; x_wconf 89' lang='lat' dir='ltr'>cui</span> <span class='ocrx_word' id='word_1_132' title='bbox 807 1239 896 1267; x_wconf 89' lang='lat' dir='ltr'>non</span> <span class='ocrx_word' id='word_1_133' title='bbox 926 1222 1041 1267; x_wconf 90' lang='lat' dir='ltr'>cedit</span> <span class='ocrx_word' id='word_1_134' title='bbox 1063 1223 1288 1267; x_wconf 86' lang='lat' dir='ltr'>hesternus</span> <span class='ocrx_word' id='word_1_135' title='bbox 1304 1258 1315 1278; x_wconf 87' lang='lat'>‚</span> <span class='ocrx_word' id='word_1_136' title='bbox 1341 1239 1472 1283; x_wconf 87' lang='lat' dir='ltr'>quem</span> <span class='ocrx_word' id='word_1_137' title='bbox 1498 1241 1588 1269; x_wconf 90' lang='lat' dir='ltr'>non</span> <span class='ocrx_word' id='word_1_138' title='bbox 1607 1233 1733 1284; x_wconf 82' lang='lat' dir='ltr'>urget</span> <span class='ocrx_word' id='word_1_139' title='bbox 1755 1241 1869 1270; x_wconf 84' lang='lat' dir='ltr'>cras-</span> <span class='ocrx_word' id='word_1_140' title='bbox 1897 1217 1902 1249; x_wconf 75' lang='lat'>⁸</span> 
     </span>
     <span class='ocr_line' id='line_1_15' title="bbox 488 1291 1872 1351; baseline 0.004 -16"><span class='ocrx_word' id='word_1_141' title='bbox 488 1292 619 1336; x_wconf 91' lang='lat' dir='ltr'>tinus.</span> <span class='ocrx_word' id='word_1_142' title='bbox 647 1295 742 1351; x_wconf 89' lang='lat' dir='ltr'>Ipse</span> <span class='ocrx_word' id='word_1_143' title='bbox 771 1308 884 1336; x_wconf 91' lang='lat' dir='ltr'>uuus</span> <span class='ocrx_word' id='word_1_144' title='bbox 906 1291 996 1336; x_wconf 88' lang='lat' dir='ltr'>dies</span> <span class='ocrx_word' id='word_1_145' title='bbox 1019 1292 1286 1337; x_wconf 86' lang='lat' dir='ltr'>desideretur</span> <span class='ocrx_word' id='word_1_146' title='bbox 1311 1309 1334 1336; x_wconf 89' lang='lat' dir='ltr'>a</span> <span class='ocrx_word' id='word_1_147' title='bbox 1357 1294 1497 1338; x_wconf 82' lang='lat' dir='ltr'>nobis.</span> <span class='ocrx_word' id='word_1_148' title='bbox 1523 1295 1640 1347; x_wconf 88' lang='lat' dir='ltr'>Quid</span> <span class='ocrx_word' id='word_1_149' title='bbox 1665 1295 1792 1339; x_wconf 90' lang='lat' dir='ltr'>nobis</span> <span class='ocrx_word' id='word_1_150' title='bbox 1809 1304 1872 1340; x_wconf 89' lang='lat' dir='ltr'>est</span> 
     </span>
    </p>
   </div>
   <div class='ocr_carea' id='block_1_3' title="bbox 1886 0 1926 3339">
    <p class='ocr_par' dir='ltr' id='par_1_4' title="bbox 1886 0 1926 3339">
     <span class='ocr_line' id='line_1_16' title="bbox 1886 0 1926 3339; baseline 0 0"><span class='ocrx_word' id='word_1_151' title='bbox 1886 0 1926 3339; x_wconf 95' lang='lat' dir='ltr'> </span> 
     </span>
    </p>
   </div>
   <div class='ocr_carea' id='block_1_4' title="bbox 478 1362 1872 2554">
    <p class='ocr_par' dir='ltr' id='par_1_5' title="bbox 487 1362 1871 1487">
     <span class='ocr_line' id='line_1_17' title="bbox 487 1362 1871 1411; baseline 0.004 -5"><span class='ocrx_word' id='word_1_152' title='bbox 487 1378 588 1406; x_wconf 89' lang='lat' dir='ltr'>cum</span> <span class='ocrx_word' id='word_1_153' title='bbox 610 1362 804 1407; x_wconf 91' lang='lat' dir='ltr'>millibus</span> <span class='ocrx_word' id='word_1_154' title='bbox 831 1362 1026 1406; x_wconf 76' lang='lat' dir='ltr'>dierum?</span> <span class='ocrx_word' id='word_1_155' title='bbox 1053 1366 1171 1406; x_wconf 91' lang='lat' dir='ltr'>Imus</span> <span class='ocrx_word' id='word_1_156' title='bbox 1199 1379 1222 1407; x_wconf 91' lang='lat' dir='ltr'>a</span> <span class='ocrx_word' id='word_1_157' title='bbox 1244 1363 1436 1407; x_wconf 89' lang='lat' dir='ltr'>millibus</span> <span class='ocrx_word' id='word_1_158' title='bbox 1462 1362 1635 1408; x_wconf 89' lang='lat' dir='ltr'>dierum</span> <span class='ocrx_word' id='word_1_159' title='bbox 1656 1363 1712 1409; x_wconf 90' lang='lat' dir='ltr'>ad</span> <span class='ocrx_word' id='word_1_160' title='bbox 1733 1379 1871 1411; x_wconf 89' lang='lat' dir='ltr'>unum</span> 
     </span>
     <span class='ocr_line' id='line_1_18' title="bbox 487 1432 1486 1487; baseline 0.001 -11"><span class='ocrx_word' id='word_1_161' title='bbox 487 1432 618 1487; x_wconf 81' lang='lat' dir='ltr'>diem,</span> <span class='ocrx_word' id='word_1_162' title='bbox 637 1433 747 1478; x_wconf 91' lang='lat' dir='ltr'>sicut</span> <span class='ocrx_word' id='word_1_163' title='bbox 766 1434 877 1478; x_wconf 91' lang='lat' dir='ltr'>imus</span> <span class='ocrx_word' id='word_1_164' title='bbox 901 1450 923 1477; x_wconf 88' lang='lat' dir='ltr'>a</span> <span class='ocrx_word' id='word_1_165' title='bbox 945 1434 1180 1478; x_wconf 85' lang='lat' dir='ltr'>virtutibus</span> <span class='ocrx_word' id='word_1_166' title='bbox 1198 1434 1245 1476; x_wconf 90' lang='lat' dir='ltr'>in</span> <span class='ocrx_word' id='word_1_167' title='bbox 1261 1433 1486 1478; x_wconf 88' lang='lat' dir='ltr'>virtutem.</span> 
     </span>
    </p>

    <p class='ocr_par' dir='ltr' id='par_1_6' title="bbox 478 1503 1872 2554">
     <span class='ocr_line' id='line_1_19' title="bbox 544 1503 1872 1566; baseline 0.002 -19"><span class='ocrx_word' id='word_1_168' title='bbox 544 1506 641 1547; x_wconf 88' lang='lat' dir='ltr'>XV.</span> <span class='ocrx_word' id='word_1_169' title='bbox 673 1523 690 1544; x_wconf 93' lang='lat'>«</span> <span class='ocrx_word' id='word_1_170' title='bbox 718 1505 841 1562; x_wconf 82' lang='lat' dir='ltr'>Elegi</span> <span class='ocrx_word' id='word_1_171' title='bbox 867 1505 991 1564; x_wconf 85' lang='lat' dir='ltr'>abjici</span> <span class='ocrx_word' id='word_1_172' title='bbox 1021 1505 1066 1547; x_wconf 93' lang='lat' dir='ltr'>in</span> <span class='ocrx_word' id='word_1_173' title='bbox 1087 1503 1219 1548; x_wconf 87' lang='lat' dir='ltr'>domo</span> <span class='ocrx_word' id='word_1_174' title='bbox 1242 1504 1443 1559; x_wconf 82' lang='lat' dir='ltr'>Domini,</span> <span class='ocrx_word' id='word_1_175' title='bbox 1475 1505 1610 1564; x_wconf 84' lang='lat' dir='ltr'>magis</span> <span class='ocrx_word' id='word_1_176' title='bbox 1641 1521 1773 1566; x_wconf 88' lang='lat' dir='ltr'>quam</span> <span class='ocrx_word' id='word_1_177' title='bbox 1794 1507 1872 1551; x_wconf 89' lang='lat' dir='ltr'>ha-</span> 
     </span>
     <span class='ocr_line' id='line_1_20' title="bbox 490 1573 1871 1634; baseline 0.005 -19"><span class='ocrx_word' id='word_1_178' title='bbox 490 1592 509 1614; x_wconf 90' lang='lat'>»</span> <span class='ocrx_word' id='word_1_179' title='bbox 545 1573 682 1618; x_wconf 88' lang='lat' dir='ltr'>bitare</span> <span class='ocrx_word' id='word_1_180' title='bbox 704 1575 750 1618; x_wconf 93' lang='lat' dir='ltr'>in</span> <span class='ocrx_word' id='word_1_181' title='bbox 767 1573 1057 1619; x_wconf 85' lang='lat' dir='ltr'>tabernaculis</span> <span class='ocrx_word' id='word_1_182' title='bbox 1080 1576 1400 1634; x_wconf 76' lang='lat' dir='ltr'>peccatorum3.</span> <span class='ocrx_word' id='word_1_183' title='bbox 1420 1594 1439 1616; x_wconf 87' lang='lat'>»</span> <span class='ocrx_word' id='word_1_184' title='bbox 1466 1576 1638 1620; x_wconf 84' lang='lat' dir='ltr'>Invenit</span> <span class='ocrx_word' id='word_1_185' title='bbox 1661 1576 1776 1620; x_wconf 89' lang='lat' dir='ltr'>enim</span> <span class='ocrx_word' id='word_1_186' title='bbox 1793 1576 1871 1622; x_wconf 83' lang='lat' dir='ltr'>iste</span> 
     </span>
     <span class='ocr_line' id='line_1_21' title="bbox 486 1643 1870 1704; baseline 0.004 -18"><span class='ocrx_word' id='word_1_187' title='bbox 486 1643 728 1688; x_wconf 85' lang='lat' dir='ltr'>convallem</span> <span class='ocrx_word' id='word_1_188' title='bbox 769 1644 1020 1704; x_wconf 88' lang='lat' dir='ltr'>plorationis</span> <span class='ocrx_word' id='word_1_189' title='bbox 1038 1681 1048 1701; x_wconf 85' lang='lat'>‚</span> <span class='ocrx_word' id='word_1_190' title='bbox 1094 1646 1262 1690; x_wconf 90' lang='lat' dir='ltr'>invenit</span> <span class='ocrx_word' id='word_1_191' title='bbox 1305 1646 1384 1689; x_wconf 85' lang='lat' dir='ltr'>iste</span> <span class='ocrx_word' id='word_1_192' title='bbox 1422 1645 1715 1690; x_wconf 85' lang='lat' dir='ltr'>humilitatem</span> <span class='ocrx_word' id='word_1_193' title='bbox 1752 1647 1870 1692; x_wconf 90' lang='lat' dir='ltr'>unde</span> 
     </span>
     <span class='ocr_line' id='line_1_22' title="bbox 485 1713 1871 1776; baseline 0.004 -20"><span class='ocrx_word' id='word_1_194' title='bbox 485 1713 689 1758; x_wconf 80' lang='lat' dir='ltr'>ascendat</span> <span class='ocrx_word' id='word_1_195' title='bbox 711 1734 719 1759; x_wconf 92' lang='lat'><strong>:</strong></span> <span class='ocrx_word' id='word_1_196' title='bbox 749 1715 830 1759; x_wconf 87' lang='lat' dir='ltr'>scit</span> <span class='ocrx_word' id='word_1_197' title='bbox 855 1716 956 1776; x_wconf 86' lang='lat' dir='ltr'>quia</span> <span class='ocrx_word' id='word_1_198' title='bbox 988 1715 1022 1759; x_wconf 90' lang='lat' dir='ltr'>si</span> <span class='ocrx_word' id='word_1_199' title='bbox 1057 1731 1101 1759; x_wconf 89' lang='lat' dir='ltr'>se</span> <span class='ocrx_word' id='word_1_200' title='bbox 1133 1714 1337 1759; x_wconf 79' lang='lat' dir='ltr'>extollere</span> <span class='ocrx_word' id='word_1_201' title='bbox 1360 1715 1574 1771; x_wconf 84' lang='lat' dir='ltr'>voluerit,</span> <span class='ocrx_word' id='word_1_202' title='bbox 1600 1716 1748 1774; x_wconf 75' lang='lat' dir='ltr'>cadet3</span> <span class='ocrx_word' id='word_1_203' title='bbox 1772 1717 1807 1760; x_wconf 91' lang='lat' dir='ltr'>si</span> <span class='ocrx_word' id='word_1_204' title='bbox 1827 1732 1871 1762; x_wconf 88' lang='lat' dir='ltr'>se</span> 
     </span>
     <span class='ocr_line' id='line_1_23' title="bbox 483 1783 1872 1846; baseline 0.004 -20"><span class='ocrx_word' id='word_1_205' title='bbox 483 1783 799 1840; x_wconf 81' lang='lat' dir='ltr'>humiliaverit,</span> <span class='ocrx_word' id='word_1_206' title='bbox 821 1786 1033 1844; x_wconf 86' lang='lat' dir='ltr'>erigetur:</span> <span class='ocrx_word' id='word_1_207' title='bbox 1059 1785 1187 1844; x_wconf 82' lang='lat' dir='ltr'>elegit</span> <span class='ocrx_word' id='word_1_208' title='bbox 1205 1786 1348 1846; x_wconf 77' lang='lat' dir='ltr'>abjici,</span> <span class='ocrx_word' id='word_1_209' title='bbox 1369 1795 1418 1829; x_wconf 91' lang='lat' dir='ltr'>ut</span> <span class='ocrx_word' id='word_1_210' title='bbox 1439 1785 1704 1831; x_wconf 85' lang='lat' dir='ltr'>sublevetur.</span> <span class='ocrx_word' id='word_1_211' title='bbox 1730 1789 1872 1840; x_wconf 85' lang='lat' dir='ltr'>Quam</span> 
     </span>
     <span class='ocr_line' id='line_1_24' title="bbox 483 1854 1871 1913; baseline 0.004 -17"><span class='ocrx_word' id='word_1_212' title='bbox 483 1854 612 1897; x_wconf 86' lang='lat' dir='ltr'>multi</span> <span class='ocrx_word' id='word_1_213' title='bbox 640 1864 794 1913; x_wconf 85' lang='lat' dir='ltr'>praeter</span> <span class='ocrx_word' id='word_1_214' title='bbox 828 1855 1160 1900; x_wconf 86' lang='lat' dir='ltr'>tabernaculum</span> <span class='ocrx_word' id='word_1_215' title='bbox 1186 1857 1269 1900; x_wconf 92' lang='lat' dir='ltr'>hoc</span> <span class='ocrx_word' id='word_1_216' title='bbox 1298 1856 1524 1902; x_wconf 88' lang='lat' dir='ltr'>torcularis</span> <span class='ocrx_word' id='word_1_217' title='bbox 1559 1856 1790 1912; x_wconf 84' lang='lat' dir='ltr'>dominici,</span> <span class='ocrx_word' id='word_1_218' title='bbox 1825 1855 1871 1902; x_wconf 87' lang='lat' dir='ltr'>id</span> 
     </span>
     <span class='ocr_line' id='line_1_25' title="bbox 484 1926 1870 1984; baseline 0.004 -16"><span class='ocrx_word' id='word_1_219' title='bbox 484 1933 568 1980; x_wconf 82' lang='lat' dir='ltr'>est,</span> <span class='ocrx_word' id='word_1_220' title='bbox 593 1934 750 1984; x_wconf 78' lang='lat' dir='ltr'>praeter</span> <span class='ocrx_word' id='word_1_221' title='bbox 778 1926 1014 1970; x_wconf 88' lang='lat' dir='ltr'>Ecclesiam</span> <span class='ocrx_word' id='word_1_222' title='bbox 1045 1926 1303 1972; x_wconf 79' lang='lat' dir='ltr'>catholicam</span> <span class='ocrx_word' id='word_1_223' title='bbox 1325 1926 1522 1971; x_wconf 87' lang='lat' dir='ltr'>volentes</span> <span class='ocrx_word' id='word_1_224' title='bbox 1550 1927 1802 1983; x_wconf 86' lang='lat' dir='ltr'>sublimari,</span> <span class='ocrx_word' id='word_1_225' title='bbox 1827 1937 1870 1973; x_wconf 82' lang='lat' dir='ltr'>et</span> 
     </span>
     <span class='ocr_line' id='line_1_26' title="bbox 483 1997 1869 2056; baseline 0.004 -18"><span class='ocrx_word' id='word_1_226' title='bbox 483 2005 675 2039; x_wconf 79' lang='lat' dir='ltr'>amantes</span> <span class='ocrx_word' id='word_1_227' title='bbox 699 1997 883 2040; x_wconf 89' lang='lat' dir='ltr'>honores</span> <span class='ocrx_word' id='word_1_228' title='bbox 905 2013 1030 2053; x_wconf 78' lang='lat' dir='ltr'>suos,</span> <span class='ocrx_word' id='word_1_229' title='bbox 1067 1997 1225 2042; x_wconf 88' lang='lat' dir='ltr'>nolunt</span> <span class='ocrx_word' id='word_1_230' title='bbox 1251 2012 1512 2056; x_wconf 80' lang='lat' dir='ltr'>cognoscere</span> <span class='ocrx_word' id='word_1_231' title='bbox 1542 1999 1769 2042; x_wconf 82' lang='lat' dir='ltr'>veritatem</span> <span class='ocrx_word' id='word_1_232' title='bbox 1787 1999 1806 2041; x_wconf 77' lang='grc' dir='ltr'>Ξ)</span> <span class='ocrx_word' id='word_1_233' title='bbox 1826 1998 1869 2044; x_wconf 85' lang='lat' dir='ltr'>Si</span> 
     </span>
     <span class='ocr_line' id='line_1_27' title="bbox 482 2066 1867 2129; baseline 0.005 -20"><span class='ocrx_word' id='word_1_234' title='bbox 482 2075 589 2111; x_wconf 83' lang='lat' dir='ltr'>esset</span> <span class='ocrx_word' id='word_1_235' title='bbox 608 2066 690 2111; x_wconf 85' lang='lat' dir='ltr'>illis</span> <span class='ocrx_word' id='word_1_236' title='bbox 709 2068 754 2111; x_wconf 93' lang='lat' dir='ltr'>in</span> <span class='ocrx_word' id='word_1_237' title='bbox 775 2068 905 2112; x_wconf 89' lang='lat' dir='ltr'>corde</span> <span class='ocrx_word' id='word_1_238' title='bbox 922 2084 1068 2113; x_wconf 86' lang='lat' dir='ltr'>versus</span> <span class='ocrx_word' id='word_1_239' title='bbox 1087 2069 1166 2113; x_wconf 87' lang='lat' dir='ltr'>iste</span> <span class='ocrx_word' id='word_1_240' title='bbox 1185 2089 1193 2113; x_wconf 93' lang='lat'><strong>:</strong></span> <span class='ocrx_word' id='word_1_241' title='bbox 1221 2090 1241 2112; x_wconf 90' lang='lat'>«</span> <span class='ocrx_word' id='word_1_242' title='bbox 1264 2069 1384 2128; x_wconf 85' lang='lat' dir='ltr'>Elegi</span> <span class='ocrx_word' id='word_1_243' title='bbox 1406 2069 1534 2129; x_wconf 88' lang='lat' dir='ltr'>abjici</span> <span class='ocrx_word' id='word_1_244' title='bbox 1559 2070 1604 2113; x_wconf 92' lang='lat' dir='ltr'>in</span> <span class='ocrx_word' id='word_1_245' title='bbox 1625 2069 1756 2114; x_wconf 92' lang='lat' dir='ltr'>domo</span> <span class='ocrx_word' id='word_1_246' title='bbox 1778 2073 1867 2116; x_wconf 92' lang='lat' dir='ltr'>Do-</span> 
     </span>
     <span class='ocr_line' id='line_1_28' title="bbox 484 2137 1870 2200; baseline 0.005 -22"><span class='ocrx_word' id='word_1_247' title='bbox 484 2154 504 2177; x_wconf 88' lang='lat'>»</span> <span class='ocrx_word' id='word_1_248' title='bbox 539 2137 672 2193; x_wconf 75' lang='lat' dir='ltr'>mini,</span> <span class='ocrx_word' id='word_1_249' title='bbox 701 2138 837 2197; x_wconf 82' lang='lat' dir='ltr'>magis</span> <span class='ocrx_word' id='word_1_250' title='bbox 875 2154 1008 2199; x_wconf 88' lang='lat' dir='ltr'>quam</span> <span class='ocrx_word' id='word_1_251' title='bbox 1040 2139 1235 2184; x_wconf 82' lang='lat' dir='ltr'>hahitare</span> <span class='ocrx_word' id='word_1_252' title='bbox 1268 2140 1314 2183; x_wconf 90' lang='lat' dir='ltr'>in</span> <span class='ocrx_word' id='word_1_253' title='bbox 1345 2139 1636 2184; x_wconf 83' lang='lat' dir='ltr'>tabernaculis</span> <span class='ocrx_word' id='word_1_254' title='bbox 1670 2150 1870 2200; x_wconf 87' lang='lat' dir='ltr'>peccato-</span> 
     </span>
     <span class='ocr_line' id='line_1_29' title="bbox 483 2210 1869 2270; baseline 0.006 -23"><span class='ocrx_word' id='word_1_255' title='bbox 483 2223 504 2247; x_wconf 88' lang='lat'>»</span> <span class='ocrx_word' id='word_1_256' title='bbox 539 2223 637 2251; x_wconf 89' lang='lat' dir='ltr'>rum</span> <span class='ocrx_word' id='word_1_257' title='bbox 667 2227 676 2252; x_wconf 91' lang='grc'>;</span> <span class='ocrx_word' id='word_1_258' title='bbox 704 2226 724 2249; x_wconf 89' lang='lat'>»</span> <span class='ocrx_word' id='word_1_259' title='bbox 757 2224 904 2252; x_wconf 89' lang='lat' dir='ltr'>nonne</span> <span class='ocrx_word' id='word_1_260' title='bbox 946 2210 1183 2270; x_wconf 85' lang='lat' dir='ltr'>abjicerent</span> <span class='ocrx_word' id='word_1_261' title='bbox 1215 2211 1430 2262; x_wconf 88' lang='lat' dir='ltr'>honores;</span> <span class='ocrx_word' id='word_1_262' title='bbox 1466 2219 1509 2255; x_wconf 91' lang='lat' dir='ltr'>et</span> <span class='ocrx_word' id='word_1_263' title='bbox 1549 2221 1774 2256; x_wconf 85' lang='lat' dir='ltr'>currerent</span> <span class='ocrx_word' id='word_1_264' title='bbox 1813 2210 1869 2256; x_wconf 87' lang='lat' dir='ltr'>ad</span> 
     </span>
     <span class='ocr_line' id='line_1_30' title="bbox 480 2277 1868 2339; baseline 0.005 -19"><span class='ocrx_word' id='word_1_265' title='bbox 480 2277 722 2321; x_wconf 88' lang='lat' dir='ltr'>convallem</span> <span class='ocrx_word' id='word_1_266' title='bbox 761 2277 1041 2337; x_wconf 79' lang='lat' dir='ltr'>plorationis,</span> <span class='ocrx_word' id='word_1_267' title='bbox 1083 2290 1126 2325; x_wconf 89' lang='lat' dir='ltr'>et</span> <span class='ocrx_word' id='word_1_268' title='bbox 1159 2282 1258 2326; x_wconf 90' lang='lat' dir='ltr'>hinc</span> <span class='ocrx_word' id='word_1_269' title='bbox 1294 2282 1541 2339; x_wconf 74' lang='lat' dir='ltr'>invenirent</span> <span class='ocrx_word' id='word_1_270' title='bbox 1582 2297 1783 2327; x_wconf 88' lang='lat' dir='ltr'>ascensus</span> <span class='ocrx_word' id='word_1_271' title='bbox 1821 2282 1868 2327; x_wconf 88' lang='lat' dir='ltr'>in</span> 
     </span>
     <span class='ocr_line' id='line_1_31' title="bbox 480 2346 1867 2413; baseline 0.005 -23"><span class='ocrx_word' id='word_1_272' title='bbox 480 2346 611 2391; x_wconf 87' lang='lat' dir='ltr'>corde</span> <span class='ocrx_word' id='word_1_273' title='bbox 628 2383 639 2403; x_wconf 83' lang='lat'>,</span> <span class='ocrx_word' id='word_1_274' title='bbox 675 2357 718 2391; x_wconf 88' lang='lat' dir='ltr'>et</span> <span class='ocrx_word' id='word_1_275' title='bbox 737 2348 839 2393; x_wconf 91' lang='lat' dir='ltr'>hinc</span> <span class='ocrx_word' id='word_1_276' title='bbox 869 2349 981 2394; x_wconf 86' lang='lat' dir='ltr'>irent</span> <span class='ocrx_word' id='word_1_277' title='bbox 1003 2367 1026 2394; x_wconf 89' lang='lat' dir='ltr'>a</span> <span class='ocrx_word' id='word_1_278' title='bbox 1047 2352 1282 2396; x_wconf 89' lang='lat' dir='ltr'>virtutibus</span> <span class='ocrx_word' id='word_1_279' title='bbox 1313 2352 1359 2395; x_wconf 92' lang='lat' dir='ltr'>in</span> <span class='ocrx_word' id='word_1_280' title='bbox 1392 2353 1625 2408; x_wconf 87' lang='lat' dir='ltr'>virtutem,</span> <span class='ocrx_word' id='word_1_281' title='bbox 1656 2363 1867 2413; x_wconf 84' lang='lat' dir='ltr'>ponentes</span> 
     </span>
     <span class='ocr_line' id='line_1_32' title="bbox 480 2419 1866 2483; baseline 0.005 -23"><span class='ocrx_word' id='word_1_282' title='bbox 480 2432 598 2476; x_wconf 90' lang='lat' dir='ltr'>spem</span> <span class='ocrx_word' id='word_1_283' title='bbox 622 2433 741 2461; x_wconf 87' lang='lat' dir='ltr'>suam</span> <span class='ocrx_word' id='word_1_284' title='bbox 764 2419 809 2461; x_wconf 93' lang='lat' dir='ltr'>in</span> <span class='ocrx_word' id='word_1_285' title='bbox 831 2419 1004 2464; x_wconf 90' lang='lat' dir='ltr'>Christo</span> <span class='ocrx_word' id='word_1_286' title='bbox 1019 2455 1029 2474; x_wconf 89' lang='lat'>,</span> <span class='ocrx_word' id='word_1_287' title='bbox 1055 2437 1143 2465; x_wconf 92' lang='lat' dir='ltr'>non</span> <span class='ocrx_word' id='word_1_288' title='bbox 1172 2421 1217 2464; x_wconf 90' lang='lat' dir='ltr'>in</span> <span class='ocrx_word' id='word_1_289' title='bbox 1239 2423 1383 2466; x_wconf 91' lang='lat' dir='ltr'>nescio</span> <span class='ocrx_word' id='word_1_290' title='bbox 1406 2439 1494 2483; x_wconf 88' lang='lat' dir='ltr'>quo</span> <span class='ocrx_word' id='word_1_291' title='bbox 1514 2423 1716 2466; x_wconf 83' lang='lat' dir='ltr'>homine?</span> <span class='ocrx_word' id='word_1_292' title='bbox 1747 2425 1866 2467; x_wconf 85' lang='lat' dir='ltr'>Bona</span> 
     </span>
     <span class='ocr_line' id='line_1_33' title="bbox 478 2488 1864 2554; baseline 0.005 -23"><span class='ocrx_word' id='word_1_293' title='bbox 478 2503 577 2543; x_wconf 74' lang='lat' dir='ltr'>VOX,</span> <span class='ocrx_word' id='word_1_294' title='bbox 603 2488 830 2546; x_wconf 87' lang='lat' dir='ltr'>gaudenda</span> <span class='ocrx_word' id='word_1_295' title='bbox 848 2505 952 2546; x_wconf 81' lang='lat' dir='ltr'>vox,</span> <span class='ocrx_word' id='word_1_296' title='bbox 972 2490 1170 2549; x_wconf 85' lang='lat' dir='ltr'>eligenda</span> <span class='ocrx_word' id='word_1_297' title='bbox 1186 2508 1269 2537; x_wconf 79' lang='lat' dir='ltr'>vox</span> <span class='ocrx_word' id='word_1_298' title='bbox 1293 2512 1302 2537; x_wconf 80' lang='lat'>2</span> <span class='ocrx_word' id='word_1_299' title='bbox 1329 2513 1349 2535; x_wconf 89' lang='lat'>«</span> <span class='ocrx_word' id='word_1_300' title='bbox 1372 2492 1493 2552; x_wconf 74' lang='lat' dir='ltr'>Elegi</span> <span class='ocrx_word' id='word_1_301' title='bbox 1516 2494 1644 2554; x_wconf 85' lang='lat' dir='ltr'>abjici</span> <span class='ocrx_word' id='word_1_302' title='bbox 1665 2494 1712 2537; x_wconf 90' lang='lat' dir='ltr'>in</span> <span class='ocrx_word' id='word_1_303' title='bbox 1733 2493 1864 2538; x_wconf 89' lang='lat' dir='ltr'>domo</span> 
     </span>
    </p>
   </div>
   <div class='ocr_carea' id='block_1_5' title="bbox 477 2585 1863 2683">
    <p class='ocr_par' dir='ltr' id='par_1_7' title="bbox 477 2585 1863 2683">
     <span class='ocr_line' id='line_1_34' title="bbox 528 2585 1863 2632; baseline 0.004 -17"><span class='ocrx_word' id='word_1_304' title='bbox 528 2591 536 2606; x_wconf 93' lang='lat'><em>¹</em></span> <span class='ocrx_word' id='word_1_305' title='bbox 562 2586 654 2616; x_wconf 80' lang='lat' dir='ltr'>Rom.</span> <span class='ocrx_word' id='word_1_306' title='bbox 672 2595 703 2625; x_wconf 88' lang='lat' dir='ltr'>v,</span> <span class='ocrx_word' id='word_1_307' title='bbox 721 2593 774 2616; x_wconf 86' lang='lat'>20.</span> <span class='ocrx_word' id='word_1_308' title='bbox 798 2601 840 2607; x_wconf 90' lang='lat'>—</span> <span class='ocrx_word' id='word_1_309' title='bbox 865 2592 878 2607; x_wconf 83' lang='lat'>²</span> <span class='ocrx_word' id='word_1_310' title='bbox 897 2585 974 2617; x_wconf 83' lang='lat' dir='ltr'>Psal.</span> <span class='ocrx_word' id='word_1_311' title='bbox 995 2597 1126 2628; x_wconf 69' lang='lat' dir='ltr'>Lxxxffl,</span> <span class='ocrx_word' id='word_1_312' title='bbox 1149 2598 1199 2619; x_wconf 89' lang='lat'>11.</span> <span class='ocrx_word' id='word_1_313' title='bbox 1219 2605 1261 2610; x_wconf 86' lang='lat'><strong>—</strong></span> <span class='ocrx_word' id='word_1_314' title='bbox 1285 2586 1298 2611; x_wconf 83' lang='lat'>3</span> <span class='ocrx_word' id='word_1_315' title='bbox 1321 2588 1401 2621; x_wconf 88' lang='lat' dir='ltr'>lbid.</span> <span class='ocrx_word' id='word_1_316' title='bbox 1429 2605 1471 2611; x_wconf 87' lang='lat'>—</span> <span class='ocrx_word' id='word_1_317' title='bbox 1491 2587 1507 2618; x_wconf 73' lang='grc'><strong>4</strong></span> <span class='ocrx_word' id='word_1_318' title='bbox 1521 2591 1615 2621; x_wconf 88' lang='lat' dir='ltr'>Forte</span> <span class='ocrx_word' id='word_1_319' title='bbox 1630 2589 1771 2622; x_wconf 88' lang='lat' dir='ltr'>nondum</span> <span class='ocrx_word' id='word_1_320' title='bbox 1791 2599 1863 2632; x_wconf 84' lang='lat' dir='ltr'>pro-</span> 
     </span>
     <span class='ocr_line' id='line_1_35' title="bbox 477 2638 1012 2683; baseline 0.002 -13"><span class='ocrx_word' id='word_1_321' title='bbox 477 2638 580 2671; x_wconf 82' lang='lat' dir='ltr'>dierat</span> <span class='ocrx_word' id='word_1_322' title='bbox 595 2639 846 2682; x_wconf 73' lang='lat' dir='ltr'>Carthaginensis</span> <span class='ocrx_word' id='word_1_323' title='bbox 859 2650 910 2674; x_wconf 90' lang='lat' dir='ltr'>an.</span> <span class='ocrx_word' id='word_1_324' title='bbox 937 2640 1012 2683; x_wconf 73' lang='lat'>401.</span> 
     </span>
    </p>
   </div>
  </div>
 </body>
</html>
