1926 3339
424 313 507 351 312
848 324 881 350 s.
918 321 1148 350 auous'ruu
1181 321 1361 348 Erxscopl

421 397 555 448 caput
586 387 720 442 dixit,
750 407 765 427 «
793 390 890 432 Non
913 386 1307 447 appropinquabit?
1338 404 1357 425 »
1394 388 1491 430 Non
1521 386 1673 447 utique
1699 405 1709 430 2
1735 386 1810 431 sed

422 475 502 503 nee
525 457 580 502 ad
602 461 795 512 Petrum,
821 472 900 501 nec
917 458 972 500 ad
996 456 1197 512 Paulum,
1221 472 1301 500 nee
1317 455 1371 500 ad
1391 471 1540 500 omnes
1562 455 1806 514 Apostolos,
1863 465 1867 506 ξ
1924 471 1926 482 ’

421 546 502 574 nec
520 529 576 573 ad
598 544 746 573 omnes
768 530 997 585 Martyres,
1024 527 1100 587 qui
1119 527 1163 570 in
1186 527 1411 571 tormentis
1430 542 1520 570 non
1536 525 1806 571 defecerunt.
1864 520 1867 562 3
1923 529 1926 569 ἶ

422 598 652 654 Quomodo
678 613 780 657 ergo
814 617 833 640 «
873 600 971 643 Non
1004 597 1405 657 appropinquabit?
1436 616 1455 638 »
1488 599 1577 642 Cur
1609 597 1667 642 sic
1709 599 1812 642 torti
1866 618 1870 653 ’ᾗ
1911 624 1913 640 ι

421 673 548 716 sunt?
571 669 885 729 Propinquavit
905 668 1023 712 carni
1039 677 1323 723 tormentum,
1344 667 1419 712 sed
1433 683 1521 712 non
1541 667 1741 727 pervenit
1757 668 1812 713 ad

418 742 566 787 locum
606 740 723 784 fidei.
757 743 910 797 Itaque
947 738 1078 796 longe
1109 747 1199 783 erat
1240 737 1347 782 fides
1375 739 1567 797 ipsorum
1596 754 1620 783 a
1648 747 1812 784 terrore
1868 753 1872 798 ς

419 812 738 873 torquentium.
788 813 1061 871 Torqueant‚
1106 825 1186 854 nec
1225 809 1597 870 appropinquabit
1636 818 1808 855 terror:
1870 841 1873 864 :

418 893 672 945 torqueant,
710 882 786 928 sed
813 882 1061 927 irridebunt
1093 891 1358 927 tormentum
1377 917 1387 936 ,
1420 890 1730 941 praesumentes
1767 883 1814 926 in
1870 903 1874 936 ς

419 956 495 1000 illo
518 957 595 1016 qui
619 955 736 1015 prior
757 954 863 999 vicit
878 989 889 1009 ,
914 963 966 999 ut
995 954 1140 999 caeteri
1167 954 1407 998 vincerent.
1434 957 1490 998 Et
1509 952 1586 1013 qui
1607 953 1808 1009 vincunt,
1872 952 1875 973 ³

420 1027 501 1071 nisi
516 1027 593 1086 qui
610 1025 665 1070 de
687 1041 731 1069 se
753 1040 843 1069 non
859 1026 1254 1085 praesumpserunt?
1271 1024 1477 1069 Intendat
1488 1024 1686 1069 Charitas
1702 1027 1811 1069 Ves-
1873 1055 1876 1064 .

420 1107 485 1142 tra
508 1117 517 1142 ;
544 1097 599 1141 ad
621 1097 704 1141 hoc
726 1096 842 1140 enim
864 1095 974 1141 dixit
993 1096 1138 1140 omnia
1160 1095 1395 1154 superiora.
1421 1114 1441 1137 «
1462 1096 1585 1140 Dicet
1607 1095 1810 1150 Domino,
1875 1126 1877 1136 ·
1919 1125 1926 1144 i

422 1187 442 1210 »
481 1170 850 1226 Susceptonmeus
876 1182 919 1210 es
939 1176 989 1211 tu
1009 1175 1053 1211 et
1073 1165 1292 1226 refugium
1314 1182 1461 1211 meum
1484 1184 1494 1212 ;
1520 1175 1564 1211 et
1580 1202 1591 1222 ,
1620 1167 1814 1226 Sperabo
1875 1193 1878 1199 ·
1919 1188 1926 1194 *-

422 1257 443 1281 n
478 1239 524 1287 in
569 1253 685 1282 eum.
728 1237 946 1290 Quoniam
987 1238 1078 1297 ipse
1116 1246 1240 1282 eruet
1271 1252 1340 1281 me
1375 1237 1430 1281 de
1463 1236 1704 1296 muscipula
1739 1252 1821 1282 ve·-

422 1328 442 1351 »
478 1309 693 1353 nantium.
722 1311 819 1367 Ipse
841 1317 965 1352 eruet
985 1323 1072 1362 me,
1096 1328 1115 1349 »
1145 1323 1235 1352 non
1256 1322 1337 1366 ego
1359 1322 1444 1351 me.
1473 1326 1495 1349 «
1519 1310 1639 1352 Inter
1655 1323 1814 1367 scapu-

422 1399 442 1421 »
478 1379 541 1423 las
558 1394 653 1424 suas
676 1378 963 1423 obumbrabit
983 1379 1111 1423 tibi.»
1141 1379 1224 1424 Sed
1238 1378 1447 1439 quando?
1471 1379 1697 1432 Quando«
1725 1379 1814 1424 Sub

424 1471 441 1492 »
479 1449 553 1494 alis
587 1451 679 1510 ejus
710 1449 915 1509 sperabis.
950 1451 1082 1494 Scuto
1104 1448 1394 1494 circumdabit
1414 1458 1457 1493 te
1478 1449 1634 1494 veritas
1652 1451 1760 1510 ejus.
1790 1468 1811 1491 »

419 1523 530 1576 Quia
546 1538 649 1582 ergo
667 1522 713 1566 in
731 1521 806 1566 illo
817 1522 1146 1581 praesumpsisti,
1162 1530 1206 1565 et
1236 1530 1371 1565 totam
1391 1536 1512 1580 spem
1534 1530 1655 1565 tuam
1677 1521 1724 1565 in
1738 1520 1815 1566 illo

419 1593 626 1654 posuisti,
665 1594 860 1653 sequitur
888 1612 897 1638 ;
921 1591 1055 1653 quid?
1085 1611 1105 1634 «
1140 1594 1238 1637 Non
1266 1592 1439 1635 timebis
1462 1608 1485 1636 a
1519 1592 1675 1636 timore
1705 1607 1814 1637 noc-

423 1685 443 1707 »
481 1675 613 1710 turno
643 1684 652 1710 :
678 1681 702 1710 a
724 1665 879 1724 sagitta
900 1664 1076 1710 volante
1103 1679 1180 1723 per
1212 1662 1349 1718 diem,
1384 1679 1408 1707 a
1436 1664 1612 1722 negotio
1640 1679 1815 1723 peram‹-

424 1757 443 1777 »
479 1735 662 1781 bulante
680 1737 726 1780 in
743 1736 948 1791 tenebris,
974 1751 998 1779 a
1015 1735 1141 1779 ruina
1163 1743 1206 1778 et
1236 1733 1453 1779 daemonio
1471 1734 1710 1779 meridiano
1726 1737 1756 1779 ¹.
1790 1753 1810 1776 »

420 1807 524 1860 Quis
552 1822 642 1851 non
663 1807 867 1850 timebit?
896 1807 978 1860 Qui
1000 1821 1090 1850 non
1122 1805 1167 1848 in
1189 1820 1233 1849 se
1249 1840 1260 1860 ,
1285 1804 1361 1849 sed
1383 1805 1429 1848 in
1451 1805 1624 1850 Christo
1644 1820 1814 1865 praesu-

419 1878 514 1920 mit.
539 1877 625 1930 Qui
647 1886 793 1921 autem
812 1876 867 1920 de
888 1892 932 1920 se
953 1885 1243 1936 praesumunt,
1270 1875 1350 1920 etsi
1366 1880 1457 1932 Jam
1478 1875 1560 1920 sibi
1580 1876 1814 1935 sperabant

419 1948 533 1993 latus
556 1947 716 1992 Christi
738 1956 947 2008 tanquam
965 1946 1219 2008 judicaturi,
1245 1947 1322 1990 etsi
1348 1944 1517 1991 futuros
1539 1962 1584 1991 se
1599 1947 1691 2007 jam
1715 1962 1814 2007 spe-

420 2019 578 2064 rabant
600 2035 623 2063 a
645 2018 806 2063 dextris
827 2019 1004 2074 Christi,
1029 2018 1150 2079 quasi
1175 2018 1338 2063 diceret
1359 2017 1443 2061 illis
1470 2036 1479 2062 ;
1509 2036 1531 2060 «
1555 2018 1711 2062 Venite
1731 2018 1813 2062 be-

426 2111 444 2132 »
480 2089 641 2134 nedicti
664 2090 800 2135 Patris
823 2091 924 2146 mei,
948 2090 1157 2150 percipite
1179 2105 1379 2149 regnum,
1400 2088 1522 2149 quod
1539 2089 1662 2133 vobis
1683 2105 1813 2149 para-

423 2180 445 2204 »
480 2171 576 2206 tum
594 2171 657 2206 est
675 2162 729 2206 ab
751 2162 917 2221 origine
932 2161 1137 2207 mundi²z
1159 2182 1177 2204 >5
1192 2162 1312 2206 venit
1329 2160 1598 2205 daemonium
1612 2160 1814 2205 meridia-

419 2249 554 2288 num,
590 2234 637 2277 id
669 2242 758 2287 est,
795 2231 966 2276 fervens
1001 2242 1130 2277 aestus
1162 2231 1498 2292 persecutionis,
1532 2232 1813 2277 vehementer

418 2313 608 2359 terrens,
639 2313 683 2347 et
714 2302 966 2347 ceciderunt
1004 2303 1131 2347 multi
1165 2319 1189 2347 a
1217 2319 1291 2362 spe
1323 2301 1433 2347 sedis
1457 2301 1721 2362 judiciariae,
1756 2302 1812 2348 de

416 2375 577 2435 quibus
599 2374 767 2423 dietum
790 2383 854 2418 est
873 2393 881 2418 :
905 2373 1107 2419 «Cadent
1129 2373 1297 2418 alatere
1318 2383 1395 2418 tuo
1416 2373 1558 2419 mille:
1579 2392 1598 2415 »
1624 2382 1667 2417 et
1683 2372 1811 2418 multi

417 2462 441 2490 a
456 2460 538 2505 vspe
575 2444 935 2489 remunerationis
975 2444 1288 2504 obsequiorum
1323 2460 1518 2500 suorum,
1559 2444 1614 2488 de
1647 2444 1810 2505 quibus

416 2516 584 2561 dictum
621 2524 688 2559 est
720 2535 728 2559 :
772 2534 792 2556 «
840 2518 897 2559 Et
929 2514 1042 2559 dena
1085 2515 1220 2559 millia
1257 2532 1281 2559 a
1323 2515 1483 2560 dextris
1529 2515 1629 2559 tuis.
1667 2514 1737 2559 Ad
1766 2524 1810 2558 te

415 2606 436 2627 »
473 2596 636 2642 autem,
664 2606 681 2628 »
708 2585 753 2630 id
775 2595 853 2640 est,
871 2584 927 2629 ad
940 2595 1126 2645 caputet
1140 2602 1313 2644 corpus,
1339 2605 1359 2627 «
1378 2589 1476 2630 Non
1499 2585 1806 2645 appopinqua-

466 2680 472 2694 ¹
501 2672 581 2704 Psal.
609 2683 658 2713 xc,
678 2671 747 2703 2-6.
767 2689 805 2693 —
824 2678 835 2692 ²
857 2670 970 2702 Martii.
994 2681 1071 2709 xxv,
1092 2670 1141 2710 33,
