1926 3339
467 251 516 288 16
887 262 919 286 s.
955 257 1185 285 Aucus'ruu
1218 256 1402 283 Emscopi

460 323 545 369 fuit
570 322 873 368 misericordiae
902 321 1100 375 Domini,
1126 320 1227 380 quia
1248 335 1338 364 non
1365 318 1545 379 repellet
1565 318 1775 363 Dominus
1797 318 1842 362 in

442 398 447 408 ²
461 404 673 439 aeternum
689 414 700 451 3
715 402 758 437 et
780 392 914 451 coepit
929 393 1020 451 jam
1042 391 1086 434 in
1108 391 1198 450 ejus
1216 389 1421 449 operibus
1441 404 1617 434 securus
1635 388 1841 448 gaudere,

461 479 637 509 securus
656 462 863 507 exultare.
886 460 1126 505 Audiamus
1147 460 1239 519 jam
1276 474 1407 519 opera
1427 459 1519 519 ipsa
1538 468 1582 504 et
1602 458 1846 503 exultemus

1913 421 1917 442 ι
1925 403 1926 406 ,

463 544 505 579 et
527 550 619 579 nos.
644 533 727 578 Sed
750 532 978 576 affectibus
990 531 1120 574 etiam
1134 546 1211 574 nos
1225 530 1514 575 transiliamus
1528 566 1540 586 ,
1565 545 1646 575 nec
1668 529 1724 574 ad
1740 538 1849 574 tem·
1915 531 1917 564 ἶ

462 603 623 663 poralia
641 601 917 661 gaudeamus.
944 600 1163 645 Habemus
1185 600 1301 643 enim
1317 609 1360 643 et
1378 616 1456 644 nos
1471 599 1616 644 cubile
1629 608 1845 644 nostrum.

463 676 606 726 Quare
623 687 711 715 non
734 670 839 714 illuc
861 671 1096 714 intramus?
1123 685 1256 730 quare
1278 685 1368 714 non
1386 670 1431 714 in
1460 669 1632 714 silentio
1653 669 1850 727 agimus?
1916 683 1919 730 j

465 756 599 801 quare
619 756 709 784 non
723 740 921 799 spiritum
959 748 1156 784 nostrum
1187 741 1535 799 perscrutamur?
1557 754 1691 800 quare
1713 753 1851 783 annos

463 820 646 855 aeternos
668 826 758 854 non
778 810 1051 870 cogitamus?
1072 825 1208 870 quare
1228 810 1274 853 in
1297 810 1502 870 operibus
1520 809 1599 854 Dei
1620 825 1710 854 non
1723 808 1851 853 laeta·
1916 818 1919 862 ‘3

464 882 593 925 mur?
619 881 686 926 Sic
715 895 836 924 nunc
849 879 1075 924 audiamus
1092 915 1102 935 ‚
1122 889 1164 924 et
1180 882 1273 940 ipso
1291 879 1463 924 dicente
1481 879 1752 924 delectemur
1765 913 1777 934 ‚
1801 887 1854 923 ut

465 951 597 994 etiam
621 965 724 994 cum
742 949 845 994 hinc
872 950 1104 994 abierimus
1119 985 1130 1005 ,
1148 948 1354 994 faciamus
1377 949 1498 1010 quod
1530 950 1623 1010 ipso
1642 949 1854 1009 loquente

465 1020 756 1078 faciebamus3
780 1021 814 1064 si
836 1029 982 1064 tamen
999 1019 1181 1064 facimus
1202 1029 1399 1080 coeptum
1421 1020 1554 1080 ipsius
1571 1018 1694 1080 quod
1715 1017 1851 1073 dixit,

469 1109 488 1132 »
523 1093 648 1136 Nunc
672 1090 800 1150 coepi.
824 1089 1058 1134 »Gaudere
1081 1091 1126 1134 in
1148 1091 1351 1150 operibus
1377 1091 1477 1146 Dei,
1503 1099 1566 1134 est
1588 1088 1784 1134 oblivisci
1811 1096 1856 1132 et
1919 1119 1921 1126 ,

466 1169 508 1204 te
527 1195 537 1215 ,
563 1161 596 1204 si
618 1169 739 1219 potes
760 1159 836 1204 illo
857 1160 948 1204 solo
965 1160 1184 1205 delectari.
1201 1160 1318 1214 Quid
1332 1160 1448 1204 enim
1469 1160 1622 1203 melius
1638 1159 1742 1203 illo?
1757 1161 1856 1203 Non
1920 1188 1921 1197 η

465 1231 606 1286 vides,
636 1232 739 1291 quia
761 1247 861 1275 cum
883 1231 938 1275 ad
963 1241 1002 1276 te
1029 1233 1140 1275 redis
1157 1267 1168 1287 ‚
1193 1232 1239 1275 in
1261 1232 1520 1276 deteriorem
1547 1230 1690 1275 redis?
1717 1249 1738 1272 «
1762 1232 1858 1274 Me-
1920 1228 1921 1231 ’

472 1321 489 1343 »
524 1317 620 1345 mor
653 1302 719 1345 fui
751 1317 933 1360 operum
963 1302 1136 1346 Domini
1168 1303 1305 1361 :quia
1335 1318 1501 1347 memor
1538 1317 1612 1347 ero
1641 1301 1698 1346 ab
1730 1300 1857 1345 initio

472 1391 489 1411 »
524 1370 788 1415 mirabilium
810 1381 1003 1415 tuorum.

525 1444 645 1486 XIV.
676 1461 696 1484 «
721 1445 779 1486 Et
804 1441 1048 1487 meditabor
1071 1444 1116 1486 in
1139 1443 1343 1488 omnibus
1365 1444 1567 1504 operibus
1598 1443 1681 1488 tuis
1696 1478 1707 1500 ‚
1739 1452 1783 1488 et
1811 1442 1859 1488 in

472 1532 491 1552 »
527 1511 829 1556 affectionibus
865 1512 949 1556 tuis
984 1513 1169 1571 garriam
1189 1515 1220 1556 ¹.
1259 1533 1277 1555 »
1314 1517 1426 1558 Ecce
1456 1513 1635 1558 tertium
1676 1514 1855 1573 garrire.
1920 1553 1922 1555 ,

469 1582 655 1626 Garrivit
669 1582 787 1637 foris,
806 1582 986 1642 quando
1003 1583 1165 1628 defecit
1181 1605 1191 1642 3
1208 1584 1384 1642 garrivit
1397 1585 1443 1628 in
1457 1584 1612 1644 spiritu
1629 1599 1707 1629 suo
1721 1585 1856 1638 intus,
1921 1585 1924 1609 2

468 1651 647 1710 quando
669 1651 880 1711 profecit3
905 1653 1082 1711 garrivit
1102 1653 1149 1697 in
1171 1655 1357 1713 operibu
1379 1655 1493 1710 sDei,
1519 1654 1697 1715 quando
1709 1669 1860 1714 perve-

467 1721 533 1764 nit
564 1737 652 1782 quo
686 1721 884 1781 profecit.
916 1741 934 1763 «
960 1725 1018 1767 Et
1050 1723 1097 1767 in
1128 1723 1433 1769 affectionibus
1466 1725 1552 1769 tuis
1578 1725 1761 1783 garriam
1794 1743 1804 1770 :
1834 1742 1857 1768 >›

467 1805 557 1835 non
576 1791 622 1835 in
633 1791 937 1836 affectionibus
958 1793 1079 1836 meis.
1097 1793 1203 1847 Quis
1219 1794 1326 1838 vivit
1343 1794 1434 1838 sine
1452 1794 1786 1839 affectionibus?
1800 1795 1859 1839 Et
1922 1828 1923 1833 ,

468 1861 629 1920 putatis
645 1896 657 1916 ‚
681 1860 856 1917 fratres,
884 1862 987 1922 quia
1004 1863 1080 1923 qui
1114 1867 1255 1908 Deum
1289 1865 1470 1920 timent,
1496 1868 1637 1909 Deum
1674 1864 1856 1922 colunt,
1922 1872 1924 1908 ἵ

469 1934 609 1975 Deum
630 1931 845 1991 diligunt,
866 1933 1008 1977 nullas
1039 1934 1205 1978 hahent
1235 1935 1514 1980 affectiones?
1535 1938 1647 1980 Vere
1670 1936 1754 1981 hoc
1772 1952 1859 1996 pu·

470 2002 601 2057 tabis,
626 2012 670 2046 et
691 2013 843 2062 putare
865 2004 1067 2061 audebis,
1094 2005 1216 2066 quod
1232 2006 1484 2051 affectiones
1505 2007 1666 2052 habeat
1687 2007 1855 2065 tabula,

468 2073 709 2129 theatrum,
729 2075 923 2130 venatio,
944 2076 1182 2135 aucupium
1197 2111 1208 2131 ‚
1232 2076 1449 2136 piscatus,
1480 2086 1524 2122 et
1550 2093 1642 2123 non
1666 2078 1860 2124 habeant
1923 2075 1926 2129 f

467 2158 599 2203 opera
618 2144 716 2200 Dei,
737 2154 781 2190 et
796 2161 887 2190 non
906 2146 1066 2191 habeat
1078 2148 1304 2193 meditatio
1325 2149 1398 2193 Dei
1415 2150 1643 2195 interiores
1665 2150 1859 2196 aflectio·
1924 2170 1926 2194 :

467 2228 544 2256 nes
578 2213 788 2273 quasdam
810 2231 935 2271 suas,
967 2232 1068 2261 cum
1098 2217 1325 2277 inspicitur
1360 2219 1578 2276 mundus,
1614 2230 1660 2266 et
1680 2221 1860 2281 ponitur

468 2291 569 2326 ante
588 2283 735 2328 oculos
750 2285 1047 2345 spectaculum
1061 2296 1230 2332 naturae
1248 2303 1392 2334 rerum
1409 2325 1420 2346 ,
1442 2299 1486 2335 et
1506 2291 1553 2335 in
1568 2291 1633 2335 his
1647 2292 1860 2352 quaeritur
1922 2278 1926 2325 Ῐ

468 2351 621 2396 artifex
637 2388 649 2409 ,
672 2363 716 2398 et
749 2355 969 2401 invenitur
993 2373 1210 2418 nusquam
1235 2357 1467 2420 displicens
1494 2370 1538 2406 et
1559 2376 1689 2422 super
1710 2362 1857 2407 omnia

468 2422 676 2482 placens?

527 2495 623 2538 XV.
654 2513 674 2536 «
699 2497 813 2540 Deus
840 2495 887 2540 in
915 2499 1072 2542 Sancto
1103 2499 1169 2543 via
1196 2503 1316 2544 tua2.
1360 2521 1377 2543 »
1400 2503 1582 2562 Inspicit
1604 2504 1695 2563 jam
1724 2517 1856 2563 opera

517 2585 525 2601 ¹
546 2578 628 2611 Psal.
650 2590 757 2621 Lxxvi,
780 2580 829 2613 13.
852 2598 892 2604 —
909 2589 922 2604 ²
946 2582 1115 2626 Id.1.xxV1‚
1139 2592 1188 2626 14.
