1926 3339
448 296 531 334 242
886 305 919 333 s.
958 307 1186 335 Ati-sussum
1219 309 1400 340 Enseom

445 371 636 426 viscunt,
662 380 710 415 ut
738 372 901 430 possint
922 386 946 415 a
967 371 1238 431 quibuslibet
1264 372 1354 431 ejus
1379 371 1586 415 ministris
1613 379 1829 429 praecepta

443 441 635 486 sanitatis
659 441 824 486 audire.
857 443 998 494 Quam
1017 441 1196 500 gratiam
1227 439 1505 485 commendat
1526 440 1572 483 in
1594 439 1830 498 Evangelio

445 512 591 561 dicens
615 531 624 557 2
649 531 669 554 «
692 514 829 556 Nemo
848 520 991 570 potest
1012 512 1159 554 venire
1181 509 1236 554 ad
1257 526 1326 554 me
1341 546 1351 566 ,
1377 511 1458 554 nisi
1474 514 1599 554 Pater
1621 509 1696 569 qui
1717 509 1832 554 misit

450 604 467 624 »
503 598 572 626 me
589 618 600 638 ,
625 582 799 626 traxerit
829 597 944 625 eum.
977 602 993 622 »
1021 584 1078 624 Et
1100 580 1232 640 paulo
1254 590 1351 640 post
1373 583 1561 640 apertius
1582 581 1665 624 hoc
1691 580 1832 639 ipsum

446 662 646 712 repetens
663 687 673 707 ,
699 653 758 695 ait
785 667 792 692 :
823 671 842 693 ιι
869 651 1011 694 Verba
1034 667 1133 710 quae
1155 666 1236 709 ego
1257 651 1430 695 locutus
1453 667 1548 695 sum
1571 650 1694 695 vobis
1709 685 1720 704 ,
1751 649 1834 708 spi-

448 742 467 765 »
504 723 610 766 ritus
633 731 676 765 et
705 721 795 765 vita
822 730 924 765 sunt
949 740 958 764 z
983 720 1059 764 sed
1081 729 1182 764 sunt
1214 720 1392 780 quidam
1415 736 1466 764 ex
1491 720 1614 766 vobis
1646 719 1722 780 qui
1745 735 1833 773 non

448 812 468 835 »
503 792 704 837 credunt.
734 810 754 833 »
785 790 952 836 Deinde
980 791 1220 850 interponit
1258 790 1535 850 Evangelista
1561 811 1570 836 ι
1611 811 1630 833 «
1665 789 1835 836 Sciebat

447 883 468 906 »
503 865 620 908 enim
642 864 696 909 ab
718 864 842 908 initio
860 866 881 908 J
888 879 981 907 esus
997 863 1071 923 qui
1095 871 1232 907 essent
1250 862 1497 917 credentes,
1522 872 1565 907 et
1586 862 1683 922 quis
1701 860 1835 905 tradi-

448 954 468 976 »
505 944 628 979 turus
650 950 751 979 eum
769 943 928 979 esset.»
951 938 1005 979 Et
1022 943 1196 978 secutus
1211 943 1340 994 atque
1361 933 1494 992 ipsius
1507 933 1683 977 Domini
1703 933 1837 978 verba
1880 944 1884 986 ζ

446 1008 741 1067 conjungens,
769 1006 856 1050 ait:
890 1008 987 1050 «Et
1011 1005 1185 1049 dicebat
1219 1024 1228 1049 :
1268 1008 1526 1063 Propterea,
1563 1003 1651 1047 dixi
1681 1002 1834 1057 vobis,
1881 1050 1883 1055 ,

451 1095 471 1118 »
507 1078 609 1137 quia
631 1091 760 1121 nemo
782 1085 923 1136 potest
939 1075 1087 1118 venire
1105 1074 1160 1119 ad
1177 1090 1270 1129 me,
1307 1075 1388 1118 nisi
1411 1073 1543 1118 fuerit
1570 1074 1607 1117 ei
1640 1072 1790 1117 datum
1813 1088 1837 1118 a
1881 1069 1884 1119 Ῐ

450 1166 470 1189 »
506 1151 633 1192 Patre
660 1149 801 1191 meo¹.
825 1165 846 1187 »
882 1148 1020 1204 Supra
1052 1144 1249 1189 dixerat:
1285 1163 1305 1186 «
1333 1144 1418 1189 Sed
1451 1153 1553 1187 sunt
1578 1142 1757 1203 quidam
1788 1157 1838 1186 ex
1882 1140 1886 1184 '.

450 1237 470 1260 »
507 1218 627 1262 vobis
649 1219 724 1278 qui
741 1233 831 1262 non
844 1216 1030 1261 credunt
1050 1235 1059 1260 :
1087 1234 1107 1256 »
1134 1224 1176 1258 et
1195 1224 1405 1275 tanquam
1427 1215 1500 1274 huj
1510 1230 1557 1259 us
1581 1214 1642 1257 rei
1664 1227 1839 1258 causam
1883 1208 1886 1258 ξ

448 1304 696 1349 exponens:
735 1307 752 1328 «
780 1291 1013 1347 Propterea
1043 1286 1158 1340 dixi,
1192 1285 1358 1345 inquit,
1392 1286 1544 1340 vobis,
1574 1285 1676 1345 quia
1710 1299 1839 1328 nemo

450 1379 469 1401 »
507 1368 649 1419 potest
669 1358 816 1403 venire
839 1357 895 1402 ad
916 1373 1001 1412 me,
1019 1357 1101 1401 nisi
1123 1355 1255 1400 fuerit
1272 1356 1311 1399 ei
1331 1355 1483 1400 datum
1499 1372 1522 1400 a
1541 1359 1668 1400 Patre
1682 1370 1779 1399 meo
1793 1374 1802 1399 :
1816 1373 1837 1397 η

449 1441 498 1475 ut
525 1430 773 1475 ostenderet
794 1429 923 1473 etiam
945 1429 1081 1488 ipsam
1104 1427 1236 1472 fidem
1262 1443 1349 1487 qua
1371 1427 1509 1471 credit
1528 1462 1539 1482 ,
1565 1435 1608 1470 et
1630 1442 1682 1470 ex
1702 1433 1841 1469 morte
1873 1439 1885 1459 -’

449 1503 514 1547 sui
536 1501 676 1547 cordis
705 1501 848 1544 anima
879 1500 1120 1554 reviviscit,
1149 1498 1243 1542 dari
1267 1499 1392 1542 nobis
1424 1514 1448 1542 a
1465 1501 1570 1542 Deo.
1598 1499 1841 1550 Quantum-

449 1573 558 1618 libet
599 1587 700 1630 ergo
741 1570 998 1615 excellentes
1034 1570 1156 1613 verbi
1194 1568 1529 1628 praedicatores,
1576 1577 1619 1611 et
1651 1566 1863 1612 veritatis
1915 1574 1921 1586 ¹

451 1645 580 1688 etiam
612 1658 686 1702 per
724 1640 932 1686 miracula
973 1655 1193 1694 suasores,
1228 1649 1436 1699 tanquam
1472 1638 1620 1697 magni
1653 1636 1839 1692 medici,

452 1723 581 1772 agant
602 1729 703 1757 cum
724 1712 998 1769 hominibus,
1032 1712 1065 1754 si
1094 1711 1255 1755 mortui
1286 1719 1387 1754 sunt
1420 1719 1464 1753 et
1489 1719 1564 1753 tua
1595 1709 1730 1767 gratia
1753 1723 1844 1752 non

452 1786 699 1830 revixerunt
722 1804 729 1829 :
761 1804 779 1826 α
798 1783 1025 1844 Numquid
1046 1782 1229 1827 mortuis
1246 1780 1372 1825 facies
1387 1780 1602 1825 mirabilia
1618 1815 1629 1836 ,
1655 1789 1731 1824 aut
1751 1795 1845 1823 me-
1910 1799 1923 1814 *⁴

455 1876 475 1898 »
511 1856 597 1900 dici
628 1854 979 1909 exsuscitabunt,
1015 1862 1057 1897 et
1095 1853 1141 1897 hi
1173 1868 1282 1913 quos
1315 1852 1638 1896 exsuscitabunt
1668 1851 1846 1896 confite-

457 1947 476 1969 »
512 1927 679 1970 buntur
701 1925 812 1969 tibi?
839 1943 858 1966 »
880 1928 984 1969 Haec
1010 1923 1126 1967 enim
1148 1921 1361 1967 confessio
1390 1921 1556 1966 indicat
1577 1922 1693 1969 vivos
1720 1941 1728 1966 :
1756 1936 1847 1966 non

454 1998 566 2042 sicut
588 1996 691 2041 alibi
713 1996 922 2052 scriptum
944 2004 1009 2039 est
1030 2011 1037 2035 ε
1074 2014 1094 2037 «
1120 1998 1158 2039 A
1174 2003 1349 2038 mortuo
1365 2028 1376 2049 ,
1408 1992 1530 2037 velut
1551 1993 1627 2053 qui
1649 2008 1740 2039 non
1763 1992 1842 2048 sit,

457 2087 477 2110 »
512 2069 625 2127 perit
646 2066 904 2112 confessio‘2.
930 2083 950 2106 >›

510 2141 591 2182 XI.
621 2157 642 2180 «
666 2136 891 2197 Numquid
917 2134 1137 2179 enarrabit
1169 2134 1268 2195 quis
1297 2135 1344 2178 in
1376 2133 1575 2193 sepulcro
1605 2133 1847 2177 misericor-

456 2228 477 2251 »
513 2209 628 2253 diam
650 2218 772 2252 tuam
789 2243 799 2262 ,
825 2216 869 2251 et
888 2207 1114 2251 veritatem
1133 2214 1254 2250 tuam
1270 2205 1316 2249 in
1333 2204 1596 2264 perditione³
1612 2206 1630 2245 ?
1648 2225 1665 2246 »
1681 2203 1850 2249 Subau-

455 2279 574 2324 ditur
602 2277 723 2340 quod
751 2293 881 2337 supra
909 2276 1078 2320 dictum
1107 2285 1196 2330 est,
1226 2284 1277 2319 ut
1298 2276 1429 2319 etiam
1457 2275 1536 2318 iste
1557 2290 1704 2318 versus
1725 2274 1784 2318 ita
1804 2288 1849 2317 se

455 2351 637 2405 habeat,
663 2366 712 2394 ac
733 2351 767 2394 si
789 2348 957 2393 dictum
975 2347 1028 2390 sit
1049 2366 1056 2390 :
1084 2346 1308 2406 Numquid
1335 2345 1555 2389 enarrabit
1576 2345 1672 2405 quis
1691 2344 1850 2388 verita-

457 2430 545 2465 tem
560 2430 680 2465 tuam
693 2421 739 2463 in
756 2419 1025 2479 perditione?
1037 2418 1376 2463 Misericordiam
1391 2417 1556 2477 quippe
1568 2426 1611 2461 et
1622 2417 1850 2460 veritatem

458 2501 575 2536 amat
606 2491 826 2550 Scriptura
859 2490 1149 2549 conjungere,
1186 2488 1370 2531 maxime
1403 2488 1449 2530 in
1491 2482 1684 2531 Psalmis.
1719 2485 1849 2539 Quod

458 2578 561 2606 vero
594 2561 651 2605 ait
680 2581 688 2606 ε
730 2580 749 2602 «
776 2564 828 2604 In
862 2559 1128 2620 perditione,
1151 2577 1170 2599 »
1211 2557 1296 2602 alio
1329 2557 1464 2602 verbo
1497 2557 1696 2617 repetivit
1727 2555 1848 2617 quod

512 2655 519 2671 ¹
542 2650 632 2679 Joau.
651 2658 692 2689 vi,
714 2646 768 2688 44,
787 2645 899 2688 64-56.
915 2662 957 2668 -
975 2651 987 2667 ²
1004 2643 1102 2676 Eccli.
1124 2653 1202 2683 xvii,
1221 2643 1273 2675 26,
1293 2659 1333 2665 -
1360 2640 1465 2674 3Psal.
1488 2653 1630 2684 uruvu,
1653 2650 1704 2674 12.
