1926 3339
434 287 515 323 258
876 296 908 323 s.
947 297 1178 323 Aueusum
1213 297 1396 324 miscom

429 359 618 416 voluisti,
638 360 685 404 in
706 361 891 404 circuitu
912 359 1254 404 diffunderetur.
1273 362 1339 404 Tu
1359 357 1544 420 quidem
1561 359 1608 403 in
1628 357 1704 402 illo
1725 358 1822 403 loco

426 432 481 476 de
503 431 622 475 nube
646 432 822 492 propria
842 431 1098 486 intonuisti,
1123 430 1201 475 sed
1223 430 1280 475 ad
1313 429 1548 490 rigandum
1571 429 1618 473 in
1638 429 1824 474 circuitu
1887 428 1889 431 ’
1925 459 1926 466 1

427 503 636 548 Gentium
657 503 760 547 alias
791 503 929 547 nubes
954 502 1122 546 misisti.
1149 504 1262 546 Vere
1290 511 1448 561 potens
1479 499 1669 560 implesti
1705 499 1826 560 quod
1856 559 1858 561 ‚
1889 550 1891 555 ¹

429 573 603 619 dixisti:
633 593 654 616 ‹<
678 573 850 618 Amodo
876 573 1077 617 videbitis
1096 572 1258 616 Filium
1288 572 1475 617 hominis
1504 571 1754 615 venientem
1779 571 1828 615 in

430 664 450 687 »
485 645 678 689 nubibus
700 643 804 688 coeli
820 645 850 688 1.
892 647 1051 688 Potens
1072 659 1142 699 eS,
1168 644 1354 688 Domine
1378 677 1391 699 ,
1424 652 1470 688 et
1501 642 1661 688 veritas
1682 651 1760 686 tua
1779 641 1827 686 in'
1888 638 1891 641 ’

433 733 454 757 »
489 715 676 759 circuitu
696 723 792 758 tuo.
821 731 844 755 »
1888 766 1890 769 7

497 786 554 828 X.
582 783 668 829 Sed
700 799 804 829 cum
825 783 963 843 coepit
985 783 1142 828 veritas
1171 792 1250 828 tua
1281 783 1329 828 in
1363 783 1552 828 circuitu
1573 782 1824 842 praedicari,
1890 839 1892 842 y

431 875 455 899 (t
487 856 648 916 Utique
665 854 942 905 fremuerunt
958 864 1125 914 gentes,
1151 865 1196 900 et
1216 854 1371 916 populi
1394 854 1594 899 meditati
1615 862 1718 899 sunt
1735 854 1830 898 ina-
1882 853 1886 898 †

430 945 452 968 >a
487 927 582 984 nia,
603 927 833 972 astiterunt
850 941 969 984 reges
990 936 1140 981 terrae,
1159 936 1202 970 et
1218 925 1438 986 principes
1460 933 1764 969 convenerunt
1782 923 1830 968 in
1890 914 1892 917 .

431 1016 451 1039 »
486 1011 628 1042 unum
640 996 846 1042 adversus
861 997 1116 1052 Dominum,
1132 1006 1176 1041 et
1186 996 1419 1041 adversum
1432 996 1657 1041 Christum
1669 995 1827 1055 ejus².»
1883 1029 1886 1044 ,

432 1069 593 1129 Utique
609 1084 712 1113 cum
729 1068 931 1128 coepisset
943 1068 1100 1112 veritas
1116 1078 1192 1112 tua
1210 1066 1440 1127 praedicari
1461 1067 1506 1111 in
1525 1066 1712 1111 circuitu
1733 1073 1826 1120 tuo,

427 1149 639 1200 tanquam
666 1139 837 1184 venires
859 1137 916 1182 ad.
935 1138 1185 1183 ducendam
1211 1139 1447 1198 conjugem
1469 1153 1521 1182 ex
1543 1136 1797 1195 alienigenis
1813 1169 1828 1191 ,
1882 1158 1888 1188 t

429 1211 619 1256 occurrit
634 1210 705 1256 leo
727 1208 931 1265 fremens,
948 1220 992 1254 et
1013 1210 1252 1258 suffocatus
1276 1220 1342 1254 est
1359 1227 1383 1254 a
1399 1219 1458 1254 te.
1471 1212 1568 1254 Hoc
1588 1209 1706 1252 enim
1724 1223 1831 1267 prae·
1884 1250 1887 1261 Δ

430 1282 668 1341 figuratum
689 1290 753 1325 est
779 1280 828 1324 in
851 1283 1034 1326 Samson
1048 1283 1063 1307 3
1097 1300 1107 1326 :
1133 1290 1180 1327 et
1198 1280 1283 1326 illis
1303 1281 1450 1326 verbis
1471 1280 1578 1324 meis
1594 1314 1607 1335 ,
1633 1279 1729 1323 s'ine
1747 1293 1832 1323 no-3

428 1352 546 1396 mine
583 1351 695 1395 illius
722 1350 849 1396 dictis
868 1386 880 1407 ,
911 1367 1002 1396 non
1035 1351 1333 1396 acclamaretis
1355 1387 1367 1407 ,
1393 1351 1478 1395 nisi
1501 1348 1792 1410 agnosceretis
1818 1366 1830 1393 ι

431 1422 609 1468 audistis
631 1423 748 1466 enim
764 1457 777 1478 ,
800 1431 853 1467 ut
879 1422 943 1467 illi
965 1423 1043 1484 qui
1076 1424 1221 1468 soletis
1245 1422 1445 1482 complui
1466 1438 1492 1466 a
1513 1421 1711 1465 nubibus
1734 1419 1829 1464 Dei.
1873 1460 1878 1462 ,

432 1497 547 1551 Ergo
577 1493 776 1537 «Veritas
798 1502 875 1537 tua
898 1494 946 1538 in
966 1494 1155 1539 circuitu
1175 1503 1304 1538 tuo.»
1322 1493 1409 1539 Sed
1424 1492 1604 1553 quando
1629 1491 1722 1536 sine
1736 1505 1832 1550 per·

433 1564 745 1616 secutionibus,
760 1564 939 1624 quando
963 1565 1056 1609 sine
1077 1563 1519 1618 contradictionibus,
1539 1577 1642 1607 cum
1664 1560 1833 1606 dictum

434 1636 488 1680 sit
508 1650 612 1679 eum
631 1643 785 1678 natum
808 1635 854 1678 in
881 1635 1056 1694 signum
1079 1635 1152 1680 cui
1174 1634 1502 1679 contradicetur
1519 1634 1571 1675 ⁴?
1593 1632 1705 1685 Quia
1728 1645 1832 1690 ergo

435 1705 510 1750 illa
544 1722 677 1766 gens,
709 1707 789 1751 ubi
809 1706 952 1761 nasci,
988 1706 1067 1750 ubi
1095 1706 1348 1751 conversariv
1372 1704 1588 1760 voluisti,
1622 1712 1832 1762 tanquam

435 1787 548 1821 terra
566 1788 658 1823 crat
673 1787 869 1837 separata
883 1794 907 1822 a
924 1778 1132 1822 fiuctibus
1147 1778 1374 1832 Gentium,
1390 1785 1441 1820 ut
1461 1783 1692 1835 appareret
1713 1773 1834 1817 arida

432 1847 727 1907 compluenda
741 1883 754 1904 ,
778 1847 977 1908 reliquiae
998 1857 1146 1892 autem
1168 1849 1330 1892 Gentes
1352 1862 1471 1891 mare
1495 1855 1621 1890 erant
1643 1845 1690 1888 in
1706 1858 1833 1888 ama-

433 1920 624 1964 ritudine
660 1919 894 1964 sterilitatis
925 1936 1016 1964 suae
1047 1939 1056 1964 :
1081 1919 1191 1980 quid
1221 1919 1389 1964 faciunt
1418 1917 1734 1979 praedicatores
1769 1913 1835 1959 tui

433 1999 684 2050 spargentes
708 1990 935 2034 veritatem
956 2000 1078 2034 tuam
1097 1990 1144 2034 in
1165 1989 1352 2034 circuitu
1372 1998 1450 2033 tuo
1467 2023 1478 2044 ,
1507 1987 1717 2048 quoniam
1739 1983 1835 2029 fre-

435 2071 565 2105 munt
587 2061 746 2106 fluctus
768 2061 922 2106 maris?
946 2060 1056 2121 quid
1076 2059 1275 2105 faciunt?
1294 2080 1315 2102 «
1331 2062 1397 2104 Tu
1418 2058 1660 2104 dominaris
1682 2066 1834 2117 potes-

437 2151 458 2175 ))
494 2132 572 2177 tati
590 2133 730 2178 maris.
761 2151 782 2174 »
810 2135 920 2179 Nam
940 2132 1048 2192 quid
1072 2130 1177 2176 fecit
1197 2147 1314 2175 mare
1335 2129 1578 2185 saeviendo,
1609 2129 1690 2172 nisi
1708 2128 1835 2172 diem

433 2219 566 2264 quem
591 2203 722 2248 hodie
751 2202 1048 2247 celebramus?
1079 2204 1294 2259 Martyres
1325 2199 1510 2253 occidit,
1542 2199 1708 2244 semina
1734 2212 1837 2242 san-

438 2275 580 2334 guinis
601 2274 771 2334 sparsit,
784 2287 902 2330 seges
923 2272 1129 2317 Ecclesiae
1153 2271 1400 2331 pullulavit.
1418 2273 1595 2316 Securae
1620 2285 1723 2327 ergo
1737 2283 1838 2328 per—v

437 2355 543 2405 gant
570 2346 740 2402 nubes3
761 2343 1017 2388 diffundant
1043 2343 1273 2389 veritatem
1295 2353 1418 2386 tuam
1441 2343 1487 2386 in
1509 2341 1705 2386 circuitu
1726 2349 1833 2394 tuoz,
1888 2343 1892 2347 ’

436 2432 528 2461 non
550 2417 730 2463 timeant
751 2414 925 2459 rabidos
948 2414 1154 2458 fluctus«
1171 2415 1238 2457 Tu
1260 2412 1497 2457 dominaris
1514 2411 1718 2471 potestati
1740 2425 1840 2454 ma·
1886 2432 1887 2437 =

440 2506 462 2530 ³»
496 2488 568 2531 ris.
595 2506 617 2529 »
641 2489 843 2532 Movetur
874 2483 1054 2545 quidem
1083 2499 1227 2538 mare,
1257 2482 1519 2527 contradicit
1550 2496 1693 2536 mare,
1723 2479 1853 2539 pers„

437 2560 591 2620 strepit
612 2574 729 2603 mare
751 2578 760 2603 z
787 2557 863 2601 sed
892 2556 1032 2601 fidelis
1065 2559 1178 2599 Deus
1195 2591 1206 2610 ,
1232 2555 1309 2615 qui
1330 2570 1420 2598 non
1440 2569 1517 2599 vos
1536 2553 1649 2596 sinat
1666 2551 1826 2596 tentari
1887 2574 1892 2600 ῃ

493 2645 624 2677 ¹Matth.
645 2656 735 2686 μανι,
755 2643 811 2685 64.
830 2658 869 2664 -—
883 2649 894 2663 ²
910 2641 990 2673 Psal.
1009 2653 1047 2683 11,
1070 2652 1100 2682 1,
1116 2650 1149 2672 2.
1163 2656 1201 2662 —1
1218 2639 1231 2662 ³
1251 2639 1433 2680 Judiomv,
1453 2638 1534 2680 5,6.
1549 2635 1712 2669 ——4Luc.
1728 2647 1766 2678 u,
1780 2635 1833 2678 34.
