1926 3339
482 234 563 271 126
889 245 922 270 s.
959 240 1186 270 Aucus'nm
1219 242 1401 268 Eriscom

476 308 737 367 Prophetam
755 305 811 350 de
832 321 876 350 se
897 307 986 365 ipse
1008 304 1239 366 praedicat¹
1269 320 1373 349 :nec
1394 311 1564 348 tantum
1586 302 1855 362 perhibetur,

476 377 552 423 sed
567 393 644 437 pro
662 386 793 436 captu
810 375 965 419 mentis
982 375 1185 418 humanae
1200 382 1438 432 utcumque
1452 373 1730 431 cognoscitur
1747 381 1860 416 stare

479 449 524 492 in
546 448 602 491 eis
619 462 717 507 quae
730 447 911 499 creavit,
933 447 967 490 si
988 455 1031 490 et
1052 447 1183 490 homo
1196 455 1279 490 stet
1294 455 1338 489 ct
1352 444 1501 488 audiat
1513 460 1630 499 eum,
1646 453 1688 487 et
1702 441 1860 502 ghudio

480 513 666 576 gaudeat
678 526 853 575 propter
865 517 956 576 ejus
972 516 1164 559 intimam
1178 530 1330 560 vocem
1341 517 1706 568 2.Verumtamen,
1726 529 1861 574 quan·

481 598 574 632 tum
610 588 794 631 arbitror
808 622 818 641 ,
857 586 1049 630 Psalmus
1086 586 1165 629 iste
1201 586 1419 630 insinuare
1454 584 1620 646 aliquid
1654 584 1857 641 molitur,

479 657 600 718 quod
621 673 670 700 ex
691 657 882 716 quodam
908 666 1101 715 tempore
1126 654 1290 699 factum
1311 666 1399 708 est,
1425 664 1474 699 ut
1506 664 1639 698 staret
1667 658 1785 699 Deus·
1817 655 1862 699 in

479 742 696 785 synagoga
725 728 921 770 deorum.
948 728 1055 771 Nam
1088 724 1161 768 illa
1183 726 1310 769 statio
1332 741 1419 785 qua
1448 724 1611 769 coelum
1637 733 1682 768 et
1703 734 1862 769 terram

482 797 648 857 implet,
672 812 751 841 nec
774 796 828 840 ad
847 799 1119 855 Synagogam
1141 796 1315 855 proprie
1334 795 1544 854 pertinet,
1563 811 1645 840 nec
1666 804 1862 856 tempore

480 869 685 913 variatur.
710 886 732 910 «
756 870 868 912 Deus
887 868 1034 927 itaque
1060 867 1178 910 stetit
1194 867 1239 910 in
1261 881 1481 925 synagoga
1513 866 1696 910 deorum
1711 901 1722 922 ,
1751 884 1771 907 »
1791 866 1861 910 ni-

481 939 640 982 mirum
653 937 726 982 ille
747 938 824 997 qui
846 936 900 981 de
921 953 964 981 se
982 937 1116 981 dixit:
1137 955 1156 977 «
1178 939 1276 982 Non
1287 952 1383 980 sum
1397 937 1548 980 missus
1570 936 1653 980 nisi
1671 935 1726 980 ad
1742 951 1858 992 oves,

485 1028 505 1051 »
540 1025 639 1069 quse
662 1008 884 1068 perierunt
905 1008 1059 1052 domus
1078 1006 1209 1052 Israel
1223 1009 1255 1051 3.
1280 1026 1299 1049 »
1317 1007 1484 1052 Dicitur
1502 1042 1514 1063 ,
1531 1017 1576 1052 et
1594 1022 1722 1052 causa
1746 1023 1756 1048 :
1775 1024 1794 1048 α
1811 1010 1863 1052 In

485 1098 505 1121 υ
540 1079 684 1124 medio
706 1088 852 1123 autem
880 1080 983 1123 deos
1005 1078 1263 1123 discernere.
1290 1096 1310 1120 n
1335 1081 1537 1138 A'gnosc‘o
1565 1079 1701 1138 igitur
1723 1075 1863 1123 Deum

480 1149 644 1194 stetisse
660 1149 706 1193 in
727 1165 946 1209 synagoga
963 1149 1146 1194 deorum
1164 1183 1177 1204 ,
1205 1167 1226 1191 «
1242 1154 1436 1202 Quorum
1453 1159 1615 1210 patreS,
1636 1158 1680 1193 et
1695 1162 1747 1193 ex
1762 1148 1862 1209 qui·-

485 1239 504 1261 η
542 1220 623 1264 bus
644 1220 839 1265 Christus
855 1220 1096 1265 secundum
1116 1235 1305 1265 carnem.
1335 1239 1355 1262 »
1381 1223 1439 1265 Ut
1459 1221 1575 1264 enim
1596 1229 1728 1265 staret
1750 1223 1863 1264 Deus

481 1290 527 1334 in
543 1305 763 1349 synagoga
784 1290 992 1346 deorum,
1023 1291 1077 1335 ad
1096 1292 1178 1336 hoc
1203 1306 1254 1334 ex
1279 1291 1379 1350 ipsis
1406 1291 1648 1336 secundum
1670 1305 1858 1335 carnem.

484 1359 569 1404 Sed
585 1359 694 1419 quid
711 1361 852 1404 Deus?
872 1363 1023 1421 Neque
1043 1361 1158 1405 enim
1174 1360 1324 1422 quales
1352 1360 1436 1417 illi,
1472 1362 1519 1405 in
1543 1376 1734 1422 quorum
1754 1360 1862 1406 deo-

481 1445 578 1473 rum
599 1445 819 1488 synagoga
841 1431 960 1474 stetit
985 1450 994 1475 2
1021 1430 1097 1475 sed
1118 1431 1230 1475 sicut
1256 1431 1344 1476 illic
1371 1431 1604 1491 Apostolus
1636 1431 1860 1491 sequitur,

484 1518 506 1541 «
540 1499 621 1552 Qui
644 1509 708 1543 est
742 1515 870 1559 super
902 1501 1048 1545 omnia
1085 1504 1198 1546 Deus
1236 1500 1492 1546 benedictus
1527 1502 1575 1546 in
1607 1501 1806 1546 saecula4.
1837 1519 1859 1544 ³)

481 1573 678 1628 Agnosco
698 1604 710 1625 ,
732 1571 913 1631 inquam
928 1606 939 1627 ,
970 1572 1136 1616 stetisse
1168 1591 1177 1617 :
1204 1588 1391 1631 agnosco
1418 1582 1462 1617 et
1481 1574 1528 1617 in
1557 1573 1704 1617 medio
1725 1577 1864 1618 Deum

479 1655 711 1700 sponsum,
732 1640 787 1684 de
814 1657 902 1701 quo
924 1642 1088 1687 amicus
1105 1643 1195 1703 ejus
1223 1643 1402 1704 quidam
1424 1643 1530 1687 dicit
1557 1662 1566 1688 :
1596 1662 1617 1685 «
1641 1645 1694 1686 In
1721 1641 1864 1688 medio

485 1731 503 1753 »
538 1720 729 1755 vestrum
751 1720 834 1755 stat
853 1744 865 1767 ‚
891 1728 1022 1773 quem
1039 1729 1113 1758 vos
1142 1714 1357 1759 nescitis5.
1378 1733 1398 1756 »
1418 1715 1587 1774 Quippe
1617 1715 1672 1758 de
1703 1715 1864 1775 qui-bus

479 1781 611 1842 paulo
634 1791 731 1841 post
762 1782 808 1827 in
832 1783 915 1827 hoc
936 1783 1104 1829 Psalmo
1125 1784 1285 1829 dicitur
1317 1801 1327 1827 ι
1361 1805 1382 1828 «
1411 1786 1694 1841 Nescierunt,
1714 1801 1863 1846 neque

482 1871 502 1894 »
538 1851 866 1909 intellexerunt,
899 1855 946 1898 in
980 1855 1168 1900 tenebris
1190 1855 1433 1900 ambulant.
1467 1875 1488 1898 ³>
1525 1857 1794 1901 Testifieatur
1820 1866 1865 1903 e‘t

480 1922 734 1982 Apostolus,
764 1942 782 1964 «
815 1925 1029 1977 Quoniam
1058 1926 1227 1970 caecitas
1249 1942 1302 1970 ex
1324 1936 1446 1986 parte
1469 1927 1600 1971 lsrael
1627 1927 1744 1973 facta
1775 1937 1859 1984 est,

482 2011 503 2034 »
538 2002 588 2037 ut
608 1992 836 2052 plenitudo
858 1995 1065 2039 Gentium
1100 1996 1322 2041 intraretss.
1354 2015 1374 2038 »
1403 1999 1598 2042 Stantem
1625 1998 1789 2058 quippe
1815 1998 1863 2043 in

477 2062 622 2108 medio
641 2064 707 2108 sui
727 2063 936 2110 videbant
957 2080 1057 2109 eum
1084 2085 1094 2112 ε
1118 2066 1195 2111 sed
1223 2082 1313 2112 non
1328 2083 1430 2112 eum
1455 2067 1666 2112 videbant
1689 2072 1858 2125 Deum,

477 2133 654 2194 qualem
675 2150 719 2178 se
738 2134 915 2179 volebat
933 2135 1092 2192 videri,
1125 2137 1302 2182 dicens:
1331 2157 1351 2181 «
1375 2139 1462 2192 Qui
1489 2154 1560 2183 me
1588 2138 1716 2195 vidit,
1751 2139 1863 2184 vidi-‘t

480 2222 500 2245 n
535 2214 580 2249 et
595 2206 801 2249 Patrem⁷.
822 2223 843 2247 ³)
864 2206 1072 2251 Discernit
1088 2217 1233 2252 autem
1251 2209 1354 2253 deos
1370 2244 1382 2264 ,
1404 2225 1494 2254 non
1510 2225 1663 2254 eorum
1680 2210 1859 2267 meritis,

476 2275 554 2318 sed
574 2275 709 2333 gratia
737 2291 839 2332 sua,
864 2292 916 2321 ex
946 2277 1097 2322 eadem
1123 2281 1426 2339 conspersione
1457 2279 1617 2325 faciens
1652 2280 1734 2326 alia
1760 2296 1862 2326 vasa

475 2343 523 2390 in
543 2345 776 2403 honorem,
800 2346 881 2392 alia
902 2347 948 2392 in
976 2348 1332 2394 contumeliam&
1354 2351 1459 2404 Quis
1482 2351 1599 2396 enim
1624 2360 1669 2396 te
1696 2350 1860 2396 discer-

477 2458 482 2461 “
525 2464 534 2481 ¹
557 2461 675 2492 Jcrem.
696 2471 773 2492 xxm
788 2486 796 2501 ,
820 2459 873 2501 24.
901 2478 943 2483 —
962 2468 975 2483 ²
998 2464 1088 2493 Joan.
1115 2474 1163 2502 111,
1194 2472 1247 2505 29.
1275 2481 1316 2486 —-
1335 2462 1348 2487 3
1363 2464 1478 2497 Matth.
1504 2477 1546 2497 xv
1562 2490 1570 2505 ,
1593 2464 1648 2507 24.
1674 2483 1716 2488 —-—
1733 2464 1747 2495 4
1767 2468 1857 2498 Rom.

475 2525 526 2557 xx,
544 2513 576 2546 5.
598 2532 639 2538 —-
656 2514 670 2538 5
690 2518 784 2549 Joan.
806 2527 830 2557 1,
855 2516 910 2549 26.
939 2533 973 2540 —
994 2515 1010 2539 6
1034 2520 1124 2549 Rom.
1159 2529 1203 2560 xi,
1223 2520 1277 2552 25.
1311 2537 1353 2543 —-
1371 2528 1384 2554 7
1408 2523 1497 2553 Joan.
1519 2533 1586 2563 xiv,
1604 2532 1638 2564 9.
1664 2537 1705 2544 -·
1724 2520 1740 2544 ⁸
1767 2524 1856 2554 Rom.

475 2579 507 2603 lx
521 2595 530 2612 ,
549 2580 602 2603 21.
