1926 3339
0 0 1926 169 ——ffi

427 340 510 379 300
853 350 886 378 s.
922 349 1151 378 Anousnm
1185 350 1365 377 Emscoi‘t

425 417 514 462 sive
534 425 679 475 aperte
702 432 778 476 per
792 417 1011 471 homines,
1032 415 1118 459 sive
1141 414 1311 459 occulte
1333 414 1444 458 sieut
1462 411 1563 467 Job,
1588 412 1642 456 sis
1662 411 1802 468 fortis,

423 488 489 547 51εῆΥ
508 487 694 532 tolerans
723 507 732 532 ι
762 487 963 531 habitans
991 486 1037 530 in
1060 485 1276 546 adjutorio
1304 483 1533 538 Altissimi,
1567 483 1677 527 sicut
1702 483 1806 527 dicit

423 559 501 602 iste
518 557 729 611 „Psalmus
765 557 875 610 Quia
897 557 930 601 si
963 555 1135 599 recedas
1164 556 1218 599 ab
1250 554 1465 615 adjutorio
1495 552 1727 609 Altissimi,
1764 561 1807 597 te

422 629 563 687 ipsum
582 643 670 670 non
694 626 838 670 valens
860 625 1062 685 adjuvare
1076 660 1085 678 ,
1107 623 1248 668 cades.

482 701 540 741 Π.
566 696 695 741 Multi
721 697 833 739 enim
858 695 990 740 fortes
1011 704 1135 749 sunt,
1171 695 1348 754 quando
1380 694 1433 738 ab
1455 692 1706 737 hominibus
1727 707 1806 753 pa·
1910 712 1912 738 i

421 769 591 811 tiuntur
609 766 975 826 persecutionem,
1003 776 1046 809 et
1066 763 1217 809 vident
1240 780 1311 808 eos
1334 773 1479 823 aperte
1497 763 1645 808 saevire
1666 763 1711 806 in
1734 779 1804 821 se3

422 847 465 880 et
484 846 640 896 putant
663 838 764 898 quia
782 846 887 880 tunc
911 836 1137 880 imitantur
1157 835 1373 895 passiones
1395 835 1581 889 Christi,
1606 835 1639 878 si
1662 843 1807 893 aperte

422 924 492 952 eos
515 909 709 952 homines
734 917 1052 968 persequantur
1073 923 1081 948 :
1103 908 1136 951 si
1160 916 1305 951 autem
1328 905 1496 950 occulta
1523 905 1684 950 diaboli
1708 921 1807 964 per-

421 978 642 1022 secutione
662 978 888 1031 feriantur,
915 987 1072 1038 putant
1090 994 1132 1022 sc
1146 994 1235 1022 non
1253 977 1449 1022 coronari
1468 993 1490 1020 a
1506 976 1691 1021 Christo.
1711 975 1808 1021 Noli

422 1050 572 1093 timere
592 1050 769 1109 quando
786 1050 962 1093 imitaris
975 1050 1212 1094 Christum.
1230 1052 1339 1094 Nam
1360 1058 1403 1092 et
1425 1048 1603 1108 quando
1627 1048 1809 1091 tentavit

422 1118 622 1163 diabolus
647 1120 881 1163 Dominum
898 1154 909 1174 ,
947 1119 1093 1163 nullus
1115 1120 1246 1164 homo
1268 1119 1355 1163 fuit
1376 1120 1422 1161 in
1444 1133 1611 1172 eremo,
1638 1117 1808 1161 occulte

421 1188 545 1232 illurn
569 1189 779 1245 tentavit,
800 1189 876 1232 sed
894 1198 1120 1247 superatus
1142 1198 1230 1244 est,
1254 1199 1296 1233 et
1314 1198 1461 1248 aperte
1482 1188 1660 1232 saeviens
1678 1203 1807 1246 snpe-

421 1268 537 1302 ratus
556 1268 617 1302 est
638 1261 665 1301 ¹.
696 1259 762 1302 Sic
777 1267 819 1301 et
842 1257 986 1313 tusae,
1014 1259 1047 1302 si
1068 1259 1131 1303 vis
1153 1259 1314 1302 intrare
1328 1260 1611 1318 pei-januam,
1632 1258 1808 1318 quando

420 1328 589 1372 occulte
607 1338 746 1372 tentat
762 1328 980 1382 inimicus,
1002 1327 1181 1388 quando
1204 1328 1395 1388 postulat
1414 1329 1635 1372 hominem
1657 1337 1706 1372 ut
1725 1328 1807 1371 ali-

419 1399 526 1458 quid
551 1399 588 1442 ei
611 1408 765 1443 noceat
787 1415 863 1458 per
885 1398 1130 1459 corporales
1159 1399 1374 1444 molestias
1390 1435 1400 1454 ,
1429 1416 1506 1459 per
1540 1398 1680 1443 febres
1697 1435 1706 1453 ‚
1733 1415 1809 1459 per

419 1471 724 1529 (egritudines,
752 1485 828 1529 per
851 1470 1018 1530 aliquos
1036 1470 1206 1515 labores
1226 1472 1416 1530 corporis
1433 1506 1443 1525 ,
1465 1471 1575 1515 sieut
1597 1470 1810 1515 laboravit
1905 1478 1908 1545 ἶ

420 1542 519 1586 Job.
548 1541 777 1585 Diabolum
802 1558 890 1586 non
912 1542 1110 1596 videbat,
1137 1542 1211 1586 sed
1230 1552 1486 1602 potestatem
1505 1542 1581 1585 Dei
1598 1541 1810 1600 intellige-

419 1613 508 1674 bat,
546 1615 734 1656 Noverat
763 1612 864 1672 quia
897 1612 1096 1656 diabolus
1124 1613 1169 1656 in
1198 1628 1299 1656 eum
1328 1611 1439 1655 nihil
1461 1621 1625 1671 posset,
1652 1612 1731 1655 nisi
1754 1612 1808 1655 ab
1904 1607 1907 1640 ¹

418 1682 493 1726 illo
511 1683 633 1741 eujus
650 1698 818 1726 summa
837 1692 1025 1741 potestas
1053 1693 1137 1738 est,
1162 1683 1488 1742 permitteretur
1517 1702 1525 1727 ε
1554 1693 1690 1727 totam
1714 1683 1808 1740 glo-
1903 1674 1906 1703 ¹

420 1753 526 1796 riam
560 1756 648 1797 Deo
677 1753 834 1808 dabat,
859 1754 1100 1812 potentiam
1124 1753 1300 1798 diabolo
1330 1770 1419 1798 non
1450 1752 1598 1797 dabat.
1623 1755 1730 1799 Nam
1767 1763 1809 1798 et
1903 1746 1906 1821 f

1903 1851 1905 1873 1

1902 1913 1905 1947 l

1902 1963 1905 1988 l

1901 2008 1905 2033 Ι

1901 2074 1904 2093 i

419 1824 594 1882 quando
618 1823 796 1867 abstulit
819 1823 1018 1868 diabolus
1055 1824 1226 1879 omnia,
1260 1825 1343 1868 hoc
1372 1823 1479 1868 dixit
1505 1843 1513 1868 z
1554 1843 1574 1865 «
1599 1824 1808 1869 Dominus

422 1912 442 1933 »
479 1893 620 1947 dedit,
647 1894 857 1938 Dominus
875 1894 1093 1938 abstulit‘2.
1115 1913 1134 1935 )›
1156 1897 1253 1939 Non
1275 1893 1381 1951 dixit
1400 1914 1408 1939 ε
1438 1894 1647 1938 Dominus
1668 1893 1805 1950 dedit,

419 1963 618 2007 diabolus
636 1964 828 2009 abstulit.
849 1965 960 2018 Quia
983 1963 1093 2008 nihil
1115 1963 1360 2008 abstulisset
1380 1963 1593 2019 diabolus,
1614 1964 1695 2008 nisi
1717 1980 1808 2024 per-

421 2035 599 2078 misisset
622 2036 847 2079 Dominus.
865 2035 969 2080 Ideo
993 2045 1135 2079 autem
1153 2035 1349 2095 permisit
1364 2035 1586 2089 Dominus,
1605 2045 1655 2079 ut
1675 2036 1808 2080 homo

417 2106 693 2163 probaretur,
726 2105 925 2149 diabolus
952 2107 1212 2149 vinceretur.
1252 2108 1309 2149 Et
1342 2106 1520 2165 quando
1549 2121 1647 2149 eum
1684 2105 1808 2165 plaga
1902 2107 1926 2153 j

417 2176 648 2233 percussit,
674 2175 745 2218 ille
767 2175 974 2235 permisit.
997 2175 1108 2228 Quia
1124 2190 1223 2219 cum
1242 2192 1264 2218 a
1282 2176 1420 2234 capite
1443 2191 1580 2235 usque
1599 2175 1653 2219 ad
1676 2175 1807 2234 pedes
1901 2174 1903 2219 ἑ
1924 2192 1925 2234 1

417 2246 462 2288 in
484 2244 716 2304 putredine
747 2246 961 2289 vermium
994 2246 1150 2289 flueret
1169 2281 1179 2301 ,
1217 2262 1296 2290 nec
1331 2256 1435 2290 tunc
1458 2247 1611 2290 tribuit
1633 2246 1807 2291 diabolo

418 2315 605 2376 aliquam
639 2326 897 2375 potestatem
931 2317 1015 2361 Job
1045 2333 1053 2358 :
1086 2317 1161 2360 sed
1192 2333 1292 2361 cum
1326 2317 1365 2360 ei
1398 2318 1672 2376 suggessisset
1700 2334 1808 2362 uxor
1912 2314 1924 2674 ι

1918 2631 1920 2650 l

1921 2051 1926 2061 -
1919 1876 1926 2035 -..μη-η.-

418 2387 529 2445 ejus,
556 2402 687 2446 quarn
710 2386 845 2430 solam
867 2387 1100 2446 reliquerat
1117 2387 1341 2431 diabolus.
1368 2404 1457 2431 non
1480 2388 1807 2432 consolatricem

417 2456 586 2510 mariti,
620 2456 695 2500 sed
719 2456 975 2516 adjutricem
998 2458 1087 2511 sui,
1125 2466 1168 2500 et
1191 2457 1363 2501 dixisset
1386 2458 1423 2501 ei
1447 2478 1454 2502 :
1485 2477 1502 2499 «
1532 2459 1607 2502 Die
1631 2457 1807 2513 aliquod
1899 2511 1901 2519 γ

421 2546 440 2568 »
476 2527 657 2570 verbum
687 2527 732 2570 in
761 2531 899 2571 Deum
917 2563 927 2582 ,
954 2537 997 2571 et
1025 2544 1192 2572 morere
1214 2548 1222 2572 2
1250 2547 1268 2568 n
1300 2527 1407 2571 dixit
1432 2529 1469 2571 ei
1496 2550 1503 2573 :
1535 2549 1554 2570 «
1576 2533 1739 2573 Locuta
1761 2545 1806 2573 es
1897 2527 1901 2577 ξ

418 2617 437 2638 n
473 2607 682 2658 tanquam
705 2614 792 2642 una
810 2598 864 2642 de
886 2599 1185 2658 insipientibus
1209 2598 1463 2643 mulieribus
1483 2619 1490 2644 ι
1512 2601 1545 2643 si
1570 2601 1682 2644 bona
1715 2616 1806 2643 sus-
1897 2585 1900 2602 ι

466 2692 472 2706 ¹
496 2685 596 2716 Matth
634 2697 677 2726 iv,
700 2696 786 2716 1—11.
814 2703 852 2707 ——
874 2693 885 2707 ²
905 2685 977 2716 Job.
1001 2696 1023 2726 ι,
1043 2694 1094 2717 21.
1896 2721 1899 2740 W
