1926 3339
469 295 549 331 112
877 301 910 330 s.
948 303 1177 330 Atons'rffii
1213 303 1390 329 E1¹15COP1

463 368 631 428 inquit,
666 367 773 427 lapis
798 386 806 411 ε
833 381 911 425 ego
935 375 1187 424 argenteum
1221 366 1363 408 habeo
1391 374 1435 407 et
1461 378 1655 407 aureum.
1688 364 1845 408 Merito

462 438 551 497 ipsa
574 438 759 497 pretiosa
777 436 916 481 voluit
933 435 1172 490 nominare,
1198 434 1275 494 qui
1297 433 1403 477 dixit
1423 452 1433 477 ·.
1454 452 1474 475 «
1494 432 1616 477 Idola
1639 433 1846 477 Gentium

465 526 485 548 »
522 515 750 566 argentum
777 515 1017 550 etaurum.
1046 524 1066 546 »
1094 508 1252 563 Magna
1282 512 1406 558 sunt,
1437 503 1539 563 quia
1561 518 1690 547 aurea
1709 513 1754 547 et
1774 518 1846 547 ar-

463 587 614 636 gentea
629 586 729 621 sunt
746 597 756 633 3
775 577 960 636 pretiosa
982 585 1107 630 sunt,
1131 573 1277 619 lucida
1291 582 1416 617 sunt:
1439 573 1515 618 sed
1531 583 1677 618 tamen
1698 572 1846 618 oculos

461 648 640 701 habent,
659 657 702 690 et
718 662 807 690 non
820 645 1005 689 vident¹.
1018 648 1233 689 Recentes
1248 644 1294 688 hi
1306 643 1380 688 dii.
1397 643 1511 697 Quid
1531 643 1746 688 recentius
1763 642 1846 687 deo

461 733 511 761 ex
533 716 734 762 officina?
749 716 869 760 Licet
890 715 985 759 illos
1001 716 1092 775 jam
1112 724 1304 759 vetustos
1324 729 1578 758 aranearum
1591 728 1728 758 casses
1741 729 1848 757 con·
1914 751 1918 757 .

462 788 671 843 texerint,
696 787 773 847 qui
790 786 1040 846 sempiterni
1057 801 1148 831 non
1170 795 1272 831 sunt
1286 820 1298 842 ‚
1324 794 1516 830 recentes
1533 794 1634 830 sunt
1649 819 1661 840 ,
1685 785 1770 828 hoc
1791 783 1846 829 de

460 858 656 917 Paganis.
681 857 835 903 Nescio
857 858 952 917 quis
971 857 1077 901 alius
1092 892 1104 912 ,
1123 857 1171 900 in
1191 857 1427 901 vanitatem
1450 856 1663 915 accipiens
1685 869 1847 899 nomen

459 928 633 974 Domini
650 929 729 974 Dei
745 929 811 973 sui
829 963 840 985 ,
865 928 968 973 fecit
983 929 1065 973 sibi
1086 929 1308 974 Christum
1330 937 1571 972 creaturam
1588 962 1600 982 ,
1624 926 1846 972 Christum

460 1000 670 1059 imparem
686 1009 730 1044 et
756 999 1021 1060 inaequalem
1047 999 1291 1057 generanti,
1322 998 1483 1043 Filium
1505 998 1583 1043 Dei
1603 997 1751 1042 dicens
1767 1031 1780 1052 ,
1804 1005 1849 1041 et
1914 1011 1916 1055 g

460 1070 620 1115 Filium
638 1072 715 1116 Dei
736 1087 912 1130 negans.
938 1071 981 1116 Si
1011 1072 1127 1115 enim
1159 1070 1295 1115 Filius
1323 1070 1478 1115 unicus
1505 1079 1590 1124 est,
1615 1069 1699 1113 hoc
1725 1067 1848 1129 quod
1914 1126 1915 1129 Ἴ

460 1144 586 1184 Pater
608 1151 694 1196 est,
720 1150 763 1185 et
776 1142 860 1186 hoc
879 1150 943 1185 est
964 1156 1015 1185 ex
1034 1141 1289 1185 aeternitate.
1318 1144 1383 1185 Tu
1402 1149 1548 1184 autem
1574 1140 1719 1183 nescio
1740 1137 1848 1198 quid
1912 1166 1915 1190 χ

461 1211 579 1256 aliud
598 1212 854 1270 cogitastiin
867 1212 998 1256 corde
1017 1221 1109 1266 tuo,
1127 1211 1259 1255 deum
1282 1220 1499 1256 recentem
1512 1210 1706 1270 posuisti.
1726 1208 1849 1254 Fecit

459 1282 541 1325 sibi
563 1281 673 1325 alius
698 1282 831 1326 deum
854 1278 1121 1341 pugnantem
1151 1291 1304 1326 contra
1337 1291 1510 1340 gentem
1540 1280 1843 1336 tenebrarum,

459 1352 685 1395 timentem
714 1367 769 1395 ne
789 1351 1036 1407 invadatur,
1067 1361 1333 1410 satagentem
1354 1367 1410 1396 ne
1440 1360 1767 1411 corrumpatur,
1795 1366 1847 1400 ex
1909 1356 1914 1407 ξ

458 1431 580 1481 parte
604 1431 748 1466 tamen
776 1432 1031 1482 corruptum
1049 1458 1059 1478 ,
1091 1432 1143 1466 ut
1164 1432 1308 1482 posset
1334 1437 1423 1467 esse
1444 1431 1560 1467 totus
1576 1421 1746 1479 salvus3
1770 1421 1847 1466 sed
1907 1443 1914 1491 ᾗ

458 1508 549 1536 non
569 1501 686 1536 totus
701 1527 711 1547 ‚
738 1493 841 1552 quia
859 1509 910 1537 ex
930 1502 1052 1552 parte
1065 1503 1308 1553 corruptus.
1333 1493 1564 1538 Maniehaei
1577 1493 1657 1537 ista
1673 1491 1842 1548 dicunt,
1910 1541 1911 1546 ,

455 1561 624 1605 faciunt
642 1562 734 1606 ‘sibi
762 1572 804 1606 et
831 1563 899 1606 isti
921 1563 966 1606 in
983 1563 1115 1607 corde
1137 1572 1356 1607 recentem
1378 1562 1524 1607 deum.
1545 1565 1643 1608 Non
1666 1572 1729 1607 est
1750 1562 1846 1607 talis
1908 1587 1911 1608 2

458 1635 572 1676 Deus
589 1642 750 1688 noster,
777 1648 866 1677 non
885 1642 948 1677 est
969 1633 1064 1678 talis
1087 1633 1230 1693 portio
1253 1643 1326 1677 tua
1349 1634 1485 1678 Jacob
1507 1653 1516 1677 ε
1541 1632 1618 1677 sed
1645 1632 1722 1693 qui
1743 1631 1847 1677 fecit
1907 1649 1910 1686 ς

456 1701 619 1746 coelum
642 1713 685 1747 et
708 1713 865 1747 terram
880 1739 890 1759 ,
913 1703 1004 1762 ipse
1027 1713 1090 1748 est
1106 1707 1220 1748 Deus
1238 1713 1340 1749 tuus
1356 1739 1367 1760 ,
1388 1704 1464 1764 qui
1485 1719 1575 1748 non
1588 1713 1686 1762 eget
1699 1703 1841 1759 bonis,
1906 1695 1909 1739 Ᾰ

456 1773 531 1833 qui
549 1789 638 1817 non
660 1774 783 1818 timet
804 1790 828 1818 a
850 1773 988 1818 malis.
1904 1829 1908 1836 .

514 1846 634 1887 XIV.
665 1843 796 1887 Multi
828 1859 930 1903 ergo
962 1845 1156 1889 haeretiei
1188 1860 1288 1890 cum
1321 1845 1503 1904 Paganis
1532 1845 1636 1889 aiios
1664 1854 1705 1890 et
1739 1844 1844 1889 alios
1905 1851 1908 1904 Ιζ

457 1912 560 1958 deos
591 1914 672 1957 sibi
695 1915 774 1973 ipsi
795 1914 992 1958 fecerunt
1007 1950 1017 1969 ,
1053 1914 1157 1959 alios
1178 1924 1222 1959 et
1243 1915 1347 1960 alios
1370 1914 1473 1960 deos
1495 1915 1575 1959 sibi
1595 1916 1841 1973 finxerunt,
1903 1910 1907 1958 ἶ,

457 1993 500 2028 et
521 2000 592 2029 eos
610 1985 776 2028 etiamsi
798 2001 887 2029 non
909 1986 955 2028 in
976 1984 1165 2045 templis,
1186 1995 1332 2029 tamen
1348 1985 1469 2046 quod
1483 1995 1547 2030 est
1561 1987 1683 2046 pejus
1696 1986 1743 2030 in
1764 2001 1843 2031 suo
1903 1984 1906 2017 ἕ

456 2055 588 2099 corde
609 2065 870 2114 posuerunt,
896 2065 940 2099 et
959 2055 1169 2100 falsorum
1197 2055 1569 2117 ridendorumque
1591 2056 1843 2103 simulacro·
1900 2099 1905 2118 4

455 2140 553 2169 rum
577 2125 737 2185 templa
757 2126 839 2185 ipsi
861 2125 964 2170 facti
990 2135 1106 2170 sunt.
1128 2129 1336 2184 Magnum
1359 2143 1468 2187 opus
1488 2136 1552 2172 est
1567 2163 1578 2183 ,
1601 2127 1718 2172 intus
1746 2128 1842 2172 haec
1900 2172 1905 2180 ,

456 2195 572 2239 idola
595 2195 819 2254 fiangere3
840 2206 882 2240 et
901 2196 1050 2241 locum
1073 2200 1163 2242 Deo
1194 2197 1381 2253 viventi,
1406 2214 1496 2243 non
1518 2199 1682 2243 recenti
1711 2214 1842 2243 mun-

455 2265 571 2309 dare.
593 2267 753 2310 Omnes
782 2267 897 2311 enim
926 2267 997 2311 isti
1017 2267 1136 2311 aliud
1156 2277 1287 2329 atque
1310 2267 1428 2312 aliud
1458 2269 1711 2325 sentientes,
1737 2269 1843 2314 alios

456 2346 586 2397 atque
609 2337 712 2382 alios
734 2337 837 2383 deos
859 2339 941 2383 sibi
969 2339 1204 2395 facientes,
1239 2340 1464 2401 ipsamque
1492 2340 1623 2385 fidem
1653 2340 1842 2386 falsitate
1898 2353 1906 2389 ἑ

452 2408 687 2464 variantes,
711 2409 916 2454 videntur
932 2409 1155 2454 dissentire
1180 2430 1190 2455 z
1216 2410 1292 2454 sed
1313 2426 1462 2455 omnes
1483 2427 1508 2455 a
1529 2411 1709 2456 terrenis
1731 2412 1841 2470 cogi·
1900 2419 1903 2422 '

454 2478 692 2523 tationibus
717 2495 807 2524 non
835 2479 1071 2538 recedunt,
1102 2481 1148 2524 in
1169 2481 1350 2525 terrenis
1377 2468 1709 2541 cogitationibus
1737 2498 1840 2527 con·
1898 2518 1904 2534 ,

453 2549 644 2593 sentiunt
661 2549 756 2594 sibi.
781 2551 940 2611 Opinio
962 2551 1128 2597 diversa
1149 2561 1236 2609 est,
1261 2553 1427 2598 vanitas
1457 2569 1544 2598 una
1567 2563 1645 2599 est.
1667 2556 1730 2599 De
1754 2552 1838 2598 illis

503 2641 512 2658 ¹
529 2635 609 2669 Psal.
628 2635 766 2678 cx1n‚.‡,
788 2636 818 2669 5.
