1926 3339
450 295 505 333 60
886 301 918 329 S.
956 301 1184 328 Aucusnm
1219 300 1397 325 Emscom

448 369 651 429 spiritalia
687 368 899 412 efficimur
932 381 1030 410 oves
1066 364 1142 408 Dei
1175 361 1446 406 ambulantes
1480 363 1524 406 in
1554 362 1637 406 hoc
1670 360 1828 405 saeculo

448 439 569 484 velut
589 440 633 482 in
655 437 845 491 deserto,
873 436 1079 496 quoniam
1104 433 1266 476 nemini
1290 442 1353 476 est
1370 432 1475 476 fides
1497 441 1646 476 nostra'
1662 432 1829 490 conspi—

450 526 531 554 cua
560 528 568 553 :
592 508 708 552 unde
730 507 835 551 dicit
862 504 1121 565 Apostolus:
1149 522 1168 545 «
1200 503 1297 547 Vita
1319 512 1460 547 vestra
1479 502 1736 547 abscondita
1767 509 1831 545 est

451 599 472 622 »
508 595 607 624 cum
629 578 799 623 Christo
820 577 864 620 in
889 580 977 621 Deo
993 579 1022 619 ¹.
1053 593 1072 614 n
1091 574 1357 618 Deducimur
1374 583 1519 618 autem
1536 574 1578 617 in
1597 589 1694 632 spe,
1720 587 1832 632 quo-

447 651 565 694 niam
589 668 607 689 «
636 651 717 706 Spe
740 647 843 690 salvi
862 646 965 689 facti
983 659 1145 688 sumus.
1173 664 1190 685 »
1210 646 1298 688 Nec
1321 645 1474 688 timere
1495 643 1718 687 debemus.
1744 661 1764 684 «
1790 642 1832 686 Si

451 738 472 761 »
508 719 621 762 enim
655 721 767 761 Deus
789 733 873 776 pro>
901 716 1024 760 nobis
1042 751 1052 769 ‚
1089 715 1185 775 quis
1207 724 1357 759 contra
1386 730 1464 758 nos
1479 716 1526 758 ⁵²?
1548 717 1604 758 Et
1635 713 1832 757 inimicos

448 797 616 832 nostros
649 788 819 847 operuit
852 802 991 841 mare,
1029 785 1220 830 abolevit
1255 785 1301 829 in
1335 786 1551 844 baptismo
1582 783 1832 828 remissione

448 867 742 917 peccatorum.

506 930 693 972 XXXII.
720 927 886 972 Deinde
908 927 1123 987 sequitur,
1160 945 1180 968 «
1204 928 1262 970 Et
1278 924 1453 969 induxit
1473 940 1544 969 eos
1571 924 1617 968 in
1640 933 1834 968 montem

450 1017 472 1040 »
508 998 856 1042 sanctificationis
873 1013 976 1041 suae.
1001 1015 1021 1037 η
1044 999 1219 1049 Quanto
1239 996 1396 1040 melius
1412 996 1457 1039 in
1474 1004 1664 1040 sanctam
1688 993 1833 1038 Eccle-

449 1069 580 1114 siam?
602 1089 622 1110 «
647 1071 842 1112 Montem
864 1082 993 1128 quem
1013 1066 1238 1127 acquisivit
1251 1066 1424 1110 dextera
1450 1067 1539 1126 ejus
1554 1068 1586 1110 3.
1615 1083 1634 1106 »
1661 1068 1835 1119 Quanto

450 1149 514 1184 est
542 1138 733 1183 Ecclesia
761 1138 985 1182 sublimior
1013 1154 1146 1198 quam
1165 1139 1390 1199 acquisivit
1411 1138 1627 1191 Christus,
1665 1137 1719 1181 de
1747 1151 1836 1197 quo

449 1210 616 1254 dictum
646 1220 737 1254 est:
763 1228 782 1251 «
814 1212 871 1253 Et
891 1209 1117 1253 brachium
1140 1209 1313 1253 Domini
1335 1209 1407 1253 cui
1430 1208 1670 1253 revelatum
1702 1216 1766 1252 est
1792 1207 1837 1249 ⁴?

453 1298 474 1321 »
508 1282 565 1324 Et
587 1280 711 1340 ejecit
739 1296 762 1323 a
794 1278 902 1323 facie
934 1294 1083 1323 eorum
1113 1281 1274 1323 Gentes
1297 1298 1306 1324 ε
1329 1297 1349 1320 »
1377 1288 1419 1323 et
1447 1295 1471 1322 a
1504 1277 1613 1322 facie
1640 1276 1837 1321 fidelium

451 1365 643 1395 suorum.
663 1352 773 1395 Nam
799 1350 989 1410 quodam
1020 1349 1152 1395 modo
1174 1351 1334 1395 Gentes
1353 1358 1454 1393 sunt
1474 1348 1701 1408 gentilium
1719 1363 1839 1392 erro-

452 1435 550 1463 rum
575 1419 754 1478 maligni
774 1421 962 1480 spiritus.
991 1440 1010 1463 α
1035 1422 1092 1464 Et
1111 1429 1223 1464 sorte
1238 1419 1378 1464 divisit
1394 1420 1452 1463 eis
1474 1428 1631 1462 terram
1648 1418 1692 1462 in
1718 1416 1840 1461 funi-

454 1507 475 1530 »
510 1488 610 1533 culo
645 1489 979 1534 distributionis.
1020 1509 1039 1531 n
1074 1492 1133 1534 Et
1160 1490 1206 1533 in
1238 1489 1364 1534 nobis
1400 1509 1420 1531 «
1451 1490 1608 1533 Omnia
1636 1496 1839 1548 operatur

455 1578 475 1601 »
510 1576 624 1605 unus
647 1570 778 1621 atque
798 1561 914 1605 idem
939 1561 1144 1621 Spiritus,
1176 1560 1375 1605 dividens
1400 1560 1574 1620 propria
1603 1559 1842 1618 unicuique

456 1649 475 1673 ³)
512 1640 641 1690 prout
662 1632 802 1676 vult⁵.
828 1652 848 1673 n

510 1703 719 1745 XXXIII.
752 1721 772 1744 «
796 1705 853 1746 Et
873 1702 1072 1746 habitare
1087 1701 1190 1747 fecit
1211 1703 1256 1745 in
1278 1701 1568 1745 tabernaculis
1592 1716 1742 1745 eorum
1763 1700 1841 1743 tri-

458 1791 476 1811 »
511 1771 593 1814 bus
612 1771 744 1816 Israel
764 1773 796 1815 ⁶.
826 1790 846 1813 υ
874 1775 926 1816 ln
947 1772 1258 1825 tabernaculis,
1283 1772 1449 1832 inquit,
1476 1772 1684 1816 Gentium
1711 1767 1841 1815 habi-

453 1849 544 1885 tare
564 1840 666 1886 secit
695 1843 833 1886 tribus
856 1842 1000 1886 Israel.
1027 1844 1156 1896 Quod
1178 1842 1426 1902 spiritaliter
1447 1842 1506 1887 sic
1527 1841 1680 1885 melius
1707 1841 1841 1885 disse-

454 1911 639 1955 rendum
663 1921 770 1971 puto
786 1947 796 1967 ‚
821 1922 872 1956 ut
899 1913 953 1956 ad
977 1912 1197 1957 coelestem
1232 1912 1435 1971 gloriam,
1473 1912 1591 1956 unde
1612 1921 1839 1971 peccantes

454 1982 594 2039 angeli
608 1984 870 2043 ejectiatque
888 1983 1044 2043 dejecti
1064 1993 1165 2027 sunt
1178 2019 1188 2037 ,
1212 1999 1290 2043 pcr
1303 1983 1463 2029 Christi
1487 1984 1667 2042 gratiam
1686 1983 1841 2026 subve-

452 2052 623 2096 hamur.
647 2053 725 2097 Illa
744 2053 857 2097 enim
884 2055 1104 2112 generatio
1127 2070 1258 2114 prava
1281 2064 1324 2098 et
1346 2055 1605 2109 amaricans,
1632 2054 1839 2114 quoniam

451 2122 541 2166 istis
572 2122 792 2167 beneficiis
821 2124 1116 2182 corporalibus
1138 2139 1227 2168 non
1250 2125 1444 2183 ponebat
1474 2125 1667 2168 tunicam
1689 2134 1839 2168 vetus-

452 2193 550 2237 tatis
568 2227 578 2247 ,
613 2211 632 2234 «
661 2196 957 2238 Tentavcrunt
981 2194 1124 2238 adhuc
1146 2204 1189 2239 et
1212 2195 1579 2239 exacerbaverunt
1599 2198 1738 2239 Deum
1762 2211 1840 2238 cx-

455 2280 476 2303 »
511 2262 669 2306 celsum
687 2299 698 2318 ,
723 2273 767 2308 et
793 2265 1036 2310 testimonia
1063 2266 1154 2325 ejus
1176 2281 1264 2310 non
1287 2266 1589 2310 custodierunt
1613 2285 1620 2310 :
1642 2275 1686 2310 et
1713 2282 1840 2310 aver-

455 2350 476 2372 »
511 2341 660 2376 terunt
679 2349 745 2388 se,
771 2343 813 2378 et
836 2350 925 2379 non
947 2344 1228 2380 servaverunt
1245 2345 1443 2395 pactum,
1465 2335 1838 2396 quemadmodum

455 2420 476 2442 »
511 2411 652 2460 patres
679 2419 831 2448 eorum
844 2406 874 2447 ⁷.
905 2423 925 2445 »
951 2408 1083 2449 Pacto
1107 2405 1221 2449 enim
1255 2404 1447 2465 quodam
1472 2415 1513 2449 et
1535 2405 1698 2465 placito
1721 2405 1842 2450 dixe—

453 2480 557 2515 runt
589 2491 598 2516 :
628 2491 648 2514 «
680 2474 836 2517 Omnia
864 2490 963 2534 quae
994 2474 1167 2519 locutus
1198 2484 1262 2519 est
1290 2476 1500 2519 Dominus
1533 2479 1646 2520 Deus
1668 2485 1836 2531 noster,

502 2574 509 2589 ¹
533 2567 648 2601 Coloss.
665 2580 720 2610 111,
739 2568 770 2600 3.
787 2585 828 2592 -
851 2576 863 2593 ²
880 2573 970 2602 Rom.
992 2582 1065 2612 vm,
1085 2569 1128 2613 24
1145 2575 1179 2603 et
1202 2571 1256 2602 31.
1273 2588 1313 2594 -
1332 2569 1344 2594 3
1364 2571 1444 2604 Psal.
1464 2582 1580 2613 mxxvii,
1602 2571 1656 2613 54.
1675 2588 1717 2594 -
1730 2570 1747 2601 l,
1765 2573 1835 2604 lsai.

452 2634 521 2664 mn,
546 2635 573 2655 ι.
596 2641 636 2645 -
655 2622 669 2646 5
694 2635 704 2655 1
727 2626 799 2656 Cor.
816 2636 871 2666 κη,
894 2626 944 2667 14.
961 2643 1002 2648 --
1019 2625 1034 2647 ⁶
1054 2626 1133 2658 Psal.
1152 2636 1271 2668 mxxvii,
1290 2626 1343 2659 55.
1364 2643 1404 2650 ·-
1429 2626 1684 2670 71b1‹1.56‚57.

1915 161 1919 178 l

1915 197 1920 279 l

1916 284 1920 324 Ξ

1917 359 1926 412 {2

1918 415 1926 443 ιι

1918 456 1922 486 Ι

1918 489 1921 522 l

1919 526 1922 571 ἱ

1920 573 1923 613 l
