1926 3339
400 253 642 284 ENARRAno
674 256 718 282 m
752 253 955 282 PsALMUM
987 256 1128 284 Lxxv1.
1391 250 1444 287 19

60 323 105 366 in
130 321 227 366 filiis
250 319 410 366 Israel?
432 321 498 365 Ita
516 319 660 380 plane.
687 321 782 364 Hoc
804 320 961 365 scimus
977 356 988 375 ‚
1021 321 1105 366 hoc
1127 320 1312 381 legimus
1326 357 1337 377 ‚
1361 322 1447 368 hoc

61 393 282 451 Scriptura
295 391 468 446 clamat,
491 391 574 435 hoc
588 390 744 435 veritas
761 389 941 447 indicat,
963 391 1169 451 quoniam
1186 391 1449 437 Israelidem

59 461 134 523 qui
156 462 317 517 Jacob,
342 461 499 507 habuit
521 460 630 505 filios
654 459 909 517 duodecim,
941 459 1056 505 inter
1076 478 1185 522 quos
1215 478 1330 507 unus
1358 470 1449 506 crat

59 533 242 593 Joseph3
273 541 316 576 et
337 548 390 576 ex
412 530 645 576 duodecim
677 530 775 576 filiis
803 530 936 576 Israel
959 541 1180 593 quotquot
1203 533 1294 578 nati
1316 542 1418 578 sunt
1433 568 1444 588 ,

59 603 115 648 ad
126 604 341 664 populum
363 603 495 648 Israel
511 603 748 663 pertinent.
771 603 1003 657 Quomodo
1026 620 1130 664 ergo
1154 605 1213 650 ait
1237 621 1245 647 :
1277 624 1297 648 «
1317 605 1450 649 Filios
1499 660 1505 665 ο

60 693 80 717 »
117 674 250 719 Israel
276 685 320 720 et
336 675 527 735 Joseph?
548 694 567 717 »
593 675 746 720 Nescio
768 675 876 736 quid
900 675 972 720 hic
991 676 1352 736 distinguendum
1372 676 1450 721 ad-

56 745 243 790 monuit.
270 749 595 790 Perscrntemur
612 745 812 805 spiritum
827 756 1029 790 ‘nostrum
1047 782 1057 802 ,
1080 746 1269 792 fortassis
1292 748 1353 791 ibi
1374 746 1451 791 ali-

57 816 166 877 quid
193 816 337 876 posuit
365 820 479 861 Deus
494 852 505 871 ,
531 831 663 877 quem
686 816 896 860 debemus
922 826 965 861 et
988 827 1116 861 nocte
1139 833 1335 879 quaerere
1356 833 1451 862 ma-

58 887 187 931 nibus
225 887 382 932 nostris
402 922 412 942 ‚
449 896 499 931 nt
528 902 618 931 non
645 885 928 946 decipiamur,
962 885 1073 932 forte
1101 889 1372 933 inveniemus
1409 897 1453 933 et

58 974 136 1003 nos
168 959 213 1002 in
245 959 326 1002 hac
354 958 633 1002 distinctione
660 977 679 1000 «
708 958 839 1003 Filios
873 959 1005 1004 Israel
1036 969 1079 1004 et
1109 960 1287 1020 Joseph.
1319 978 1338 1001 »
1371 962 1453 1004 Per

58 1030 219 1089 Joseph
241 1029 375 1073 alium
392 1029 608 1090 populum
629 1028 813 1088 intelligi
837 1030 990 1086 voluit,
1008 1032 1215 1075 Gentium
1235 1030 1453 1091 populum

58 1099 240 1158 intelligi
273 1100 424 1144 voluit.
461 1103 604 1153 Quare
644 1101 850 1145 Gentium
895 1102 1109 1162 populum
1146 1118 1224 1162 per
1257 1102 1454 1162 Joseph?

59 1173 168 1225 Quia
192 1173 354 1231 Joseph
381 1171 585 1217 venditus
608 1181 671 1216 est
700 1172 745 1216 in
767 1176 1009 1233 AEgyptum
1035 1190 1057 1218 a
1081 1172 1285 1218 fratribus
1317 1173 1403 1218 suis
1421 1175 1449 1216 ¹.

57 1243 137 1289 Ille
167 1244 327 1303 Joseph
345 1279 356 1299 ,
381 1244 451 1288 cui
477 1243 630 1288 fratres
651 1243 928 1301 inviderunt,
950 1256 993 1290 et
1015 1262 1116 1290 eum
1137 1246 1184 1289 in
1211 1249 1455 1305 AEgyptum

59 1314 369 1371 vendiderunt,
385 1314 587 1360 venditus
607 1316 652 1360 in
665 1319 926 1376 AEgyptum,
945 1317 1176 1373 laboravit⁷
1200 1317 1455 1361 humiliatus

59 1396 148 1444 est3
179 1387 351 1445 agnitus
379 1396 424 1431 et
454 1386 691 1442 exaltatus,
718 1387 889 1443 floruit,
923 1387 1166 1448 imperavit.
1193 1390 1251 1432 Et
1273 1388 1338 1432 his
1361 1403 1456 1432 om-

58 1459 188 1504 nibus
210 1459 318 1519 quid
347 1458 634 1517 significavit?
661 1458 804 1515 Quid,
831 1459 912 1503 nisi
946 1461 1169 1505 Christum
1197 1476 1221 1504 a
1251 1460 1456 1504 fratribus

57 1529 314 1585 venditum,
346 1530 533 1590 ejectum
566 1527 621 1573 de
654 1539 769 1574 terra
798 1545 876 1574 sua
909 1539 1120 1592 tanquam
1142 1530 1190 1574 in
1210 1533 1456 1590 AEgyptum

59 1600 299 1645 Gentium?
327 1601 396 1645 Ibi
420 1600 561 1661 primo
591 1599 870 1645 humiliatum
887 1637 897 1657 ‚
926 1601 1104 1663 quando
1132 1601 1455 1662 persecutiones

59 1672 272 1730 Martyres
303 1671 584 1732 patiebantur
610 1691 619 1717 2
645 1687 764 1717 nunc
789 1671 1029 1717 exaltatum
1046 1707 1058 1728 ‚
1090 1672 1202 1717 sicut
1221 1671 1453 1732 videmus3

59 1744 268 1806 quoniam
290 1743 520 1804 impletum
550 1753 614 1788 est
641 1744 686 1788 in
719 1760 771 1789 eo
798 1760 808 1786 ε
846 1744 1148 1789 «Adorabunt
1181 1760 1282 1789 eum
1305 1759 1455 1789 omnes

62 1832 83 1856 »
119 1830 239 1873 reges
256 1823 399 1870 terrae,
424 1829 572 1859 omnes
588 1824 736 1873 gentes
757 1814 946 1859 servient
966 1814 1076 1859 illi2.
1105 1833 1125 1856 >›
1151 1817 1267 1874 Ergo
1290 1815 1454 1875 Joseph

59 1884 250 1945 populus
276 1901 327 1930 ex
351 1884 592 1941 Gentibus,
624 1884 756 1930 Israel
777 1902 879 1931 vero
910 1885 1102 1946 populus
1128 1902 1180 1930 ex
1215 1895 1343 1946 gente
1367 1889 1457 1931 He-

60 1955 296 2002 braeorum.
331 1955 536 2002 Redemit
560 1955 776 2017 populum
800 1973 930 2002 suum
951 1960 1089 2014 Deus,
1120 1978 1141 2001 «
1167 1958 1300 2003 Filios
1322 1959 1457 2003 Israel

63 2047 85 2071 »
120 2037 165 2073 et
180 2031 205 2073 J
209 2026 360 2089 oseph.
383 2046 404 2070 »
429 2030 512 2072 Per
533 2027 667 2088 quid?
689 2031 770 2072 Per
789 2027 980 2090 lapidem
996 2026 1250 2088 angularem
1265 2064 1276 2086 ,
1299 2029 1346 2074 in
1363 2045 1455 2091 quo

61 2099 151 2146 duo
173 2101 357 2161 parietes
372 2098 566 2160 copulati
587 2101 733 2145 sunt3.

120 2172 286 2216 XVIII.
317 2171 375 2216 Et
403 2170 633 2232 exequitur
657 2166 912 2232 quomodo:
954 2189 972 2212 «
1006 2168 1225 2216 Viderunt
1253 2179 1297 2215 te
1330 2187 1457 2234 aquae

66 2260 87 2284 n
110 2245 226 2287 Deus
240 2242 272 2286 4.
292 2260 312 2284 »
334 2240 451 2295 Quid
462 2250 565 2286 sunt
576 2243 732 2303 aquae?
749 2241 922 2302 Populi.
944 2243 1054 2296 Quae
1076 2251 1178 2287 sunt
1193 2241 1287 2287 istae
1307 2259 1455 2304 aquae,

64 2313 232 2359 dictum
267 2323 331 2358 est
363 2314 409 2359 in
444 2313 731 2374 Apocalypsi,
768 2329 1024 2374 responsum
1058 2323 1143 2370 est,
1180 2315 1369 2375 Populi:
1394 2314 1457 2359 ibi

63 2384 307 2429 invenimus
325 2385 589 2445 apertissime
603 2401 736 2445 aquas
753 2384 798 2428 in
814 2386 953 2444 figura
970 2384 1129 2444 positas
1143 2384 1409 2445 populorum
1423 2386 1453 2429 ⁵.

66 2457 204 2516 Supra
223 2465 369 2500 autem
390 2455 578 2500 dixerat:
599 2475 618 2498 «
635 2457 794 2501 Notam
816 2454 954 2500 fecisti
977 2455 1022 2499 in
1045 2455 1218 2516 populis
1235 2456 1455 2501 Virtutem

113 2561 121 2576 ¹
143 2557 221 2586 Gen.
243 2564 364 2594 xxxvii,
386 2553 439 2586 28.
461 2570 502 2575 —
535 2560 548 2576 ²
575 2553 657 2585 Psal.
690 2564 775 2595 uixi,
811 2565 861 2585 11.
883 2570 923 2575 —
955 2550 968 2575 3
991 2552 1106 2595 Ephes.
1137 2565 1159 2585 n
1175 2577 1184 2594 ‚
1203 2552 1258 2596 24.
1287 2570 1328 2575 —
1346 2551 1361 2583 4
1378 2554 1455 2586 Psal.

66 2620 172 2650 Lxxw,
202 2620 252 2651 17·
277 2626 318 2632 —
335 2606 350 2632 5
372 2611 474 2650 Apoc.
491 2619 569 2650 xvn,
596 2608 647 2640 15.

1280 2662 1321 2702 2.
