1926 3339
466 283 552 324 460
577 289 602 294 χ
890 293 925 323 s.
961 291 1193 323 Avensa-mx
1224 294 1407 323 muscom

464 373 550 408 tur.
574 361 686 407 Talis
711 361 853 406 extitit
869 360 1070 406 diabolus
1092 370 1135 406 et
1152 360 1385 416 daemonia,
1404 359 1449 404 id
1471 368 1550 416 est,
1576 360 1718 420 angeli
1734 360 1851 420 ejus:

465 434 680 492 arrogavit
701 433 782 477 sibi
804 434 1015 477 honorem
1032 431 1229 476 divinum
1246 442 1289 476 et
1308 432 1511 477 omnibus
1529 431 1754 476 daemoniis
1775 452 1786 489 3
1811 440 1854 476 et

463 505 660 565 implevit
692 503 853 564 templa
883 508 1152 562 Paganorum
1169 539 1180 554 ,
1222 513 1266 547 et
1297 505 1509 563 persuasit
1531 503 1785 559 simulacra,
1810 512 1854 548 et
1908 551 1910 555 ,

463 575 674 635 persuasit
711 574 782 618 illa
814 574 1020 618 sacrificia
1042 573 1190 618 offerri
1211 573 1306 617 sibi.
1331 576 1487 618 Nonne
1509 574 1663 618 melius
1690 583 1782 618 erat
1796 583 1854 618 .ut
1908 570 1912 618 ἶ

463 644 652 703 Angelos
674 653 844 687 sanctos
864 678 875 698 ,
917 658 1050 703 quam
1084 651 1134 686 ut
1162 641 1380 687 daemones
1408 643 1632 688 colerent?
1653 647 1854 703 Respon-
1910 655 1913 701 g

397 712 403 718 ’
463 715 595 760 dent:
622 718 717 761 Non
743 714 925 759 colimus
948 714 1059 758 mala
1075 714 1291 758 daemonia
1312 733 1321 759 ε
1347 713 1536 774 Angelos
1564 730 1673 775 quos
1694 714 1851 769 dicitis,
1911 727 1913 731 ·

462 786 576 846 ipsos
599 796 641 830 et
662 802 739 830 nos
763 785 970 841 colimus,
996 785 1178 829 virtutes
1201 786 1278 829 Dei
1296 786 1441 844 magni
1465 795 1507 829 et
1523 786 1759 830 ministeria
1777 786 1855 830 Dei

462 857 624 916 magni.
659 858 833 901 Utinam
854 857 967 917 ipsos
989 856 1130 901 colere
1150 856 1318 901 velletis
1341 876 1350 901 ε
1371 856 1500 901 facile
1522 857 1577 900 ab
1599 857 1700 916 ipsis
1717 856 1857 901 disce-
1912 862 1915 903 3

462 930 562 972 retis
585 945 675 972 non
696 927 791 973 illos
813 928 969 974 colere.
989 929 1150 973 Audite
1165 929 1383 989 Angelum
1402 929 1643 974 doctorem..
1661 929 1856 974 Docebat
1913 986 1916 994 ν

462 999 696 1059 quemdam
715 999 976 1059 Discipulum
993 999 1152 1061 Christi
1172 1035 1183 1055 ,
1199 1009 1242 1043 et
1257 1000 1515 1044 ostendebat
1537 999 1599 1044 illi
1621 999 1758 1044 multa
1779 1000 1856 1043 rni-

461 1070 606 1114 racula
629 1071 674 1113 in
712 1069 975 1129 Apocalypsi
1014 1071 1193 1114 Joannis
1221 1089 1229 1115 ε
1263 1069 1336 1114 ille
1372 1079 1518 1115 autem
1555 1069 1745 1130 quodam
1773 1070 1856 1114 sibi
1914 1058 1917 1100 ’-

461 1142 759 1185 demonstrato
788 1140 996 1185 miraculo
1018 1141 1191 1185 visionis
1213 1142 1383 1201 expavit
1398 1177 1408 1196 ,
1435 1151 1478 1185 et
1505 1142 1620 1186 misit
1642 1157 1686 1185 se
1705 1141 1758 1185 ad
1777 1157 1854 1200 pe-

462 1211 537 1255 des
561 1211 736 1270 Angeli:
756 1221 798 1255 et
813 1211 885 1255 ille
905 1211 1097 1271 Angelus
1119 1212 1197 1272 qui
1218 1228 1309 1256 non
1327 1213 1552 1273 quaerebat
1575 1213 1655 1255 nisi
1676 1212 1856 1269 gloriam
1915 1239 1918 1265 ς

462 1283 636 1327 Domini
668 1283 733 1327 sui
761 1303 769 1328 :
800 1302 819 1325 «
849 1286 1007 1342 Surge,
1047 1283 1153 1344 quid
1188 1282 1316 1339 facis,
1343 1283 1516 1344 inquit,
1543 1283 1671 1328 illum
1693 1283 1853 1342 adora,
1916 1287 1919 1343 ζ

463 1372 483 1394 »
519 1356 628 1398 Nam
647 1363 690 1398 ct
707 1370 787 1413 ego
811 1370 1044 1399 conservus
1062 1364 1164 1399 tuus
1187 1371 1282 1399 sum
1298 1390 1308 1410 ,
1330 1364 1374 1399 et
1394 1355 1581 1399 fratrum
1599 1364 1776 1399 tuorum
1792 1357 1851 1398 ¹.»

462 1424 574 1477 Quid
597 1420 699 1483 ergo
716 1461 726 1479 ,
753 1423 905 1469 fratres
928 1426 1044 1470 mei?
1065 1429 1203 1471 Nemo
1224 1426 1368 1484 dicat,
1394 1426 1543 1470 Timeo
1574 1442 1629 1470 ne
1647 1426 1856 1470 irascatur
1917 1443 1921 1478 ᾗ

462 1495 568 1539 mihi
596 1495 788 1555 Angelus
806 1532 816 1550 ,
843 1497 874 1541 si
899 1512 989 1541 non
1013 1496 1136 1540 illum
1161 1497 1257 1541 colo
1280 1513 1358 1556 pro
1388 1497 1471 1541 deo
1489 1512 1601 1541 meo.
1630 1499 1752 1541 Tunc
1777 1497 1855 1541 tibi
1918 1487 1921 1538 ἶ,

461 1565 660 1610 irascitur
676 1602 686 1621 ,
713 1566 892 1627 quando
909 1568 1051 1626 ipsum
1074 1566 1216 1611 colere
1239 1567 1428 1611 volueris
1448 1587 1455 1612 :
1472 1567 1614 1611 bonus
1636 1576 1699 1611 est
1718 1567 1850 1622 enim,
1924 1561 1926 1575 ¹

461 1645 504 1680 et
535 1640 675 1680 Deum
714 1647 844 1682 amat.
883 1637 1116 1691 Quomodo
1149 1638 1369 1682 daemones
1396 1639 1671 1693 irascuntur,
1698 1638 1731 1681 si
1764 1653 1854 1682 non

461 1706 661 1751 colantur
692 1727 701 1752 :
741 1709 799 1752 sic
827 1708 983 1766 Angcli
1018 1707 1328 1766 indignantur,
1355 1710 1388 1752 si
1421 1724 1500 1768 pro
1522 1712 1613 1753 Deo
1634 1707 1849 1755 colantur.

464 1778 548 1822 Sed
570 1794 625 1822 ne
648 1777 760 1823 forte
783 1779 899 1823 dicat
920 1780 1001 1823 sibi
1025 1796 1098 1824 cor
1119 1780 1360 1835 infirmum,
1382 1796 1456 1825 cor
1474 1781 1690 1840 trepidum
1711 1783 1853 1838 :Ergo

460 1849 491 1892 si
521 1849 770 1894 irascuntur
802 1850 1019 1895 daemonia
1050 1851 1151 1911 quia
1173 1867 1264 1896 non
1293 1851 1527 1907 coluntur,
1554 1851 1688 1896 timeo
1708 1851 1852 1895 offen-

460 1918 562 1963 dere
580 1919 810 1966 daemonia.
825 1921 938 1974 Quid
954 1922 1031 1966 tibi
1054 1922 1249 1966 facturus
1267 1931 1331 1966 est
1347 1922 1416 1966 vel
1437 1922 1638 1982 princeps
1659 1922 1852 1981 ipsorum

460 1989 685 2036 diabolus?
710 1993 752 2037 Si
788 2003 932 2051 posset
957 1992 1124 2054 aliquid
1141 2029 1151 2048 ,
1187 1993 1336 2037 nullus
1359 2003 1557 2038 nostrum
1590 2002 1848 2037 remaneret.

458 2064 613 2106 Nonne
645 2063 841 2123 quotidie
876 2073 996 2108 tanta
1029 2065 1075 2108 in
1103 2063 1239 2108 illurn*
1253 2063 1461 2109 dicuntur
1483 2079 1556 2108 ore
1578 2064 1851 2109 Christiano-

458 2148 578 2187 rum,
611 2142 655 2177 et
688 2135 840 2179 crescit
872 2150 990 2194 seges
1019 2135 1400 2180 Christianorum?
1434 2134 1618 2187 Quando
1657 2134 1851 2179 irasceris

458 2205 724 2264 nequissimo
753 2222 875 2251 servo
899 2216 998 2263 tuo,
1019 2208 1103 2251 hoc
1125 2222 1287 2251 nomen
1309 2206 1373 2250 illi
1395 2206 1583 2266 imponis
1604 2225 1613 2251 :
1643 2208 1820 2251 Satanas
1836 2241 1847 2261 ,

458 2274 647 2330 diabole,
667 2277 750 2321 hoc
771 2277 833 2320 illi
856 2277 979 2321 dicis.
1007 2280 1205 2322 Fortasse
1225 2278 1269 2320 in
1291 2277 1375 2320 hoc
1398 2292 1534 2332 erras,
1561 2277 1663 2336 quia
1681 2275 1850 2320 homini

456 2345 540 2388 hoc
577 2345 707 2401 dicis,
748 2356 790 2390 et
823 2348 1108 2391 immoderata
1131 2348 1193 2392 ira
1218 2347 1379 2407 raperis
1395 2383 1405 2403 ,
1431 2347 1486 2391 ad
1519 2346 1849 2391 conviciandam

457 2415 690 2473 imaginem
715 2417 791 2460 Dei
813 2435 822 2461 ε
849 2427 892 2461 et
912 2426 1060 2461 tamen
1083 2419 1167 2462 hoc
1190 2417 1334 2477 eligis,
1359 2417 1480 2478 quod
1503 2417 1541 2460 ei
1563 2417 1702 2470 dicas,
1728 2415 1849 2476 quod

455 2484 582 2528 valde
614 2486 852 2531 detestaris.
893 2489 935 2534 Si
969 2497 1114 2547 posset
1143 2487 1216 2532 ille
1236 2523 1246 2543 ,
1283 2503 1373 2532 non
1400 2503 1444 2531 se
1466 2487 1739 2531 vindicaret?
1764 2484 1848 2530 Sed

456 2571 546 2600 non
569 2557 834 2615 permittitur
863 2579 872 2603 ε
898 2568 942 2604 et
962 2568 1136 2604 tantum
1162 2559 1267 2605 facit
1283 2595 1296 2615 ,
1321 2568 1537 2620 quantum
1559 2557 1840 2618 permittitur,

507 2647 515 2662 ¹
538 2644 637 2682 Apoc.
659 2652 724 2675 xix,
747 2653 794 2674 ro.
