1926 3339
482 282 500 317 1
509 280 562 318 38
914 296 946 320 s.
985 292 1212 319 AUGUSTINI
1245 290 1427 316 EPISCOPI

478 355 639 415 quibus
670 356 754 401 hoc
776 366 876 401 ante
898 357 1099 400 ultimum
1123 352 1338 414 judicium
1364 362 1662 412 praestaretur3
1686 354 1787 414 quia
1814 364 1858 399 et

475 441 593 470 nunc
615 427 729 470 idem
757 428 835 486 ipsi
858 436 980 482 sunt3
1005 435 1046 469 et
1065 427 1203 484 ipsum
1228 439 1384 482 corpus
1407 434 1470 468 cst
1494 424 1768 469 inimicorum
1787 440 1856 469 se-

474 497 669 540 cundum
700 498 982 541 invidentiam
1012 512 1099 555 qua
1132 492 1395 537 {emulantur
1424 494 1637 553 populum
1671 496 1762 540 Dei.
1800 498 1857 540 Et

475 581 592 610 nunc
614 567 690 609 ubi
714 576 919 625 possunt,
951 575 993 608 ct
1014 573 1169 608 sonant
1201 573 1243 606 et
1274 563 1421 607 levant
1441 573 1596 623 caput3
1621 564 1695 608 sed
1719 566 1855 624 parti-

473 636 648 680 culatim
666 672 676 689 ‚
702 653 789 680 non
812 636 1108 679 universaliter
1130 635 1242 677 sicut
1260 634 1304 677 in
1331 634 1418 677 fine
1435 634 1603 688 saeculi,
1626 635 1856 680 novissimo

474 706 913 766 imminentejudicio.
938 709 1097 749 Tamen
1121 705 1264 763 ipsum
1287 721 1443 764 corpus
1462 715 1548 760 est,
1574 715 1617 750 et
1635 707 1680 749 in
1693 706 1757 750 his
1780 707 1857 767 qui

474 776 576 819 inde
610 776 815 820 credituri
851 786 978 829 sunt,
1016 786 1148 835 atque
1186 775 1231 819 in
1266 791 1422 834 corpus
1455 775 1573 819 aliud
1605 777 1853 835 transituri3
1898 764 1911 854 Ι

473 847 650 901 (horum
689 848 803 891 enim
837 847 966 892 facies
1001 846 1230 891 salubriter
1263 845 1469 906 impletur
1507 847 1768 906 ignominia,
1806 858 1857 892 ut

471 927 668 976 quaerant
695 934 855 962 nomen
884 918 1057 962 Domini
1075 919 1115 975 :)
1136 926 1179 961 et
1204 918 1248 960 in
1268 916 1351 961 illis
1385 917 1459 977 qui
1483 933 1622 978 usque
1648 918 1694 961 in
1723 919 1856 965 finem

472 987 517 1031 in
551 988 701 1032 eadem
737 988 899 1031 malitia
927 996 1229 1047 perseverant,
1267 987 1344 1046 qui
1365 997 1591 1046 ponuntur
1620 996 1670 1032 ut
1698 987 1856 1047 stipula

472 1066 572 1101 ante
594 1056 749 1102 faciem
777 1058 917 1112 venti,
944 1067 987 1102 et
1009 1057 1143 1116 sylvae
1162 1058 1477 1118 montibusque
1498 1057 1776 1103 infructuosis
1797 1059 1855 1102 si-

470 1126 613 1181 miles,
638 1128 974 1172 comburuntur.
1002 1128 1070 1172 Ad
1097 1143 1206 1188 quos
1229 1127 1375 1173 denuo
1403 1129 1655 1183 revertitur,
1679 1128 1852 1174 dicens:

474 1215 495 1238 «
526 1197 820 1252 Erubeseant‚
854 1207 897 1242 et
924 1198 1242 1243 conturbentur
1274 1199 1319 1242 in
1347 1198 1559 1243 saeculum
1593 1198 1786 1243 saeculi¹.
1829 1217 1850 1241 »
1901 1206 1906 1218 ·

468 1269 566 1312 Non
588 1269 702 1311 enim
724 1269 769 1311 in
792 1268 1000 1313 saeculum
1022 1268 1171 1314 saeeuli
1191 1270 1536 1325 conturbantur,
1560 1270 1637 1329 qui
1650 1278 1854 1330 quaerunt

468 1353 629 1382 nomen
653 1339 824 1384 Domini
841 1358 849 1384 :
866 1339 942 1383 sed
965 1340 1243 1400 respicientes
1270 1341 1553 1399 ignominiam
1576 1350 1854 1400 peccatorum

467 1423 669 1464 suorum,
702 1409 757 1453 ad
785 1410 867 1454 hoc
896 1411 1246 1466 conturbantur,
1281 1421 1331 1455 ut
1360 1420 1560 1471 quaerant
1579 1426 1740 1456 nomen
1767 1414 1854 1456 Do-

467 1479 600 1533 mini,
626 1496 703 1539 per
719 1481 840 1540 quod
862 1497 951 1526 non
971 1482 1308 1526 conturbentur.

524 1551 644 1593 XIV.
671 1553 924 1611 Rursusque
947 1552 1002 1596 ad
1031 1553 1110 1596 hos
1133 1552 1268 1605 redit,
1304 1553 1379 1612 qui
1402 1553 1446 1595 in
1469 1551 1622 1595 eadem
1650 1552 1853 1597 societate

466 1620 741 1665 inimicorum
765 1622 819 1665 ad
848 1623 932 1666 hoe
963 1622 1264 1667 confundendi
1287 1632 1408 1677 sunt,
1440 1638 1494 1666 ne
1522 1621 1853 1667 confundantur

465 1690 510 1733 in
532 1699 770 1748 aeternum3
803 1701 845 1736 et
869 1693 923 1736 ad
950 1694 1034 1736 hoe
1062 1692 1272 1752 perdendi
1299 1694 1344 1736 in
1362 1703 1578 1753 quantum
1601 1692 1704 1736 mali
1724 1702 1846 1749 sunt,
1908 1687 1909 1692 ¹

463 1762 638 1805 utboni
666 1762 770 1807 facti
799 1763 1077 1808 inveniantur
1107 1765 1153 1809 in
1182 1774 1410 1808 aeternum.
1443 1765 1589 1808 Deliis
1612 1765 1727 1809 enim
1749 1780 1850 1810 cum

463 1831 654 1876 dixisset.
685 1852 705 1875 «
728 1837 784 1878 Et
801 1834 1146 1889 confundantur,
1167 1844 1209 1878 et
1223 1845 1426 1894 pereant·7
1450 1853 1468 1875 »
1487 1835 1632 1879 statim
1646 1835 1844 1896 subjecit,

468 1921 488 1944 ι(
512 1906 569 1947 Et
590 1915 854 1962 cognoscant
869 1906 971 1965 quia
990 1921 1151 1950 nomen
1173 1906 1250 1950 tibi
1289 1906 1521 1961 Dominus,
1537 1915 1586 1951 tu
1599 1905 1714 1951 solus
1729 1906 1846 1952 altis-

468 1992 486 2013 »
513 1973 644 2017 simus
664 1975 709 2017 in
724 1975 843 2018 omni
869 1984 978 2018 terra
996 1978 1028 2019 ².
1063 1994 1082 2016 n
1104 1974 1173 2019 Ad
1187 1976 1300 2020 hanc
1317 1976 1608 2034 coguitionem
1625 1976 1847 2026 venientes

460 2043 518 2087 sic
540 2043 892 2099 confundantur,
931 2054 982 2088 ut
1013 2044 1234 2104 placeant3
1265 2046 1324 2090 sic
1358 2055 1561 2105 pereant,
1594 2056 1645 2090 ut
1672 2062 1846 2107 perma-

459 2122 606 2157 neant.
633 2132 652 2155 «
673 2116 946 2172 Cognoscant
960 2150 971 2170 ,
992 2115 1161 2174 inquit,
1182 2116 1284 2175 quia
1300 2131 1461 2160 nomen
1475 2116 1556 2161 tibi
1573 2118 1805 2179 Dominus:
1821 2135 1842 2160 »

458 2193 668 2244 tanquam
690 2200 779 2229 non
791 2201 893 2229 vero
911 2201 990 2230 nec
1003 2202 1082 2230 suo
1101 2187 1276 2231 nomine
1290 2196 1624 2246 nuncupentur,
1643 2188 1847 2249 quicum-

457 2270 544 2314 que
568 2254 639 2298 alii
655 2254 821 2299 domini
835 2257 1132 2310 nominantur,
1151 2257 1360 2316 quoniam
1378 2257 1589 2302 serviliter
1607 2257 1843 2303 dominan-

457 2333 550 2379 tur,
586 2334 629 2368 et
663 2340 766 2369 vero
795 2328 976 2370 Domino
1007 2327 1245 2386 comparati
1269 2343 1349 2372 nec
1377 2326 1541 2371 domiui
1570 2337 1673 2372 sunt
1701 2329 1845 2374 :sicut
1904 2338 1909 2366 ί

456 2393 621 2439 dietum
650 2404 712 2439 est
739 2415 747 2439 :
777 2415 797 2438 «
827 2399 920 2454 Ego
949 2413 1045 2441 sum
1065 2398 1140 2458 qui
1168 2413 1263 2441 sum
1282 2400 1326 2454 33
1354 2416 1374 2439 »
1401 2407 1612 2458 tanquam
1643 2414 1734 2444 non
1755 2399 1842 2444 sint

457 2480 507 2508 ea
529 2481 627 2525 quae
660 2464 772 2509 facta
794 2477 917 2521 sunt,
954 2468 989 2511 si
1021 2478 1330 2528 comparentur
1353 2470 1392 2512 ei
1422 2485 1445 2512 a
1474 2485 1563 2529 quo
1585 2468 1697 2514 facta
1720 2479 1836 2514 sunt.

458 2535 587 2588 Quod
599 2551 701 2580 vero
725 2535 933 2597 adjunxit,
962 2557 982 2580 «
1011 2541 1075 2582 Tu
1093 2539 1208 2583 solus
1226 2539 1516 2584 altissimusin
1533 2540 1653 2585 omni
1664 2549 1792 2595 terra,
1819 2561 1836 2582 ))

504 2627 513 2642 ¹
536 2621 612 2652 psal.
633 2632 748 2662 mxxii,
773 2625 821 2653 18.
844 2640 884 2646 -
905 2630 918 2645 ¹
938 2623 1018 2654 lbid.
1044 2635 1093 2666 ¹9·
1115 2641 1150 2646 —-
1176 2622 1189 2646 3
1208 2626 1307 2656 Exod.
1328 2636 1374 2665 m,
1396 2625 1445 2666 14.
