1926 3339
411 314 654 344 munuum
685 315 730 342 m
762 312 965 342 PsALMUM
997 315 1146 342 xcvm.
1371 306 1455 346 487

77 392 121 428 et
141 382 177 427 si
199 381 398 426 dolemus
417 381 514 426 illos
533 415 545 436 ‚
570 394 742 425 oremus
763 393 842 438 pro
869 378 981 437 illis3
1012 388 1055 422 et
1075 388 1126 423 ut
1147 381 1455 440 exaudiamur,

72 454 320 514 jejunemus
342 467 421 512 pro
442 451 538 495 illis.
556 453 655 495 Non
677 449 790 494 enim
808 464 886 494 nos
908 458 1053 494 nostra
1075 451 1240 511 jejunia
1263 452 1458 499 celebra-

76 538 172 567 mus
193 538 271 582 per
291 521 382 566 dies
402 521 534 566 festos
555 520 745 565 illorum.
762 520 859 565 Alia
879 529 981 565 sunt
999 522 1164 582 jejunia
1180 531 1342 578 nostra,
1360 539 1460 585 quae

76 593 345 639 celebramus
366 609 443 653 per
464 593 554 636 dies
582 592 757 636 Paschae
778 589 948 636 futuros
966 626 977 647 ‚
1015 607 1092 651 per
1122 592 1203 637 alia
1224 602 1356 654 atque
1377 595 1459 640 alia

74 680 173 725 quae
195 664 404 709 solemnia
422 663 546 708 nobis
571 671 674 707 sunt
699 663 744 706 in
766 662 963 707 Christo:
984 678 1060 721 per
1081 663 1184 708 istos
1206 674 1352 708 autem
1369 665 1461 711 dies

74 734 129 780 ad
145 735 229 779 hoc
247 737 496 795 jejunamus
516 769 526 789 ‚
554 743 604 778 ut
625 733 803 794 quando
825 733 904 792 ipsi
926 732 1132 778 laetantur
1150 770 1162 789 ,
1185 751 1263 780 nos
1276 751 1357 794 pro
1376 736 1460 781 illis

74 821 310 865 gemamus.
337 805 507 850 Laetitia
524 805 639 848 enim
661 820 735 848 sua
759 803 997 848 admonent
1017 803 1213 849 dolorem
1234 815 1431 850 nostrum
1445 842 1457 863 ‚

72 886 116 921 et
137 875 305 920 faciunt
325 892 404 920 nos
423 874 639 919 recordari
661 890 793 935 quam
814 875 957 919 miseri
979 875 1064 919 sint
1079 876 1238 920 adhuc.
1259 877 1342 922 Sed
1358 880 1462 938 quia

71 947 269 991 videmus
286 946 446 991 multos
462 947 564 990 inde
580 946 786 989 liberatos
801 981 812 1000 ,
833 946 912 989 ubi
929 955 972 989 et
988 962 1066 990 nos
1089 946 1251 991 fuimus
1268 983 1278 1002 ‚
1304 964 1385 993 nec
1406 949 1462 995 de

71 1017 155 1063 illis
174 1018 403 1077 desperare
420 1017 647 1061 debemus.
675 1019 732 1060 Et
754 1017 788 1060 si
805 1016 946 1061 adhuc
970 1017 1216 1061 irascuntur
1231 1053 1242 1073 ‚
1264 1034 1342 1063 nos
1363 1036 1462 1064 ore-

72 1105 198 1134 mus:
232 1098 277 1133 et
307 1089 342 1133 si
375 1088 520 1133 adhuc
556 1097 857 1132 commovetur
878 1087 1090 1147 particula
1120 1097 1247 1132 terrae
1269 1105 1368 1149 quae
1390 1105 1461 1134 re-

71 1159 256 1215 mansit,
277 1175 356 1204 nos
379 1173 711 1219 permaneamus
741 1158 785 1202 in
804 1158 968 1217 gemitu
989 1174 1069 1218 pro
1091 1159 1217 1219 ipsis3
1242 1170 1292 1204 ut
1314 1169 1357 1204 et
1377 1160 1463 1206 illis

73 1233 187 1275 Deus
205 1230 371 1274 tribuat
391 1228 682 1283 intellectum,
698 1238 741 1273 et
754 1229 984 1273 nobiscum
1001 1229 1180 1274 audiant
1196 1246 1324 1275 voces
1341 1231 1459 1287 istas,

73 1301 128 1346 de
149 1302 310 1362 quibus
329 1300 462 1346 modo
482 1300 737 1359 gaudemus.
769 1319 785 1339 «
819 1301 1029 1344 Dominus
1049 1301 1095 1344 in
1119 1301 1221 1346 Sion
1248 1317 1433 1361 magnus
1447 1337 1460 1359 ‚

74 1391 95 1414 »
131 1382 174 1417 et
195 1372 388 1417 excelsus
413 1382 477 1417 est
498 1388 628 1432 super
650 1387 798 1417 omnes
817 1373 1020 1432 populos.
1045 1391 1064 1414 »

130 1446 208 1488 VI.
247 1463 267 1486 «
290 1444 595 1489 Confiteantur
627 1444 794 1488 nomini
815 1453 891 1488 tuo
925 1446 1130 1502 magno1.
1157 1463 1178 1485 »
1205 1445 1292 1504 Ipsi
1314 1460 1464 1490 omnes

73 1514 223 1574 populi
240 1550 251 1569 ,
278 1530 408 1574 super
427 1531 538 1576 quos
556 1531 740 1574 magnus
758 1524 822 1559 est
838 1515 884 1558 in
909 1515 1034 1573 Sion3
1051 1517 1142 1575 jam
1163 1534 1183 1558 ‹<
1207 1517 1463 1561 Confitean-

74 1603 96 1627 »
131 1594 204 1629 tur
231 1586 399 1631 nomini
426 1596 504 1631 tuo
536 1602 711 1646 magno.
741 1604 762 1627 »
789 1590 977 1630 Parvum
1011 1586 1098 1630 fuit
1128 1602 1291 1631 nomen
1310 1596 1461 1643 tuum,

72 1657 251 1718 quando
281 1658 581 1703 irascebantur
605 1675 616 1703 .·
647 1658 814 1703 factum
846 1667 909 1702 est
942 1672 1177 1716 magnum,
1208 1659 1300 1719 jam
1323 1660 1463 1703 confi-

72 1737 262 1772 teantur.
285 1728 518 1782 Quomodo
536 1729 720 1773 dicimus
736 1744 920 1789 parvum
942 1729 1074 1773 fuisse
1096 1745 1256 1773 nomen
1275 1730 1460 1786 Christi,

74 1809 309 1860 antequam
342 1801 549 1860 praeclare
587 1801 888 1846 diffamaretur
921 1801 1150 1847 Christus?
1173 1801 1280 1853 Quia
1301 1816 1463 1845 nomen

72 1871 205 1930 ipsius
229 1870 343 1915 fama
365 1872 496 1931 ipsius
516 1871 690 1916 dicitur.
710 1875 896 1916 Parvum
911 1887 1072 1916 nomen
1095 1882 1207 1929 erat3
1221 1874 1312 1932 jam
1329 1872 1462 1916 modo

74 1957 236 1985 nomen
260 1957 468 2000 magnum
488 1942 654 1988 factum
678 1951 756 1986 est.
783 1944 892 1995 Quae
915 1958 1018 2001 gens
1037 1952 1126 1997 est,
1153 1958 1251 2002 quae
1272 1958 1362 1986 non
1384 1958 1463 1986 au-

74 2011 184 2056 divit
205 2027 367 2057 nomen
388 2014 576 2058 Christi?
607 2016 631 2057 J
636 2028 704 2056 am
732 2028 833 2071 ergo
855 2028 1013 2071 magno
1041 2013 1204 2057 nomini
1228 2022 1306 2056 tuo
1322 2014 1463 2057 confi-

74 2091 249 2126 teantur
278 2083 452 2142 populi,
479 2084 554 2143 qui
577 2092 678 2128 ante
710 2099 844 2142 parvo
866 2083 1032 2127 nomini
1050 2093 1127 2127 tuo
1149 2084 1460 2127 irascebantur.

79 2173 100 2196 «
124 2154 427 2199 Confiteantur
448 2156 614 2200 nomini
633 2164 709 2199 tuo
729 2170 902 2213 magno.
931 2174 951 2195 »
980 2160 1119 2208 Quare
1141 2156 1463 2200 confiteantur?

79 2244 99 2267 «
133 2225 351 2278 Quoniam
370 2226 562 2270 terribile
579 2236 622 2269 et
646 2236 844 2271 sanctum
867 2235 973 2270 est.»
988 2230 1133 2286 Ipsum
1155 2241 1317 2269 nomen
1334 2235 1464 2269 tuum

76 2295 270 2340 terribile
306 2305 349 2340 et
376 2306 573 2340 sanctum
607 2307 685 2341 est.
715 2298 782 2342 Sic
820 2298 1082 2356 praedicatur
1110 2297 1368 2354 crucifixus,
1404 2297 1463 2340 sic

76 2366 340 2426 praedicatur
360 2368 636 2423 humiliatus,
664 2369 722 2413 sic
750 2369 1013 2428 praedicatur
1032 2370 1252 2429 judicatus
1270 2404 1280 2424 ,
1312 2378 1361 2412 ut
1390 2382 1465 2412 ve-

77 2438 166 2481 niat
188 2446 232 2481 et
249 2436 442 2482 excelsus
455 2473 465 2492 ,
490 2439 636 2483 veniat
656 2440 781 2483 vivus
800 2476 809 2494 ,
834 2440 879 2483 i'n
896 2440 1057 2484 virtute
1078 2441 1225 2485 veniat
1241 2440 1465 2500 judicatu-

78 2524 164 2552 rus.
188 2508 323 2552 Modo
339 2509 475 2568 parcit
498 2509 670 2569 populis
686 2510 1090 2570 blasphemantibus
1109 2531 1116 2555 :
1138 2512 1239 2571 quia
1259 2511 1467 2570 patientia

80 2578 157 2622 Dei
175 2579 229 2622 ad
251 2580 556 2638 poenitentiam
579 2580 794 2626 adducis-2
812 2584 909 2626 Non
933 2597 1048 2625 enlm
1065 2582 1141 2641 qui
1162 2580 1294 2625 modo
1313 2580 1474 2640 parcit,-

131 2671 138 2684 ¹
161 2663 241 2695 Psal.
269 2676 380 2704 xcviii,
398 2665 429 2697 6.
452 2683 491 2687 -ψ
512 2673 524 2688 2
545 2668 622 2696 Rom
657 2665 735 2706 11,4.
