1926 3339
447 272 530 309 408
883 280 915 307 s.
954 281 1179 308 Aucttsrffli
1214 281 1391 307 misem-1

443 346 643 392 vendidit
657 361 754 390 eum
769 361 778 386 ε
793 345 986 406 quamvis
997 344 1169 389 traditio
1179 344 1337 389 Christi
1352 345 1403 387 sit
1416 353 1558 388 nostra
1570 344 1824 403 receptio,et

445 418 604 464 Christi
619 417 812 461 venditio
824 417 877 460 sit
891 425 1034 460 nostra
1048 415 1301 476 redemptio.
1318 416 1384 460 Sic
1400 424 1441 458 et
1452 414 1512 458 illi
1526 415 1600 475 qui
1612 418 1825 473 Martyres

443 488 658 550 persecuti
673 496 794 540 sunt,
811 485 1111 546 persequendo
1127 486 1171 528 in
1186 495 1314 539 terra,
1330 486 1375 528 in
1391 485 1553 529 coelum
1568 485 1822 543 mittebant,

443 568 486 603 et
500 559 679 603 scientes
691 556 869 617 quidem
883 556 1103 615 praesentis
1115 555 1215 599 vitae
1228 555 1436 598 damnum
1451 555 1712 610 inferebant,
1735 570 1826 599 nes-

442 631 603 675 cientes
619 637 763 672 autem
778 628 938 670 suturae
956 627 1052 670 vitae
1066 625 1236 670 lucrum
1250 625 1826 686 conferebant.Quicumque

442 711 588 744 tamen
601 705 985 758 perseveraverunt
999 697 1042 739 in
1056 695 1156 740 odio
1178 697 1336 756 injusto
1351 697 1584 756 justorum,
1602 695 1755 740 reddet
1769 695 1827 740 eis

442 769 654 816 Dominus
679 767 920 811 secundum
942 766 1192 826 iniquitates
1222 782 1371 810 eorum
1390 776 1433 810 et
1453 766 1692 810 secundum
1709 766 1830 810 mali-

441 841 547 885 tiam
564 854 714 884 eorum
737 836 958 897 disperdet
979 853 1066 881 eos.
1097 837 1215 882 Sicut
1237 837 1353 880 enim
1376 835 1498 879 malis
1521 837 1644 880 obest
1657 836 1829 880 bonitas

438 913 655 973 justorum
674 945 685 963 ,
703 909 762 953 sic
784 909 910 952 bonis
941 907 1119 967 prodest
1141 907 1344 967 iniquitas
1365 907 1614 966 impiorum.
1643 909 1752 951 Nam
1787 915 1831 950 et

443 982 653 1027 Dominus
671 979 775 1023 dicit
795 998 803 1022 :
830 998 849 1020 «
873 980 973 1037 Ego}
985 978 1083 1022 veni
1099 1013 1110 1032 ,
1125 987 1174 1021 ut
1195 978 1269 1037 qui
1285 992 1371 1021 non
1385 976 1556 1031 vident,
1579 976 1771 1030 videant,
1788 985 1832 1020 et

443 1071 464 1094 »
500 1052 577 1112 qui
593 1051 742 1094 vident
754 1049 1037 1093 eaecifiant¹.»
1059 1048 1373 1107 EtApostolus,
1396 1046 1537 1091 «Aliis
1554 1045 1749 1105 quidem,
1771 1046 1831 1090 in-

441 1141 463 1165 »
498 1122 595 1182 quit
610 1155 620 1175 ,
642 1135 788 1164 sumus
809 1117 918 1162 odor
928 1118 1026 1162 vitae
1045 1117 1091 1161 in
1109 1119 1239 1161 vitam
1253 1153 1263 1171 ,
1283 1116 1374 1160 aliis
1391 1126 1535 1160 autem
1557 1116 1665 1160 odor
1684 1116 1832 1160 mortis

446 1211 465 1234 »
500 1192 545 1234 in
576 1192 808 1233 mortem‘2.
844 1206 865 1228 ³>
904 1186 1069 1231 Malitia
1102 1203 1205 1230 vero
1232 1186 1483 1246 iniquorum
1501 1221 1510 1239 ,
1537 1186 1705 1229 sinistra
1732 1194 1834 1229 sunt

443 1276 560 1305 arma
589 1260 808 1319 justorum
836 1276 844 1301 :
871 1257 983 1300 sicut
1003 1256 1119 1299 idem
1142 1255 1247 1300 dicit
1272 1255 1504 1315 Apostolus
1522 1290 1532 1308 ,
1564 1274 1584 1296 «
1609 1258 1690 1299 Per
1715 1270 1833 1299 arma

447 1350 467 1372 »
498 1329 676 1390 justitiae
690 1328 839 1371 dextra
861 1336 905 1371 et
927 1327 1111 1380 sinistra,
1138 1325 1185 1369 id
1202 1335 1280 1381 est,
1300 1341 1377 1385 per
1402 1325 1581 1384 gloriam
1602 1325 1833 1383 etignobi-

447 1420 468 1442 >›
504 1392 669 1444 litatem
685 1400 699 1424 ³
727 1419 738 1442 2
767 1418 783 1437 »
808 1406 939 1457 atque
960 1397 1019 1440 ita
1043 1396 1247 1456 deinceps
1275 1406 1430 1440 caetera
1453 1395 1680 1455 exequitur
1696 1430 1706 1449 ,
1735 1394 1835 1438 dex-

444 1482 509 1515 tra
532 1485 650 1514 arma
669 1468 991 1521 demonstrans,
1019 1466 1198 1525 gloriam
1222 1467 1312 1520 Dei,
1340 1465 1498 1509 famam
1521 1465 1698 1519 bonam,
1719 1465 1835 1508 veri-

444 1551 581 1586 tatem
611 1555 697 1599 qua
730 1537 1129 1595 cognoscebantur,
1168 1537 1288 1596 quod
1324 1536 1556 1589 vivebant,
1595 1534 1713 1594 quod
1747 1550 1836 1578 non

445 1609 822 1657 mortificabantur
836 1644 846 1663 ,
872 1607 990 1667 quod
1009 1607 1280 1665 gaudebant,
1297 1605 1416 1666 quod
1433 1605 1592 1649 multos
1609 1605 1833 1660 ditabant,

446 1681 567 1742 quod
590 1680 734 1724 omnia
748 1677 1026 1738 possidebant
1055 1697 1062 1721 :
1090 1678 1258 1721 sinistra
1272 1692 1396 1730 vcro,
1422 1676 1543 1735 quod
1562 1674 1775 1734 ignobiles
1795 1684 1837 1719 et

445 1752 572 1797 malae
600 1750 727 1794 famae
758 1749 1062 1802 habebantur,
1108 1748 1228 1807 quod
1260 1746 1507 1791 seductores
1541 1745 1834 1805 putabantur,

445 1822 566 1882 quod
597 1820 936 1878 ignorabantur,
971 1817 1286 1863 occidebantur
1305 1853 1316 1873 ,
1358 1817 1694 1872 coercebantur,
1731 1832 1838 1861 con-

446 1892 754 1944 tristabantur,
779 1905 902 1946 egere
931 1904 978 1933 ac
1009 1889 1119 1932 nibil
1142 1888 1303 1931 habere
1334 1889 1613 1932 videbantur.
1647 1890 1704 1931 Et
1730 1886 1838 1948 quid

447 1963 608 2006 mirum
629 1996 640 2016 ,
664 1961 696 2003 si
714 1959 872 2003 milites
895 1959 1053 2004 Christi
1076 1968 1119 2002 et
1140 1958 1298 2002 dextris
1321 1967 1362 2002 et
1391 1957 1568 2001 sinistris
1597 1957 1723 2001 armis
1746 1956 1839 2000 dia-

446 2030 598 2075 bolum
623 2031 905 2089 expugnant?
930 2029 1048 2073 Sicut
1065 2037 1211 2071 autem
1231 2043 1315 2087 pax
1338 2027 1587 2071 hominibus
1610 2027 1738 2070 bonae
1761 2042 1839 2070 vo-

444 2100 679 2154 luntatis⁴,
716 2109 759 2142 et
781 2099 958 2159 quando
988 2107 1090 2142 sunt
1117 2098 1211 2141 aliis
1240 2097 1348 2141 odor
1369 2098 1518 2140 mortis
1546 2097 1591 2139 in
1619 2105 1804 2140 mortem
1826 2115 1835 2140 ;

444 2172 504 2216 sic
525 2170 726 2214 interitus
744 2169 994 2213 hominibus
1017 2167 1141 2211 malfe
1163 2166 1398 2211 voluntatis
1414 2202 1424 2222 ,
1453 2176 1495 2210 ct
1519 2165 1695 2226 quando
1711 2166 1838 2225 justis

445 2257 564 2285 arma
586 2241 754 2284 sinistra
773 2248 875 2283 sunt
898 2239 952 2282 ad
975 2238 1173 2283 salutem.
1202 2241 1354 2297 Itaque
1372 2236 1525 2281 reddet
1554 2235 1637 2281 illis
1658 2252 1746 2280 non
1770 2251 1839 2280 se-

446 2312 640 2356 cundum
665 2319 856 2354 nostram
879 2309 1111 2352 utilitatem
1128 2343 1137 2361 ,
1170 2324 1268 2367 quae
1292 2307 1348 2351 de
1368 2307 1468 2367 ipsis
1490 2308 1562 2364 fit,
1584 2307 1659 2350 sed
1681 2322 1839 2351 secun-

445 2381 553 2425 dum
569 2381 762 2440 ipsorum
775 2379 1048 2440 iniquitatem
1061 2413 1071 2432 ,
1086 2394 1217 2439 quam
1232 2376 1455 2437 diligendo
1471 2377 1659 2421 oderunt
1673 2377 1839 2435 animas

445 2468 542 2496 suas
569 2472 577 2495 :
604 2461 646 2495 et
669 2467 757 2495 non
791 2449 1030 2494 secundum
1064 2449 1324 2493 beneficium
1358 2448 1478 2509 quod
1506 2448 1628 2491 nobis
1657 2447 1711 2491 de
1738 2447 1840 2506 ipsis

444 2531 651 2581 praestat,
677 2523 863 2565 honorat
886 2536 980 2574 eos,
1011 2521 1084 2580 qui
1103 2520 1232 2563 ctiam
1263 2518 1383 2562 malis
1419 2518 1531 2561 benc
1563 2518 1728 2575 utitur,
1761 2516 1836 2562 sed

495 2614 501 2626 ¹
523 2609 613 2637 Jonn
640 2617 679 2640 με,
701 2605 748 2647 ¹39.
783 2622 810 2627 -—
835 2612 846 2627 ²
866 2613 884 2634 ‘>.
901 2604 1156 2638 s:‹u·.n.1‹3.—
1177 2602 1190 2625 3
1216 2604 1249 2634 l·l
1286 2615 1327 2638 vi,
1347 2613 1376 2643 7.
1400 2620 1439 2623 ——-
1460 2601 1467 2628 ἰ
1486 2604 1561 2633 Luc.
1586 2613 1618 2638 ιι,
1644 2601 1678 2642 14
