1926 3339
458 263 541 303 474
883 274 916 303 S.
953 275 1181 304 Aucus‘mm
1213 275 1410 303 Emscom.

460 359 480 382 »
516 339 716 400 apparuit
737 340 846 400 quid
867 341 1026 385 erimus
1051 361 1060 386 ε
1088 341 1243 385 scimus
1259 340 1361 399 quia
1379 354 1479 384 cum
1497 341 1762 400 apparuerit,
1778 341 1837 386 si-

459 429 480 452 »
514 409 636 454 miles
654 411 691 454 ei
715 411 896 468 erimus3
919 412 1127 471 quoniam
1147 411 1392 455 videbimus
1414 425 1514 454 eum
1537 410 1663 455 sicuti
1684 413 1790 456 est¹.
1814 429 1836 454 »

454 481 524 527 Ad
545 482 657 525 hanc
681 481 890 525 visionem
912 491 1058 541 parate
1085 481 1216 525 corda
1244 491 1406 536 vestra,
1433 480 1487 525 ad
1515 482 1597 526 hoc
1631 481 1842 541 gaudium
1908 478 1916 483 ’

454 562 602 614 parate
625 553 788 596 animas
806 562 966 598 vestras
994 573 1002 597 :
1031 553 1253 613 quomodo
1272 553 1306 596 si
1327 551 1463 597 solem
1487 553 1618 598 vellet
1637 557 1751 599 Deus
1773 569 1842 599 os-

455 624 649 679 tendere,
675 633 873 668 moneret
889 633 940 668 ut
961 624 1111 668 oculos
1137 623 1342 683 pararetis
1364 623 1504 667 carnis
1531 642 1539 668 :
1560 624 1636 668 sed
1658 625 1761 685 quia
1781 641 1846 670 sa·
1908 617 1911 643 ⁷

455 695 632 756 pientiae
657 711 746 739 suae
779 696 967 755 speciem
994 695 1116 740 vobis
1158 694 1366 754 dignatur
1407 693 1657 750 ostendere,
1696 705 1846 755 parate

456 765 605 811 oculos
625 766 765 810 cordis
788 785 797 811 z
828 785 848 809 «
877 767 997 810 Beati
1026 766 1180 810 mundi
1201 764 1348 821 corde,
1369 765 1577 826 quoniam
1603 765 1682 825 ipsi
1706 768 1847 812 Deum

459 856 480 880 »
514 836 731 883 videbunt
743 841 775 882 2.
805 842 975 884 Memor
991 838 1076 883 fuit
1095 837 1399 883 misericordiae
1421 854 1510 882 suae
1531 837 1682 893 Jacob,
1708 847 1752 882 et
1771 853 1848 883 ve-

461 927 482 950 »
518 908 654 953 ritatis
671 924 760 953 suae
779 906 929 954 domui
952 909 1098 954 Israel.
1123 930 1141 951 »
1167 909 1269 963 Quis
1295 917 1359 953 est
1379 909 1457 953 iste
1475 908 1633 952 Israel?
1652 910 1716 954 Ne
1733 907 1847 954 forte
1912 917 1914 919 '

458 995 591 1024 unam
622 989 796 1038 gentem
825 980 985 1038 cogites
1015 979 1287 1036 Judaeorum,
1319 979 1421 1024 audi
1457 979 1578 1040 quod
1613 979 1843 1040 sequitur:

461 1070 481 1093 «
516 1050 731 1095 Viderunt
755 1066 904 1096 omnes
934 1052 1040 1094 fines
1070 1060 1194 1095 terrae
1218 1050 1404 1095 salutare
1426 1052 1497 1095 Dei
1528 1050 1677 1095 nostri.
1703 1068 1724 1092 »
1748 1053 1848 1096 Non
1912 1047 1920 1073 s

459 1120 626 1165 dictum
650 1130 729 1176 est,
747 1121 887 1166 omnis
905 1130 1019 1165 terra
1037 1139 1048 1173 ;
1068 1120 1159 1176 sed,
1181 1140 1200 1162 «
1219 1122 1381 1165 Omnes
1404 1122 1510 1165 fines
1520 1130 1671 1166 terrae:
1695 1140 1714 1164 »
1737 1136 1848 1181 quo-

459 1191 594 1237 modo
614 1190 795 1247 dicitur,
822 1208 845 1236 a
864 1193 1049 1236 termino
1070 1207 1210 1252 usque
1233 1191 1289 1235 ad
1308 1191 1558 1236 terminum.
1583 1195 1721 1237 Nemo
1737 1207 1845 1237 con-

458 1262 590 1318 cidat,
610 1278 740 1307 nemo
755 1262 934 1322 dissipet
949 1282 960 1308 ;
975 1262 1099 1308 fortis
1116 1272 1180 1307 est
1196 1262 1339 1307 unitas
1351 1262 1526 1308 Christi.
1549 1265 1708 1307 Totum
1723 1263 1844 1319 emit,

456 1335 533 1394 qui
555 1343 727 1378 tantum
751 1335 941 1394 pretium
964 1333 1101 1379 dedit.
1133 1353 1153 1376 «
1177 1333 1395 1378 Viderunt
1415 1349 1565 1379 omnes
1587 1335 1694 1378 fines
1721 1342 1848 1378 terrae
1900 1371 1905 1374 .

461 1425 479 1447 »
515 1403 703 1449 salutare
720 1405 797 1449 Dei
811 1405 962 1450 nostri.
987 1423 1008 1447 »

517 1479 594 1520 IV.
616 1476 726 1530 Quia
741 1491 842 1535 ergo
854 1475 1060 1521 viderunt
1077 1494 1085 1521 z
1105 1495 1125 1518 «
1142 1478 1165 1520 J
1170 1474 1334 1520 ubilate
1347 1478 1438 1520 Deo
1454 1476 1652 1520 universa
1667 1477 1844 1520 terra3.»

462 1550 560 1592 Jam
591 1548 726 1592 nostis
755 1548 864 1609 quid
894 1549 947 1593 sit
969 1548 1173 1609 jubilare.
1211 1547 1410 1593 Gaudete
1449 1557 1492 1592 et
1522 1548 1769 1608 loquimini.
1807 1548 1850 1593 Si
1916 1544 1918 1572 ἶ

461 1618 582 1679 quod
603 1619 799 1678 gaudetis
812 1619 935 1680 loqui
957 1635 1047 1664 non
1073 1619 1266 1679 potestis,
1286 1618 1473 1680 jubilate
1500 1638 1509 1663 :
1531 1617 1741 1678 gaudium
1759 1633 1852 1664 ves-
1916 1599 1920 1650 3

460 1699 578 1734 trum
602 1691 812 1750 exprimat
823 1690 1044 1750 jubilatio,
1065 1691 1099 1734 si
1116 1706 1206 1735 non
1227 1698 1371 1750 potest
1391 1689 1571 1734 locutio.
1596 1691 1695 1735 Non
1715 1689 1850 1734 sitta-
1916 1685 1921 1706 ³

461 1777 564 1806 men
580 1771 753 1806 mutum
778 1762 1010 1821 gaudium3
1042 1777 1116 1807 cor
1142 1778 1232 1807 non
1257 1770 1398 1806 taceat
1419 1765 1558 1806 Deum
1581 1776 1726 1817 suum,
1761 1777 1851 1806 non

462 1842 604 1877 taceat
623 1848 805 1877 munera
827 1833 936 1894 ejus.
971 1833 1013 1878 Si
1035 1833 1114 1877 tibi
1135 1832 1343 1894 loqueris,
1369 1832 1449 1876 tibi
1463 1841 1638 1877 sanatus
1655 1847 1699 1877 es
1725 1851 1734 1877 :
1758 1833 1792 1876 si
1813 1833 1852 1876 ei
1918 1872 1922 1879 .,

461 1913 504 1948 te
524 1904 691 1949 sanavit
712 1903 887 1948 dextera
909 1906 1020 1965 ejus,
1039 1905 1077 1948 ei
1107 1903 1287 1965 loquere
1308 1904 1380 1948 cui
1400 1913 1575 1948 sanatus
1596 1919 1655 1948 es.
1685 1922 1706 1946 «
1724 1903 1852 1948 Vide-

463 1992 485 2016 »
520 1983 623 2019 runt
656 1990 806 2019 omnes
835 1976 943 2020 fines
977 1985 1104 2021 terrae
1137 1974 1326 2020 salutare
1361 1975 1439 2020 Dei
1475 1975 1626 2020 nostri.
1660 1974 1852 2019 Jubilate
1918 2007 1921 2021 2

464 2062 484 2085 »
519 2049 605 2089 Deo
623 2045 822 2090 universa
844 2056 957 2090 terra
980 2065 989 2091 :
1007 2055 1195 2102 cantate,
1218 2055 1261 2090 et
1283 2046 1488 2101 exultate,
1507 2055 1551 2090 et
1562 2044 1748 2106 psallite.
1771 2064 1789 2086 »
1918 2043 1922 2050 ’

520 2118 574 2160 V.
604 2135 624 2158 «
648 2116 823 2161 Psallite
845 2118 1033 2162 Domino
1057 2120 1148 2162 Deo
1170 2126 1317 2162 nostro
1346 2117 1391 2160 in
1413 2117 1593 2172 cithara,
1619 2117 1665 2161 in
1687 2116 1853 2162 cithara

460 2204 481 2228 »
517 2196 560 2231 et
594 2202 701 2232 voce
731 2188 927 2248 psalmia
956 2206 977 2229 »
1024 2188 1219 2244 Psallite,
1248 2204 1338 2233 non
1366 2203 1473 2232 voce
1508 2188 1621 2246 sola3
1648 2188 1852 2232 assumite
1920 2233 1923 2237 ,

459 2272 607 2317 opera,
625 2268 675 2303 ut
693 2274 782 2303 non
804 2268 977 2303 tantum
997 2260 1193 2312 cantetis,
1220 2258 1295 2303 sed
1313 2268 1356 2303 et
1373 2259 1627 2318 operemini.
1649 2259 1735 2312 Qui
1755 2273 1854 2304 can·
1920 2301 1922 2303 ,

459 2337 522 2372 tat
539 2338 581 2372 et
605 2339 826 2388 operatur,
849 2329 991 2390 psallit
1005 2330 1050 2374 in
1063 2331 1227 2374 cithara
1244 2330 1346 2373 etin
1361 2329 1579 2389 psalterio.

518 2401 595 2443 VI.
623 2402 680 2443 Et
695 2400 795 2444 vide
814 2400 959 2461 qualia
984 2416 1147 2460 organa
1171 2401 1471 2461 adjunguntur
1487 2401 1532 2444 in
1556 2399 1853 2444 similitudini-

465 2468 548 2514 bus
575 2489 583 2514 :
614 2489 633 2511 «
655 2473 705 2515 ln
727 2471 844 2516 tubis
865 2471 1103 2517 ductilibus
1121 2482 1163 2516 et
1184 2487 1290 2517 voce
1314 2473 1434 2515 tubae
1453 2474 1668 2516 corneaef‘.
1692 2489 1712 2513 »
1739 2471 1855 2524 Quid
1919 2482 1922 2484 ’

513 2571 523 2588 ¹
552 2577 565 2596 1
586 2567 758 2607 Joan.u1‚
781 2575 813 2598 2.
838 2583 876 2590 -
897 2567 1039 2600 ²Matth.
1063 2579 1108 2609 v,
1128 2568 1161 2601 8.
1185 2584 1226 2589 ——
1251 2566 1263 2589 3
1291 2567 1372 2600 Psal.
1392 2578 1484 2609 xcvii,
1512 2566 1543 2608 4.
1567 2585 1607 2590 -
1626 2565 1737 2599 41bid.
1761 2566 1792 2598 5.
1813 2583 1855 2589 —
1919 2592 1923 2598 .

462 2620 476 2644 5
495 2620 577 2654 lbid.
595 2621 628 2653 6.
