1926 3339
404 294 642 322 ENARRATio
669 295 717 320 -IN
750 292 953 322 PSALMUM
988 296 1154 321 Lxxxn.
1378 287 1457 324 135

81 360 332 416 philistiim,
366 361 485 421 quod
517 361 842 419 interpretatur,
868 359 1081 406 Cadentcs
1102 360 1303 419 potione,
1337 362 1458 405 velut

77 446 186 491 quos
214 430 316 475 fecit
338 431 477 475 ebrios
497 431 667 475 luxuria
688 430 918 475 saecularis.
954 433 1091 487 Tyrus
1111 430 1261 488 lingua
1282 431 1457 475 hebraea

77 501 235 546 dicitur
253 504 331 546 Sor
358 521 366 546 ;
386 501 506 561 quod
528 502 615 546 sive
637 501 833 559 angustia
849 536 859 555 ‚
885 501 973 545 sive
996 500 1221 545 tribulatio
1243 502 1458 560 interpre-

76 581 206 626 tetur,
233 571 472 616 secundum
496 572 605 616 illud
627 571 927 630 accipiendum
950 581 1013 616 est
1029 572 1074 616 in
1096 572 1160 615 his
1179 572 1360 616 inimicis
1380 588 1460 631 po-

75 642 168 702 puli
190 642 289 695 Dei,
315 642 435 702 quod
455 643 514 686 ait
534 642 768 701 Apostolus
795 661 803 686 :
834 662 854 684 «
873 642 1113 686 Tribulatio
1131 651 1173 685 et
1195 643 1392 700 angustia
1414 643 1459 686 in

77 730 99 754 »
133 728 307 757 omnem
335 714 524 757 animam
552 713 739 757 hominis
772 713 989 771 operantis
1012 713 1174 756 malum
1194 715 1224 755 ¹.
1252 731 1271 753 »
1299 714 1460 756 Omnes

74 799 176 842 ergo
205 784 251 828 hi
275 784 334 828 sic
356 794 668 828 enumerantur
688 785 732 827 in
761 785 844 828 hoc
868 783 1068 827 Psalmo-2
1106 803 1126 825 «
1160 784 1457 828 Tabernacula

76 871 97 895 »
130 853 426 899 Idumaeorum
448 864 491 898 et
513 854 761 907 Isma'elitae,
791 853 922 897 Moab
947 862 991 897 et
1010 854 1197 912 Agareni
1213 889 1224 907 ,
1257 853 1393 897 Gebal
1416 863 1459 898 et

50 941 96 966 .»
130 927 275 969 Arnon
302 934 346 969 et
376 924 585 971 Amalech
607 959 618 979 ,
654 933 698 968 et
730 923 982 981 alienigenae
1022 938 1124 967 cum
1156 923 1458 968 habitantibus

75 1012 96 1036 ))
133 997 338 1052 ΤΥΓΠΠΙῬ.
363 1012 383 1035 >)

128 1067 253 1110 VIII.
275 1069 332 1110 Et
354 1074 562 1125 tanquam
584 1064 780 1110 indicans
805 1080 977 1109 causam
996 1100 1007 1119 ‚
1032 1080 1167 1125 quare
1190 1064 1274 1109 sint
1292 1064 1458 1109 inimici

71 1137 236 1198 populo
259 1138 351 1192 Dei,
379 1137 579 1198 adjungit
602 1147 644 1181 et
666 1137 771 1182 dicit
792 1156 799 1181 :
825 1136 1036 1181 «Etenim
1059 1139 1193 1180 Assur
1214 1136 1334 1180 venit
1355 1152 1457 1181 cum

71 1226 92 1249 »
126 1207 209 1251 illis
228 1209 259 1251 3.
286 1225 307 1248 »
333 1210 467 1251 Assur
490 1216 637 1252 autem
660 1222 739 1266 pro
757 1207 850 1266 ipso
869 1206 1045 1251 diabolo
1067 1207 1249 1264 figurate
1270 1206 1456 1266 intelligi

68 1279 192 1334 solet,
217 1279 294 1339 qui
316 1288 522 1338 operatur
545 1280 589 1322 in
612 1278 709 1322 filiis
726 1278 982 1322 diffidentiae
998 1280 1030 1328 4,
1054 1287 1260 1337 tanquam
1284 1278 1329 1321 in
1347 1278 1457 1322 vasis

67 1350 153 1395 suis
169 1385 180 1405 ‚
203 1360 253 1394 ut
267 1359 525 1410 oppugnent
542 1349 757 1410 populum
776 1350 868 1393 Dei.
898 1368 918 1391 «
944 1349 1065 1394 Facti
1083 1358 1184 1393 sunt
1201 1384 1212 1403 ‚
1233 1349 1392 1409 inquit,
1409 1350 1456 1393 in

68 1439 90 1463 »
126 1420 392 1481 adjutorium
423 1421 521 1465 tiliis
545 1425 641 1465 Lot.
669 1421 780 1475 Quia
807 1436 958 1465 omnes
974 1420 1162 1474 inimici,
1188 1429 1394 1479 operante
1409 1421 1455 1464 in

65 1507 109 1536 se
129 1492 327 1551 principe
356 1508 434 1535 suo
457 1492 655 1545 diabolo,
685 1510 704 1533 «
732 1491 852 1535 Facti
874 1500 976 1534 sunt
997 1491 1043 1533 in
1067 1490 1333 1549 adjutorium
1356 1489 1455 1534 filiis

67 1580 88 1604 »
123 1565 223 1616 Lot,
239 1562 347 1622 »qui
369 1562 695 1621 interpretatur,
720 1561 965 1605 Declinans.
982 1560 1138 1619 Angeli
1162 1569 1306 1605 autem
1331 1575 1454 1619 apos-

64 1634 181 1679 tatici
197 1634 310 1678 bene
327 1634 633 1692 intelliguntur
654 1643 863 1693 tanquam
883 1631 959 1676 filii
981 1631 1282 1676 declinationis
1305 1651 1313 1676 :
1335 1647 1359 1675 a
1380 1647 1455 1675 ve-

64 1705 188 1749 ritate
210 1705 373 1765 quippe
398 1704 662 1750 declinando
678 1740 689 1759 ,
716 1705 763 1748 in
784 1703 1036 1748 satellitium
1059 1703 1223 1748 diaboli
1245 1703 1453 1748 discesse-

64 1784 181 1819 runt.
205 1776 259 1818 Hi
280 1785 382 1820 sunt
403 1776 457 1819 de
479 1776 639 1835 quibus
661 1775 767 1819 dicit
788 1774 1020 1834 Apostolus
1042 1794 1051 1820 :
1082 1794 1102 1817 «
1126 1778 1224 1820 Non
1246 1783 1309 1818 est
1330 1774 1454 1819 vobis

66 1863 86 1886 »
121 1844 371 1889 colluctatio
389 1846 594 1890 adversus
612 1861 786 1890 carnem
805 1855 848 1889 et
870 1847 1143 1905 sanguinem,
1159 1844 1234 1890 sed
1250 1844 1454 1889 adversus

67 1934 87 1957 »
122 1916 338 1975 principes
374 1926 416 1959 et
444 1926 675 1975 potestates
707 1926 750 1960 et
784 1926 971 1961 rectores
994 1916 1148 1961 mundi
1174 1915 1453 1960 tenebrarum

64 2004 85 2028 »
121 1987 274 2030 harum
292 2021 303 2041 ,
340 1986 542 2031 adversus
565 1986 771 2046 spiritalia
794 1987 1002 2047 nequitiae
1030 1987 1075 2031 in
1099 1986 1401 2031 coelestibus-‘¹3³
1427 2004 1448 2027 »

62 2059 337 2116 Quapropter
356 2057 457 2102 istos
473 2056 706 2101 invisibiles
724 2057 920 2102 inimicos
941 2057 1148 2118 adjuvant
1162 2058 1361 2102 homines
1384 2057 1452 2101 in-

62 2126 235 2183 fideles,
267 2128 312 2172 in
335 2128 495 2187 quibus
528 2137 764 2187 operantur
785 2127 840 2171 ad
866 2127 1212 2187 oppugnandum
1235 2127 1452 2187 populum

61 2199 153 2243 Dei.

119 2273 198 2315 IX.
222 2273 317 2316 Jam
343 2287 461 2316 nunc
481 2270 708 2316 videamus
734 2271 843 2331 quid
870 2271 1136 2331 imprecetur
1166 2271 1449 2331 propheticus

59 2343 258 2402 spiritus,
292 2343 424 2400 magis
451 2343 691 2402 praedicens
713 2358 846 2403 quam
876 2343 1155 2388 maledicens.
1186 2363 1204 2385 «
1227 2346 1315 2388 Fac
1336 2342 1444 2397 illis,

62 2429 82 2453 n
112 2412 258 2473 inquit
273 2448 284 2468 ,
305 2413 417 2457 sicut
437 2413 629 2458 Madiam
647 2422 690 2457 et
711 2414 878 2468 sisarae,
904 2414 1015 2458 sicut
1033 2417 1055 2458 J
1062 2414 1164 2459 abin
1186 2414 1232 2458 in
1254 2423 1449 2458 torrente

62 2500 82 2524 n
119 2484 265 2528 Cison.
291 2484 588 2544 Disperierunt
608 2485 653 2528 in
674 2484 846 2540 Endor‚
870 2483 974 2529 sacti
993 2494 1094 2529 sunt
1112 2494 1162 2529 ut
1182 2495 1345 2529 stercus
1363 2494 1452 2528 ter-

107 2587 115 2602 ¹
136 2582 228 2612 Rom.
245 2592 266 2614 n
282 2606 290 2622 ,
308 2592 342 2623 9.
362 2599 403 2604 -
423 2588 435 2604 ²
466 2582 545 2614 Psal.
578 2593 679 2614 Lxxxu
696 2607 705 2624 ‚
737 2581 769 2614 8.
793 2598 835 2605 -
854 2579 868 2604 3
887 2582 968 2614 Ibid.
997 2593 1030 2624 9.
1056 2600 1097 2606 —
1117 2581 1132 2612 4
1151 2582 1264 2625 Eplies.
1285 2594 1332 2623 11,
1352 2591 1385 2614 2.
1408 2599 1449 2606 -

61 2633 76 2657 ⁵
95 2636 208 2677 EpheS.
226 2647 274 2676 Vl,
299 2646 348 2668 12.
