<?xml version="1.0" encoding="UTF-8"?>
<!DOCTYPE html PUBLIC "-//W3C//DTD XHTML 1.0 Transitional//EN"
    "http://www.w3.org/TR/xhtml1/DTD/xhtml1-transitional.dtd">
<html xmlns="http://www.w3.org/1999/xhtml" xml:lang="en" lang="en">
 <head>
  <title>
</title>
<meta http-equiv="Content-Type" content="text/html;charset=utf-8" />
  <meta name='ocr-system' content='tesseract 3.04.00' />
  <meta name='ocr-capabilities' content='ocr_page ocr_carea ocr_par ocr_line ocrx_word'/>
</head>
<body>
  <div class='ocr_page' id='page_1' title='image "./operaomniaaccura10auguuoft_0342.png"; bbox 0 0 1926 3339; ppageno 0'>
   <div class='ocr_carea' id='block_1_1' title="bbox 1873 0 1913 329">
    <p class='ocr_par' dir='ltr' id='par_1_1' title="bbox 1873 0 1913 329">
     <span class='ocr_line' id='line_1_1' title="bbox 1873 0 1913 329; baseline 0 0"><span class='ocrx_word' id='word_1_1' title='bbox 1873 0 1913 329; x_wconf 95' lang='lat' dir='ltr'>   </span> 
     </span>
    </p>
   </div>
   <div class='ocr_carea' id='block_1_2' title="bbox 1881 143 1886 306">
    <p class='ocr_par' dir='ltr' id='par_1_2' title="bbox 1881 143 1886 306">
     <span class='ocr_line' id='line_1_2' title="bbox 1881 143 1886 306; baseline 0 -15"><span class='ocrx_word' id='word_1_2' title='bbox 1881 143 1886 306; x_wconf 61' lang='grc' dir='ltr'>ᾗ</span> 
     </span>
    </p>
   </div>
   <div class='ocr_carea' id='block_1_3' title="bbox 465 339 1926 2692">
    <p class='ocr_par' dir='ltr' id='par_1_3' title="bbox 465 339 1926 2702">
     <span class='ocr_line' id='line_1_3' title="bbox 467 339 1912 437; baseline -0.001 -16"><span class='ocrx_word' id='word_1_3' title='bbox 467 387 511 422; x_wconf 85' lang='lat' dir='ltr'>et</span> <span class='ocrx_word' id='word_1_4' title='bbox 530 375 733 437; x_wconf 86' lang='lat' dir='ltr'>quaedam</span> <span class='ocrx_word' id='word_1_5' title='bbox 753 375 1022 435; x_wconf 81' lang='lat' dir='ltr'>iniquitates,</span> <span class='ocrx_word' id='word_1_6' title='bbox 1046 376 1102 420; x_wconf 92' lang='lat' dir='ltr'>de</span> <span class='ocrx_word' id='word_1_7' title='bbox 1126 376 1283 436; x_wconf 89' lang='lat' dir='ltr'>quibus</span> <span class='ocrx_word' id='word_1_8' title='bbox 1300 375 1478 437; x_wconf 85' lang='lat' dir='ltr'>quidem</span> <span class='ocrx_word' id='word_1_9' title='bbox 1495 374 1701 419; x_wconf 84' lang='lat' dir='ltr'>disserere</span> <span class='ocrx_word' id='word_1_10' title='bbox 1717 384 1847 436; x_wconf 83' lang='lat' dir='ltr'>atque</span> <span class='ocrx_word' id='word_1_11' title='bbox 1883 339 1912 425; x_wconf 68' lang='lat' dir='ltr'>it</span> 
     </span>
     <span class='ocr_line' id='line_1_4' title="bbox 466 436 1912 526; baseline -0.001 -35"><span class='ocrx_word' id='word_1_12' title='bbox 466 445 646 491; x_wconf 81' lang='lat' dir='ltr'>definire</span> <span class='ocrx_word' id='word_1_13' title='bbox 662 480 673 501; x_wconf 87' lang='lat'>‚</span> <span class='ocrx_word' id='word_1_14' title='bbox 698 454 773 490; x_wconf 88' lang='lat' dir='ltr'>aut</span> <span class='ocrx_word' id='word_1_15' title='bbox 793 445 1058 505; x_wconf 87' lang='lat' dir='ltr'>impossibile</span> <span class='ocrx_word' id='word_1_16' title='bbox 1077 447 1203 490; x_wconf 91' lang='lat' dir='ltr'>nobis</span> <span class='ocrx_word' id='word_1_17' title='bbox 1220 455 1308 503; x_wconf 81' lang='lat' dir='ltr'>est3</span> <span class='ocrx_word' id='word_1_18' title='bbox 1333 454 1406 490; x_wconf 84' lang='lat' dir='ltr'>aut</span> <span class='ocrx_word' id='word_1_19' title='bbox 1422 445 1455 489; x_wconf 93' lang='lat' dir='ltr'>si</span> <span class='ocrx_word' id='word_1_20' title='bbox 1473 446 1565 506; x_wconf 85' lang='lat' dir='ltr'>jam</span> <span class='ocrx_word' id='word_1_21' title='bbox 1585 454 1695 489; x_wconf 88' lang='lat' dir='ltr'>esset</span> <span class='ocrx_word' id='word_1_22' title='bbox 1712 445 1848 504; x_wconf 83' lang='lat' dir='ltr'>possi·</span> <span class='ocrx_word' id='word_1_23' title='bbox 1883 436 1912 526; x_wconf 62' lang='lat'>{3</span> 
     </span>
     <span class='ocr_line' id='line_1_5' title="bbox 465 511 1913 595; baseline -0.002 -34"><span class='ocrx_word' id='word_1_24' title='bbox 465 516 578 572; x_wconf 86' lang='lat' dir='ltr'>bile,</span> <span class='ocrx_word' id='word_1_25' title='bbox 606 525 723 560; x_wconf 91' lang='lat' dir='ltr'>certe</span> <span class='ocrx_word' id='word_1_26' title='bbox 743 516 929 575; x_wconf 82' lang='lat' dir='ltr'>tempori</span> <span class='ocrx_word' id='word_1_27' title='bbox 950 515 1133 574; x_wconf 80' lang='lat' dir='ltr'>longum</span> <span class='ocrx_word' id='word_1_28' title='bbox 1160 525 1285 560; x_wconf 91' lang='lat' dir='ltr'>esset.</span> <span class='ocrx_word' id='word_1_29' title='bbox 1317 518 1454 560; x_wconf 89' lang='lat' dir='ltr'>Nemo</span> <span class='ocrx_word' id='word_1_30' title='bbox 1478 515 1595 559; x_wconf 88' lang='lat' dir='ltr'>enim</span> <span class='ocrx_word' id='word_1_31' title='bbox 1622 523 1765 574; x_wconf 88' lang='lat' dir='ltr'>potest</span> <span class='ocrx_word' id='word_1_32' title='bbox 1785 512 1852 558; x_wconf 82' lang='lat' dir='ltr'>di·-</span> <span class='ocrx_word' id='word_1_33' title='bbox 1884 511 1913 595; x_wconf 61' lang='grc' dir='ltr'>μ</span> 
     </span>
     <span class='ocr_line' id='line_1_6' title="bbox 466 577 1913 646; baseline -0.001 -16"><span class='ocrx_word' id='word_1_34' title='bbox 466 601 563 631; x_wconf 88' lang='lat' dir='ltr'>cere</span> <span class='ocrx_word' id='word_1_35' title='bbox 584 601 675 630; x_wconf 87' lang='lat' dir='ltr'>esse</span> <span class='ocrx_word' id='word_1_36' title='bbox 689 602 734 630; x_wconf 88' lang='lat' dir='ltr'>se</span> <span class='ocrx_word' id='word_1_37' title='bbox 755 586 844 631; x_wconf 88' lang='lat' dir='ltr'>sine</span> <span class='ocrx_word' id='word_1_38' title='bbox 867 595 1042 646; x_wconf 89' lang='lat' dir='ltr'>peccato</span> <span class='ocrx_word' id='word_1_39' title='bbox 1065 605 1074 630; x_wconf 75' lang='grc' dir='ltr'>ε</span> <span class='ocrx_word' id='word_1_40' title='bbox 1094 586 1196 646; x_wconf 89' lang='lat' dir='ltr'>quia</span> <span class='ocrx_word' id='word_1_41' title='bbox 1219 586 1253 630; x_wconf 91' lang='lat' dir='ltr'>si</span> <span class='ocrx_word' id='word_1_42' title='bbox 1278 584 1435 629; x_wconf 79' lang='lat' dir='ltr'>dixerit</span> <span class='ocrx_word' id='word_1_43' title='bbox 1452 621 1463 640; x_wconf 79' lang='lat'>‚</span> <span class='ocrx_word' id='word_1_44' title='bbox 1484 585 1735 629; x_wconf 84' lang='lat' dir='ltr'>mentietur.</span> <span class='ocrx_word' id='word_1_45' title='bbox 1762 603 1783 626; x_wconf 87' lang='lat'>«</span> <span class='ocrx_word' id='word_1_46' title='bbox 1809 583 1852 629; x_wconf 87' lang='lat' dir='ltr'>Si</span> <span class='ocrx_word' id='word_1_47' title='bbox 1884 577 1913 633; x_wconf 67' lang='lat' dir='ltr'>zi</span> 
     </span>
     <span class='ocr_line' id='line_1_7' title="bbox 471 646 1915 716; baseline 0.001 -19"><span class='ocrx_word' id='word_1_48' title='bbox 471 675 492 699; x_wconf 89' lang='lat'>»</span> <span class='ocrx_word' id='word_1_49' title='bbox 527 657 644 701; x_wconf 87' lang='lat' dir='ltr'>enim</span> <span class='ocrx_word' id='word_1_50' title='bbox 659 656 894 700; x_wconf 79' lang='lat' dir='ltr'>dixerimus</span> <span class='ocrx_word' id='word_1_51' title='bbox 909 656 1010 716; x_wconf 84' lang='lat' dir='ltr'>quia</span> <span class='ocrx_word' id='word_1_52' title='bbox 1032 664 1259 715; x_wconf 85' lang='lat' dir='ltr'>peccatum</span> <span class='ocrx_word' id='word_1_53' title='bbox 1276 671 1366 700; x_wconf 90' lang='lat' dir='ltr'>non</span> <span class='ocrx_word' id='word_1_54' title='bbox 1382 655 1619 710; x_wconf 81' lang='lat' dir='ltr'>habemus⁷</span> <span class='ocrx_word' id='word_1_55' title='bbox 1642 669 1721 698; x_wconf 90' lang='lat' dir='ltr'>nos</span> <span class='ocrx_word' id='word_1_56' title='bbox 1742 654 1852 713; x_wconf 76' lang='lat' dir='ltr'>ipsos</span> <span class='ocrx_word' id='word_1_57' title='bbox 1885 646 1915 702; x_wconf 66' lang='lat' dir='ltr'>li</span> 
     </span>
     <span class='ocr_line' id='line_1_8' title="bbox 469 714 1913 784; baseline 0 -13"><span class='ocrx_word' id='word_1_58' title='bbox 469 726 731 777; x_wconf 83' lang='lat' dir='ltr'>seducimus,</span> <span class='ocrx_word' id='word_1_59' title='bbox 756 736 800 771; x_wconf 82' lang='lat' dir='ltr'>et</span> <span class='ocrx_word' id='word_1_60' title='bbox 819 727 974 771; x_wconf 83' lang='lat' dir='ltr'>veritas</span> <span class='ocrx_word' id='word_1_61' title='bbox 988 726 1033 770; x_wconf 89' lang='lat' dir='ltr'>in</span> <span class='ocrx_word' id='word_1_62' title='bbox 1056 725 1181 769; x_wconf 91' lang='lat' dir='ltr'>nobis</span> <span class='ocrx_word' id='word_1_63' title='bbox 1204 741 1294 770; x_wconf 91' lang='lat' dir='ltr'>non</span> <span class='ocrx_word' id='word_1_64' title='bbox 1311 734 1374 769; x_wconf 90' lang='lat' dir='ltr'>est</span> <span class='ocrx_word' id='word_1_65' title='bbox 1390 727 1432 768; x_wconf 81' lang='lat'>¹?</span> <span class='ocrx_word' id='word_1_66' title='bbox 1452 745 1469 766; x_wconf 91' lang='lat'>»</span> <span class='ocrx_word' id='word_1_67' title='bbox 1487 727 1603 783; x_wconf 83' lang='lat' dir='ltr'>Ergo</span> <span class='ocrx_word' id='word_1_68' title='bbox 1628 724 1856 784; x_wconf 86' lang='lat' dir='ltr'>unusquis·</span> <span class='ocrx_word' id='word_1_69' title='bbox 1885 714 1913 771; x_wconf 70' lang='lat' dir='ltr'>ii</span> 
     </span>
     <span class='ocr_line' id='line_1_9' title="bbox 470 788 1917 858; baseline -0.003 -16"><span class='ocrx_word' id='word_1_70' title='bbox 470 813 555 857; x_wconf 87' lang='lat' dir='ltr'>que</span> <span class='ocrx_word' id='word_1_71' title='bbox 578 813 658 858; x_wconf 89' lang='lat' dir='ltr'>pro</span> <span class='ocrx_word' id='word_1_72' title='bbox 681 798 866 857; x_wconf 88' lang='lat' dir='ltr'>peccatis</span> <span class='ocrx_word' id='word_1_73' title='bbox 887 798 972 841; x_wconf 89' lang='lat' dir='ltr'>suis</span> <span class='ocrx_word' id='word_1_74' title='bbox 991 795 1228 840; x_wconf 86' lang='lat' dir='ltr'>necessario</span> <span class='ocrx_word' id='word_1_75' title='bbox 1251 794 1524 855; x_wconf 78' lang='lat' dir='ltr'>flagellatur3</span> <span class='ocrx_word' id='word_1_76' title='bbox 1548 794 1623 839; x_wconf 90' lang='lat' dir='ltr'>sed</span> <span class='ocrx_word' id='word_1_77' title='bbox 1653 794 1708 839; x_wconf 89' lang='lat' dir='ltr'>ab</span> <span class='ocrx_word' id='word_1_78' title='bbox 1726 809 1798 847; x_wconf 84' lang='lat' dir='ltr'>eo,</span> <span class='ocrx_word' id='word_1_79' title='bbox 1821 793 1856 839; x_wconf 86' lang='lat' dir='ltr'>si</span> <span class='ocrx_word' id='word_1_80' title='bbox 1886 788 1917 844; x_wconf 71' lang='grc' dir='ltr'>ξε.</span> 
     </span>
     <span class='ocr_line' id='line_1_10' title="bbox 470 856 1900 925; baseline -0.001 -13"><span class='ocrx_word' id='word_1_81' title='bbox 470 869 738 913; x_wconf 83' lang='lat' dir='ltr'>Christianus</span> <span class='ocrx_word' id='word_1_82' title='bbox 761 877 847 923; x_wconf 80' lang='lat' dir='ltr'>e-st,</span> <span class='ocrx_word' id='word_1_83' title='bbox 879 868 955 911; x_wconf 87' lang='lat' dir='ltr'>Dei</span> <span class='ocrx_word' id='word_1_84' title='bbox 977 866 1268 911; x_wconf 87' lang='lat' dir='ltr'>misericordia</span> <span class='ocrx_word' id='word_1_85' title='bbox 1294 881 1384 910; x_wconf 89' lang='lat' dir='ltr'>non</span> <span class='ocrx_word' id='word_1_86' title='bbox 1412 866 1692 925; x_wconf 84' lang='lat' dir='ltr'>dispergitur.</span> <span class='ocrx_word' id='word_1_87' title='bbox 1726 856 1856 909; x_wconf 66' lang='lat' dir='ltr'>Plane</span> <span class='ocrx_word' id='word_1_88' title='bbox 1886 882 1900 911; x_wconf 73' lang='lat' dir='ltr'>tv</span> 
     </span>
     <span class='ocr_line' id='line_1_11' title="bbox 472 927 1891 998; baseline -0.001 -16"><span class='ocrx_word' id='word_1_89' title='bbox 472 939 507 983; x_wconf 88' lang='lat' dir='ltr'>si</span> <span class='ocrx_word' id='word_1_90' title='bbox 526 939 573 982; x_wconf 92' lang='lat' dir='ltr'>in</span> <span class='ocrx_word' id='word_1_91' title='bbox 589 947 730 983; x_wconf 89' lang='lat' dir='ltr'>tantas</span> <span class='ocrx_word' id='word_1_92' title='bbox 742 939 841 983; x_wconf 89' lang='lat' dir='ltr'>ieris</span> <span class='ocrx_word' id='word_1_93' title='bbox 863 937 1128 998; x_wconf 77' lang='lat' dir='ltr'>iniquitates,</span> <span class='ocrx_word' id='word_1_94' title='bbox 1149 946 1199 981; x_wconf 87' lang='lat' dir='ltr'>ut</span> <span class='ocrx_word' id='word_1_95' title='bbox 1214 936 1396 996; x_wconf 87' lang='lat' dir='ltr'>repellas</span> <span class='ocrx_word' id='word_1_96' title='bbox 1418 952 1442 980; x_wconf 91' lang='lat' dir='ltr'>a</span> <span class='ocrx_word' id='word_1_97' title='bbox 1464 945 1506 980; x_wconf 85' lang='lat' dir='ltr'>te</span> <span class='ocrx_word' id='word_1_98' title='bbox 1522 935 1688 995; x_wconf 83' lang='lat' dir='ltr'>virgam</span> <span class='ocrx_word' id='word_1_99' title='bbox 1705 927 1858 980; x_wconf 55' lang='lat' dir='ltr'>verbess</span> <span class='ocrx_word' id='word_1_100' title='bbox 1886 943 1891 981; x_wconf 74' lang='grc' dir='ltr'><strong>ἱ</strong></span> 
     </span>
     <span class='ocr_line' id='line_1_12' title="bbox 472 981 1918 1067; baseline -0.002 -14"><span class='ocrx_word' id='word_1_101' title='bbox 472 1009 628 1064; x_wconf 77' lang='lat' dir='ltr'>rantis,</span> <span class='ocrx_word' id='word_1_102' title='bbox 662 1010 695 1053; x_wconf 89' lang='lat' dir='ltr'>si</span> <span class='ocrx_word' id='word_1_103' title='bbox 727 1007 910 1067; x_wconf 84' lang='lat' dir='ltr'>repellas</span> <span class='ocrx_word' id='word_1_104' title='bbox 936 1023 1115 1051; x_wconf 89' lang='lat' dir='ltr'>manum</span> <span class='ocrx_word' id='word_1_105' title='bbox 1149 1005 1406 1066; x_wconf 82' lang='lat' dir='ltr'>flagellantis</span> <span class='ocrx_word' id='word_1_106' title='bbox 1425 1042 1436 1062; x_wconf 81' lang='lat'>‚</span> <span class='ocrx_word' id='word_1_107' title='bbox 1475 1015 1519 1050; x_wconf 88' lang='lat' dir='ltr'>et</span> <span class='ocrx_word' id='word_1_108' title='bbox 1549 1005 1604 1050; x_wconf 92' lang='lat' dir='ltr'>de</span> <span class='ocrx_word' id='word_1_109' title='bbox 1634 1003 1858 1065; x_wconf 79' lang='lat' dir='ltr'>disciplina</span> <span class='ocrx_word' id='word_1_110' title='bbox 1887 981 1918 1064; x_wconf 53' lang='lat' dir='ltr'>{i</span> 
     </span>
     <span class='ocr_line' id='line_1_13' title="bbox 473 1067 1919 1139; baseline -0.002 -15"><span class='ocrx_word' id='word_1_111' title='bbox 473 1081 549 1125; x_wconf 86' lang='lat' dir='ltr'>Dei</span> <span class='ocrx_word' id='word_1_112' title='bbox 575 1080 834 1139; x_wconf 77' lang='lat' dir='ltr'>indigneris,</span> <span class='ocrx_word' id='word_1_113' title='bbox 867 1087 910 1123; x_wconf 90' lang='lat' dir='ltr'>et</span> <span class='ocrx_word' id='word_1_114' title='bbox 935 1078 1074 1138; x_wconf 84' lang='lat' dir='ltr'>fugias</span> <span class='ocrx_word' id='word_1_115' title='bbox 1098 1095 1122 1122; x_wconf 93' lang='lat' dir='ltr'>a</span> <span class='ocrx_word' id='word_1_116' title='bbox 1151 1088 1275 1138; x_wconf 87' lang='lat' dir='ltr'>patre</span> <span class='ocrx_word' id='word_1_117' title='bbox 1300 1078 1523 1132; x_wconf 70' lang='lat' dir='ltr'>caedente,</span> <span class='ocrx_word' id='word_1_118' title='bbox 1549 1086 1593 1122; x_wconf 85' lang='lat' dir='ltr'>et</span> <span class='ocrx_word' id='word_1_119' title='bbox 1619 1075 1730 1121; x_wconf 81' lang='lat' dir='ltr'>nolis</span> <span class='ocrx_word' id='word_1_120' title='bbox 1761 1082 1860 1121; x_wconf 87' lang='lat' dir='ltr'>eum</span> <span class='ocrx_word' id='word_1_121' title='bbox 1887 1067 1919 1123; x_wconf 62' lang='lat' dir='ltr'>ii</span> 
     </span>
     <span class='ocr_line' id='line_1_14' title="bbox 472 1145 1892 1213; baseline -0.004 -16"><span class='ocrx_word' id='word_1_122' title='bbox 472 1163 641 1213; x_wconf 85' lang='lat' dir='ltr'>patrem</span> <span class='ocrx_word' id='word_1_123' title='bbox 662 1152 753 1212; x_wconf 85' lang='lat' dir='ltr'>pati</span> <span class='ocrx_word' id='word_1_124' title='bbox 767 1187 778 1207; x_wconf 76' lang='lat'>,</span> <span class='ocrx_word' id='word_1_125' title='bbox 799 1152 901 1211; x_wconf 89' lang='lat' dir='ltr'>quia</span> <span class='ocrx_word' id='word_1_126' title='bbox 922 1166 1013 1195; x_wconf 92' lang='lat' dir='ltr'>non</span> <span class='ocrx_word' id='word_1_127' title='bbox 1034 1151 1174 1211; x_wconf 86' lang='lat' dir='ltr'>parcit</span> <span class='ocrx_word' id='word_1_128' title='bbox 1194 1150 1420 1212; x_wconf 82' lang='lat' dir='ltr'>peccanti3</span> <span class='ocrx_word' id='word_1_129' title='bbox 1442 1159 1493 1194; x_wconf 88' lang='lat' dir='ltr'>tu</span> <span class='ocrx_word' id='word_1_130' title='bbox 1517 1159 1561 1194; x_wconf 88' lang='lat' dir='ltr'>te</span> <span class='ocrx_word' id='word_1_131' title='bbox 1583 1147 1778 1194; x_wconf 79' lang='lat' dir='ltr'>alienasti</span> <span class='ocrx_word' id='word_1_132' title='bbox 1807 1145 1860 1193; x_wconf 86' lang='lat' dir='ltr'>ab</span> <span class='ocrx_word' id='word_1_133' title='bbox 1888 1146 1892 1211; x_wconf 66' lang='grc' dir='ltr'><strong>ξ</strong></span> 
     </span>
     <span class='ocr_line' id='line_1_15' title="bbox 473 1217 1891 1282; baseline -0.004 -14"><span class='ocrx_word' id='word_1_134' title='bbox 473 1222 728 1268; x_wconf 85' lang='lat' dir='ltr'>haereditate</span> <span class='ocrx_word' id='word_1_135' title='bbox 744 1258 755 1277; x_wconf 85' lang='lat'>‚</span> <span class='ocrx_word' id='word_1_136' title='bbox 783 1222 875 1282; x_wconf 80' lang='lat' dir='ltr'>ipse</span> <span class='ocrx_word' id='word_1_137' title='bbox 897 1231 940 1266; x_wconf 84' lang='lat' dir='ltr'>te</span> <span class='ocrx_word' id='word_1_138' title='bbox 961 1237 1052 1266; x_wconf 90' lang='lat' dir='ltr'>non</span> <span class='ocrx_word' id='word_1_139' title='bbox 1070 1221 1227 1280; x_wconf 85' lang='lat' dir='ltr'>abjecit</span> <span class='ocrx_word' id='word_1_140' title='bbox 1248 1239 1257 1266; x_wconf 89' lang='lat'>:</span> <span class='ocrx_word' id='word_1_141' title='bbox 1277 1235 1379 1265; x_wconf 86' lang='lat' dir='ltr'>nam</span> <span class='ocrx_word' id='word_1_142' title='bbox 1400 1221 1434 1264; x_wconf 88' lang='lat' dir='ltr'>si</span> <span class='ocrx_word' id='word_1_143' title='bbox 1455 1234 1649 1264; x_wconf 88' lang='lat' dir='ltr'>maneres</span> <span class='ocrx_word' id='word_1_144' title='bbox 1666 1217 1860 1278; x_wconf 60' lang='lat' dir='ltr'>flagellass</span> <span class='ocrx_word' id='word_1_145' title='bbox 1888 1221 1891 1271; x_wconf 67' lang='lat' dir='ltr'>i</span> 
     </span>
     <span class='ocr_line' id='line_1_16' title="bbox 474 1289 1892 1355; baseline -0.004 -16"><span class='ocrx_word' id='word_1_146' title='bbox 474 1304 565 1349; x_wconf 84' lang='lat' dir='ltr'>tus,</span> <span class='ocrx_word' id='word_1_147' title='bbox 591 1310 681 1338; x_wconf 91' lang='lat' dir='ltr'>non</span> <span class='ocrx_word' id='word_1_148' title='bbox 710 1308 953 1336; x_wconf 87' lang='lat' dir='ltr'>remaneres</span> <span class='ocrx_word' id='word_1_149' title='bbox 975 1292 1290 1336; x_wconf 83' lang='lat' dir='ltr'>exhaeredatus.</span> <span class='ocrx_word' id='word_1_150' title='bbox 1326 1310 1344 1332; x_wconf 92' lang='lat'>«</span> <span class='ocrx_word' id='word_1_151' title='bbox 1365 1289 1708 1351; x_wconf 84' lang='lat' dir='ltr'>Misericordiam</span> <span class='ocrx_word' id='word_1_152' title='bbox 1729 1296 1858 1346; x_wconf 74' lang='lat' dir='ltr'>vero-3</span> <span class='ocrx_word' id='word_1_153' title='bbox 1889 1297 1892 1355; x_wconf 64' lang='lat' dir='ltr'>j</span> 
     </span>
     <span class='ocr_line' id='line_1_17' title="bbox 479 1360 1921 1424; baseline -0.001 -18"><span class='ocrx_word' id='word_1_154' title='bbox 479 1386 497 1406; x_wconf 87' lang='lat'>»</span> <span class='ocrx_word' id='word_1_155' title='bbox 531 1365 696 1424; x_wconf 79' lang='lat' dir='ltr'>inquit,</span> <span class='ocrx_word' id='word_1_156' title='bbox 722 1379 863 1407; x_wconf 89' lang='lat' dir='ltr'>meam</span> <span class='ocrx_word' id='word_1_157' title='bbox 884 1377 974 1408; x_wconf 91' lang='lat' dir='ltr'>non</span> <span class='ocrx_word' id='word_1_158' title='bbox 995 1362 1238 1422; x_wconf 81' lang='lat' dir='ltr'>dispergam</span> <span class='ocrx_word' id='word_1_159' title='bbox 1271 1363 1326 1407; x_wconf 87' lang='lat' dir='ltr'>ab</span> <span class='ocrx_word' id='word_1_160' title='bbox 1349 1377 1425 1418; x_wconf 86' lang='lat' dir='ltr'>eo,</span> <span class='ocrx_word' id='word_1_161' title='bbox 1457 1377 1602 1422; x_wconf 87' lang='lat' dir='ltr'>neque</span> <span class='ocrx_word' id='word_1_162' title='bbox 1631 1360 1799 1421; x_wconf 86' lang='lat' dir='ltr'>nocebo</span> <span class='ocrx_word' id='word_1_163' title='bbox 1817 1360 1864 1404; x_wconf 89' lang='lat' dir='ltr'>in</span> <span class='ocrx_word' id='word_1_164' title='bbox 1889 1360 1893 1410; x_wconf 73' lang='grc' dir='ltr'><strong>ἶ</strong></span> <span class='ocrx_word' id='word_1_165' title='bbox 1919 1397 1921 1405; x_wconf 93' lang='grc'>.</span> 
     </span>
     <span class='ocr_line' id='line_1_18' title="bbox 481 1422 1922 1492; baseline 0 -17"><span class='ocrx_word' id='word_1_166' title='bbox 481 1455 498 1475; x_wconf 87' lang='grc'>»</span> <span class='ocrx_word' id='word_1_167' title='bbox 532 1435 714 1480; x_wconf 88' lang='lat' dir='ltr'>veritate</span> <span class='ocrx_word' id='word_1_168' title='bbox 735 1449 846 1478; x_wconf 87' lang='lat' dir='ltr'>mea.</span> <span class='ocrx_word' id='word_1_169' title='bbox 876 1453 895 1475; x_wconf 81' lang='lat'>»</span> <span class='ocrx_word' id='word_1_170' title='bbox 930 1433 999 1478; x_wconf 83' lang='lat' dir='ltr'>Ad</span> <span class='ocrx_word' id='word_1_171' title='bbox 1027 1434 1111 1478; x_wconf 92' lang='lat' dir='ltr'>hoc</span> <span class='ocrx_word' id='word_1_172' title='bbox 1145 1433 1265 1477; x_wconf 89' lang='lat' dir='ltr'>enim</span> <span class='ocrx_word' id='word_1_173' title='bbox 1296 1449 1388 1477; x_wconf 93' lang='lat' dir='ltr'>non</span> <span class='ocrx_word' id='word_1_174' title='bbox 1409 1432 1683 1492; x_wconf 84' lang='lat' dir='ltr'>dispergetur</span> <span class='ocrx_word' id='word_1_175' title='bbox 1704 1422 1922 1492; x_wconf 30' lang='lat' dir='ltr'>miserie-{1⁴1</span> 
     </span>
     <span class='ocr_line' id='line_1_19' title="bbox 475 1496 1892 1559; baseline -0.004 -10"><span class='ocrx_word' id='word_1_176' title='bbox 475 1504 622 1549; x_wconf 90' lang='lat' dir='ltr'>cordia</span> <span class='ocrx_word' id='word_1_177' title='bbox 643 1504 866 1548; x_wconf 89' lang='lat' dir='ltr'>liberantis</span> <span class='ocrx_word' id='word_1_178' title='bbox 881 1539 891 1559; x_wconf 87' lang='lat'>‚</span> <span class='ocrx_word' id='word_1_179' title='bbox 912 1519 967 1547; x_wconf 89' lang='lat' dir='ltr'>ne</span> <span class='ocrx_word' id='word_1_180' title='bbox 984 1512 1140 1548; x_wconf 87' lang='lat' dir='ltr'>noceat</span> <span class='ocrx_word' id='word_1_181' title='bbox 1158 1503 1315 1548; x_wconf 88' lang='lat' dir='ltr'>veritas</span> <span class='ocrx_word' id='word_1_182' title='bbox 1333 1499 1609 1547; x_wconf 63' lang='lat' dir='ltr'>vindicantisss</span> <span class='ocrx_word' id='word_1_183' title='bbox 1769 1510 1774 1516; x_wconf 70' lang='grc'><strong>“</strong></span> <span class='ocrx_word' id='word_1_184' title='bbox 1889 1496 1892 1542; x_wconf 82' lang='grc' dir='ltr'>Ι</span> 
     </span>
     <span class='ocr_line' id='line_1_20' title="bbox 535 1551 1924 1648; baseline -0.003 -28"><span class='ocrx_word' id='word_1_185' title='bbox 535 1578 613 1621; x_wconf 90' lang='lat' dir='ltr'>IV.</span> <span class='ocrx_word' id='word_1_186' title='bbox 653 1595 671 1617; x_wconf 83' lang='lat'>«</span> <span class='ocrx_word' id='word_1_187' title='bbox 696 1578 849 1636; x_wconf 88' lang='lat' dir='ltr'>Neque</span> <span class='ocrx_word' id='word_1_188' title='bbox 879 1575 1125 1635; x_wconf 85' lang='lat' dir='ltr'>profanabo</span> <span class='ocrx_word' id='word_1_189' title='bbox 1149 1582 1461 1619; x_wconf 88' lang='lat' dir='ltr'>testamentum</span> <span class='ocrx_word' id='word_1_190' title='bbox 1489 1579 1639 1618; x_wconf 88' lang='lat' dir='ltr'>meum</span> <span class='ocrx_word' id='word_1_191' title='bbox 1655 1608 1666 1629; x_wconf 84' lang='lat'>,</span> <span class='ocrx_word' id='word_1_192' title='bbox 1691 1575 1865 1633; x_wconf 60' lang='lat' dir='ltr'>et‘quae</span> <span class='ocrx_word' id='word_1_193' title='bbox 1889 1551 1924 1648; x_wconf 50' lang='lat' dir='ltr'>ka</span> 
     </span>
     <span class='ocr_line' id='line_1_21' title="bbox 480 1643 1924 1719; baseline 0 -32"><span class='ocrx_word' id='word_1_194' title='bbox 480 1665 501 1688; x_wconf 83' lang='grc'>»</span> <span class='ocrx_word' id='word_1_195' title='bbox 534 1647 781 1706; x_wconf 88' lang='lat' dir='ltr'>procedunt</span> <span class='ocrx_word' id='word_1_196' title='bbox 803 1645 858 1690; x_wconf 89' lang='lat' dir='ltr'>de</span> <span class='ocrx_word' id='word_1_197' title='bbox 884 1645 1010 1690; x_wconf 88' lang='lat' dir='ltr'>labiis</span> <span class='ocrx_word' id='word_1_198' title='bbox 1032 1646 1137 1690; x_wconf 89' lang='lat' dir='ltr'>meis</span> <span class='ocrx_word' id='word_1_199' title='bbox 1159 1661 1249 1690; x_wconf 90' lang='lat' dir='ltr'>non</span> <span class='ocrx_word' id='word_1_200' title='bbox 1275 1644 1521 1704; x_wconf 86' lang='lat' dir='ltr'>reprobabo</span> <span class='ocrx_word' id='word_1_201' title='bbox 1536 1646 1568 1688; x_wconf 86' lang='lat'>².</span> <span class='ocrx_word' id='word_1_202' title='bbox 1602 1664 1619 1686; x_wconf 72' lang='grc' dir='ltr'>ν)</span> <span class='ocrx_word' id='word_1_203' title='bbox 1649 1646 1748 1689; x_wconf 89' lang='lat' dir='ltr'>Non</span> <span class='ocrx_word' id='word_1_204' title='bbox 1764 1643 1865 1703; x_wconf 76' lang='lat' dir='ltr'>quia</span> <span class='ocrx_word' id='word_1_205' title='bbox 1888 1650 1924 1719; x_wconf 62' lang='grc' dir='ltr'><strong>μ</strong></span> 
     </span>
     <span class='ocr_line' id='line_1_22' title="bbox 475 1713 1923 1786; baseline -0.001 -26"><span class='ocrx_word' id='word_1_206' title='bbox 475 1716 554 1760; x_wconf 88' lang='lat' dir='ltr'>filii</span> <span class='ocrx_word' id='word_1_207' title='bbox 582 1718 673 1778; x_wconf 89' lang='lat' dir='ltr'>ejus</span> <span class='ocrx_word' id='word_1_208' title='bbox 700 1725 912 1777; x_wconf 81' lang='lat' dir='ltr'>peccant,</span> <span class='ocrx_word' id='word_1_209' title='bbox 946 1716 1048 1760; x_wconf 90' lang='lat' dir='ltr'>ideo</span> <span class='ocrx_word' id='word_1_210' title='bbox 1080 1731 1159 1774; x_wconf 84' lang='lat' dir='ltr'>ego</span> <span class='ocrx_word' id='word_1_211' title='bbox 1190 1715 1378 1760; x_wconf 83' lang='lat' dir='ltr'>mendax</span> <span class='ocrx_word' id='word_1_212' title='bbox 1404 1714 1602 1759; x_wconf 80' lang='lat' dir='ltr'>inveniar</span> <span class='ocrx_word' id='word_1_213' title='bbox 1627 1733 1636 1759; x_wconf 93' lang='lat'>:</span> <span class='ocrx_word' id='word_1_214' title='bbox 1663 1713 1862 1774; x_wconf 61' lang='lat' dir='ltr'>promisi}</span> <span class='ocrx_word' id='word_1_215' title='bbox 1889 1716 1923 1786; x_wconf 50' lang='lat' dir='ltr'>{l</span> 
     </span>
     <span class='ocr_line' id='line_1_23' title="bbox 478 1785 1926 1847; baseline -0.003 -16"><span class='ocrx_word' id='word_1_216' title='bbox 478 1786 605 1832; x_wconf 84' lang='lat' dir='ltr'>facio.</span> <span class='ocrx_word' id='word_1_217' title='bbox 633 1791 752 1832; x_wconf 90' lang='lat' dir='ltr'>Pone</span> <span class='ocrx_word' id='word_1_218' title='bbox 774 1787 875 1847; x_wconf 90' lang='lat' dir='ltr'>quia</span> <span class='ocrx_word' id='word_1_219' title='bbox 900 1787 1056 1831; x_wconf 88' lang='lat' dir='ltr'>volunt</span> <span class='ocrx_word' id='word_1_220' title='bbox 1075 1787 1139 1830; x_wconf 88' lang='lat' dir='ltr'>illi</span> <span class='ocrx_word' id='word_1_221' title='bbox 1161 1787 1291 1830; x_wconf 89' lang='lat' dir='ltr'>etiam</span> <span class='ocrx_word' id='word_1_222' title='bbox 1314 1801 1415 1830; x_wconf 88' lang='lat' dir='ltr'>cum</span> <span class='ocrx_word' id='word_1_223' title='bbox 1442 1785 1742 1845; x_wconf 87' lang='lat' dir='ltr'>desperatione</span> <span class='ocrx_word' id='word_1_224' title='bbox 1762 1797 1866 1844; x_wconf 84' lang='lat' dir='ltr'>pee-</span> <span class='ocrx_word' id='word_1_225' title='bbox 1890 1787 1926 1844; x_wconf 59' lang='lat' dir='ltr'>{e</span> 
     </span>
     <span class='ocr_line' id='line_1_24' title="bbox 476 1845 1926 1916; baseline -0.001 -15"><span class='ocrx_word' id='word_1_226' title='bbox 476 1873 601 1912; x_wconf 84' lang='lat' dir='ltr'>care,</span> <span class='ocrx_word' id='word_1_227' title='bbox 627 1866 672 1901; x_wconf 90' lang='lat' dir='ltr'>et</span> <span class='ocrx_word' id='word_1_228' title='bbox 693 1857 752 1901; x_wconf 89' lang='lat' dir='ltr'>sic</span> <span class='ocrx_word' id='word_1_229' title='bbox 780 1856 844 1900; x_wconf 88' lang='lat' dir='ltr'>ire</span> <span class='ocrx_word' id='word_1_230' title='bbox 865 1856 1046 1901; x_wconf 91' lang='lat' dir='ltr'>omnino</span> <span class='ocrx_word' id='word_1_231' title='bbox 1077 1857 1123 1900; x_wconf 89' lang='lat' dir='ltr'>in</span> <span class='ocrx_word' id='word_1_232' title='bbox 1142 1866 1346 1916; x_wconf 78' lang='lat' dir='ltr'>peccata,</span> <span class='ocrx_word' id='word_1_233' title='bbox 1377 1865 1429 1900; x_wconf 90' lang='lat' dir='ltr'>ut</span> <span class='ocrx_word' id='word_1_234' title='bbox 1458 1854 1686 1900; x_wconf 84' lang='lat' dir='ltr'>offendant</span> <span class='ocrx_word' id='word_1_235' title='bbox 1719 1853 1866 1899; x_wconf 80' lang='lat' dir='ltr'>oculos</span> <span class='ocrx_word' id='word_1_236' title='bbox 1890 1845 1926 1900; x_wconf 71' lang='lat' dir='ltr'>li</span> 
     </span>
     <span class='ocr_line' id='line_1_25' title="bbox 479 1901 1924 1987; baseline -0.002 -16"><span class='ocrx_word' id='word_1_237' title='bbox 479 1928 637 1983; x_wconf 82' lang='lat' dir='ltr'>Patris,</span> <span class='ocrx_word' id='word_1_238' title='bbox 671 1936 716 1971; x_wconf 89' lang='lat' dir='ltr'>et</span> <span class='ocrx_word' id='word_1_239' title='bbox 743 1926 1006 1971; x_wconf 83' lang='lat' dir='ltr'>exhaeredari</span> <span class='ocrx_word' id='word_1_240' title='bbox 1035 1937 1286 1971; x_wconf 89' lang='lat' dir='ltr'>mereantur</span> <span class='ocrx_word' id='word_1_241' title='bbox 1311 1946 1321 1971; x_wconf 89' lang='lat'>:</span> <span class='ocrx_word' id='word_1_242' title='bbox 1346 1942 1495 1971; x_wconf 91' lang='lat' dir='ltr'>nonne</span> <span class='ocrx_word' id='word_1_243' title='bbox 1522 1927 1624 1987; x_wconf 88' lang='lat' dir='ltr'>ipse·</span> <span class='ocrx_word' id='word_1_244' title='bbox 1641 1935 1706 1971; x_wconf 91' lang='lat' dir='ltr'>est</span> <span class='ocrx_word' id='word_1_245' title='bbox 1726 1928 1864 1981; x_wconf 79' lang='lat' dir='ltr'>Deus&#39;,</span> <span class='ocrx_word' id='word_1_246' title='bbox 1890 1901 1924 1984; x_wconf 57' lang='grc' dir='ltr'>ξι</span> 
     </span>
     <span class='ocr_line' id='line_1_26' title="bbox 479 1986 1922 2058; baseline -0.001 -17"><span class='ocrx_word' id='word_1_247' title='bbox 479 1997 533 2041; x_wconf 88' lang='lat' dir='ltr'>de</span> <span class='ocrx_word' id='word_1_248' title='bbox 555 2014 643 2058; x_wconf 85' lang='lat' dir='ltr'>quo</span> <span class='ocrx_word' id='word_1_249' title='bbox 668 1997 837 2043; x_wconf 84' lang='lat' dir='ltr'>dictum</span> <span class='ocrx_word' id='word_1_250' title='bbox 859 2006 923 2042; x_wconf 90' lang='lat' dir='ltr'>est</span> <span class='ocrx_word' id='word_1_251' title='bbox 949 2018 958 2043; x_wconf 72' lang='grc' dir='ltr'>ε</span> <span class='ocrx_word' id='word_1_252' title='bbox 995 2016 1016 2040; x_wconf 90' lang='lat'>«</span> <span class='ocrx_word' id='word_1_253' title='bbox 1045 2001 1110 2042; x_wconf 92' lang='lat' dir='ltr'>De</span> <span class='ocrx_word' id='word_1_254' title='bbox 1139 1997 1361 2057; x_wconf 86' lang='lat' dir='ltr'>lapidibus</span> <span class='ocrx_word' id='word_1_255' title='bbox 1387 1998 1476 2041; x_wconf 89' lang='lat' dir='ltr'>istis</span> <span class='ocrx_word' id='word_1_256' title='bbox 1503 1989 1729 2041; x_wconf 73' lang='lat' dir='ltr'>suscitabit</span> <span class='ocrx_word' id='word_1_257' title='bbox 1755 1994 1868 2043; x_wconf 70' lang='lat' dir='ltr'>&#39;filios</span> <span class='ocrx_word' id='word_1_258' title='bbox 1890 1986 1922 2044; x_wconf 71' lang='lat' dir='ltr'>li</span> 
     </span>
     <span class='ocr_line' id='line_1_27' title="bbox 482 2057 1926 2130; baseline 0.001 -21"><span class='ocrx_word' id='word_1_259' title='bbox 482 2087 502 2109; x_wconf 82' lang='lat'>&gt;›</span> <span class='ocrx_word' id='word_1_260' title='bbox 538 2070 780 2113; x_wconf 75' lang='lat' dir='ltr'>Abrahae3?</span> <span class='ocrx_word' id='word_1_261' title='bbox 797 2088 817 2110; x_wconf 75' lang='lat' dir='ltr'>n</span> <span class='ocrx_word' id='word_1_262' title='bbox 840 2072 994 2130; x_wconf 84' lang='lat' dir='ltr'>Itaque</span> <span class='ocrx_word' id='word_1_263' title='bbox 1010 2069 1108 2113; x_wconf 91' lang='lat' dir='ltr'>dico</span> <span class='ocrx_word' id='word_1_264' title='bbox 1129 2069 1274 2124; x_wconf 85' lang='lat' dir='ltr'>vobis,</span> <span class='ocrx_word' id='word_1_265' title='bbox 1295 2068 1467 2123; x_wconf 82' lang='lat' dir='ltr'>fratres,</span> <span class='ocrx_word' id='word_1_266' title='bbox 1491 2067 1620 2112; x_wconf 87' lang='lat' dir='ltr'>multi</span> <span class='ocrx_word' id='word_1_267' title='bbox 1636 2057 1868 2113; x_wconf 69' lang='lat' dir='ltr'>Christiani</span> <span class='ocrx_word' id='word_1_268' title='bbox 1891 2062 1926 2116; x_wconf 91' lang='lat'>&#39;5</span> 
     </span>
     <span class='ocr_line' id='line_1_28' title="bbox 473 2128 1926 2200; baseline -0.003 -16"><span class='ocrx_word' id='word_1_269' title='bbox 473 2139 759 2184; x_wconf 82' lang='lat' dir='ltr'>tolerabiliter</span> <span class='ocrx_word' id='word_1_270' title='bbox 777 2149 972 2200; x_wconf 86' lang='lat' dir='ltr'>peccant,</span> <span class='ocrx_word' id='word_1_271' title='bbox 988 2140 1115 2184; x_wconf 86' lang='lat' dir='ltr'>multi</span> <span class='ocrx_word' id='word_1_272' title='bbox 1137 2138 1317 2198; x_wconf 79' lang='lat' dir='ltr'>flagello</span> <span class='ocrx_word' id='word_1_273' title='bbox 1332 2155 1356 2182; x_wconf 92' lang='lat' dir='ltr'>a</span> <span class='ocrx_word' id='word_1_274' title='bbox 1368 2148 1552 2198; x_wconf 83' lang='lat' dir='ltr'>peccato</span> <span class='ocrx_word' id='word_1_275' title='bbox 1572 2128 1865 2196; x_wconf 67' lang='lat' dir='ltr'>corriguntur,</span> <span class='ocrx_word' id='word_1_276' title='bbox 1891 2142 1926 2194; x_wconf 67' lang='grc' dir='ltr'>ξὲ</span> 
     </span>
     <span class='ocr_line' id='line_1_29' title="bbox 473 2200 1926 2271; baseline -0.002 -18"><span class='ocrx_word' id='word_1_277' title='bbox 473 2218 518 2253; x_wconf 90' lang='lat' dir='ltr'>et</span> <span class='ocrx_word' id='word_1_278' title='bbox 540 2210 847 2265; x_wconf 86' lang='lat' dir='ltr'>emendantur,</span> <span class='ocrx_word' id='word_1_279' title='bbox 872 2219 916 2253; x_wconf 87' lang='lat' dir='ltr'>et</span> <span class='ocrx_word' id='word_1_280' title='bbox 937 2218 1172 2267; x_wconf 81' lang='lat' dir='ltr'>sanantur3</span> <span class='ocrx_word' id='word_1_281' title='bbox 1209 2208 1339 2253; x_wconf 91' lang='lat' dir='ltr'>multi</span> <span class='ocrx_word' id='word_1_282' title='bbox 1366 2209 1548 2253; x_wconf 85' lang='lat' dir='ltr'>omnino</span> <span class='ocrx_word' id='word_1_283' title='bbox 1576 2208 1736 2263; x_wconf 84' lang='lat' dir='ltr'>aversi,</span> <span class='ocrx_word' id='word_1_284' title='bbox 1763 2206 1869 2250; x_wconf 90' lang='lat' dir='ltr'>dura</span> <span class='ocrx_word' id='word_1_285' title='bbox 1891 2200 1926 2271; x_wconf 61' lang='lat' dir='ltr'>{t</span> 
     </span>
     <span class='ocr_line' id='line_1_30' title="bbox 475 2276 1926 2341; baseline -0.002 -17"><span class='ocrx_word' id='word_1_286' title='bbox 475 2281 642 2325; x_wconf 84' lang='lat' dir='ltr'>cervice</span> <span class='ocrx_word' id='word_1_287' title='bbox 671 2280 915 2325; x_wconf 85' lang='lat' dir='ltr'>obnitentes</span> <span class='ocrx_word' id='word_1_288' title='bbox 939 2280 1145 2324; x_wconf 86' lang='lat' dir='ltr'>adversus</span> <span class='ocrx_word' id='word_1_289' title='bbox 1167 2278 1441 2339; x_wconf 88' lang='lat' dir='ltr'>disciplinam</span> <span class='ocrx_word' id='word_1_290' title='bbox 1463 2279 1628 2334; x_wconf 85' lang='lat' dir='ltr'>Patris,</span> <span class='ocrx_word' id='word_1_291' title='bbox 1663 2287 1706 2323; x_wconf 89' lang='lat' dir='ltr'>et</span> <span class='ocrx_word' id='word_1_292' title='bbox 1735 2278 1868 2341; x_wconf 84' lang='lat' dir='ltr'>ipsam</span> <span class='ocrx_word' id='word_1_293' title='bbox 1891 2276 1926 2332; x_wconf 66' lang='grc' dir='ltr'>Η</span> 
     </span>
     <span class='ocr_line' id='line_1_31' title="bbox 475 2335 1926 2411; baseline 0 -15"><span class='ocrx_word' id='word_1_294' title='bbox 475 2351 654 2396; x_wconf 88' lang='lat' dir='ltr'>omnino</span> <span class='ocrx_word' id='word_1_295' title='bbox 686 2351 765 2396; x_wconf 90' lang='lat' dir='ltr'>Dei</span> <span class='ocrx_word' id='word_1_296' title='bbox 805 2351 1113 2411; x_wconf 86' lang='lat' dir='ltr'>paternitatem</span> <span class='ocrx_word' id='word_1_297' title='bbox 1157 2359 1407 2394; x_wconf 88' lang='lat' dir='ltr'>recusantes</span> <span class='ocrx_word' id='word_1_298' title='bbox 1421 2384 1433 2405; x_wconf 81' lang='lat'>‚</span> <span class='ocrx_word' id='word_1_299' title='bbox 1474 2350 1685 2394; x_wconf 88' lang='lat' dir='ltr'>habentes</span> <span class='ocrx_word' id='word_1_300' title='bbox 1725 2357 1870 2393; x_wconf 83' lang='lat' dir='ltr'>tamen</span> <span class='ocrx_word' id='word_1_301' title='bbox 1891 2335 1926 2395; x_wconf 59' lang='lat' dir='ltr'>{l</span> 
     </span>
     <span class='ocr_line' id='line_1_32' title="bbox 475 2416 1926 2495; baseline -0.003 -30"><span class='ocrx_word' id='word_1_302' title='bbox 475 2421 647 2480; x_wconf 82' lang='lat' dir='ltr'>signum</span> <span class='ocrx_word' id='word_1_303' title='bbox 669 2421 857 2476; x_wconf 84' lang='lat' dir='ltr'>Christi,</span> <span class='ocrx_word' id='word_1_304' title='bbox 895 2430 1003 2465; x_wconf 87' lang='lat' dir='ltr'>eunt</span> <span class='ocrx_word' id='word_1_305' title='bbox 1035 2421 1082 2464; x_wconf 89' lang='lat' dir='ltr'>in</span> <span class='ocrx_word' id='word_1_306' title='bbox 1110 2420 1218 2464; x_wconf 90' lang='lat' dir='ltr'>tales</span> <span class='ocrx_word' id='word_1_307' title='bbox 1247 2420 1526 2480; x_wconf 85' lang='lat' dir='ltr'>iniquitateS,</span> <span class='ocrx_word' id='word_1_308' title='bbox 1559 2428 1611 2464; x_wconf 87' lang='lat' dir='ltr'>ut</span> <span class='ocrx_word' id='word_1_309' title='bbox 1631 2433 1721 2463; x_wconf 90' lang='lat' dir='ltr'>non</span> <span class='ocrx_word' id='word_1_310' title='bbox 1739 2416 1870 2478; x_wconf 85' lang='lat' dir='ltr'>possit</span> <span class='ocrx_word' id='word_1_311' title='bbox 1891 2417 1926 2495; x_wconf 56' lang='lat'>{3</span> 
     </span>
     <span class='ocr_line' id='line_1_33' title="bbox 478 2489 1926 2550; baseline -0.003 -15"><span class='ocrx_word' id='word_1_312' title='bbox 478 2491 561 2535; x_wconf 88' lang='lat' dir='ltr'>nisi</span> <span class='ocrx_word' id='word_1_313' title='bbox 578 2492 745 2536; x_wconf 84' lang='lat' dir='ltr'>recitari</span> <span class='ocrx_word' id='word_1_314' title='bbox 765 2501 916 2536; x_wconf 87' lang='lat' dir='ltr'>contra</span> <span class='ocrx_word' id='word_1_315' title='bbox 948 2507 1020 2535; x_wconf 91' lang='lat' dir='ltr'>eos</span> <span class='ocrx_word' id='word_1_316' title='bbox 1047 2507 1056 2532; x_wconf 76' lang='grc' dir='ltr'>ε</span> <span class='ocrx_word' id='word_1_317' title='bbox 1081 2509 1099 2531; x_wconf 90' lang='grc'>«</span> <span class='ocrx_word' id='word_1_318' title='bbox 1123 2490 1341 2544; x_wconf 88' lang='lat' dir='ltr'>Quoniam</span> <span class='ocrx_word' id='word_1_319' title='bbox 1364 2490 1443 2550; x_wconf 89' lang='lat' dir='ltr'>qui</span> <span class='ocrx_word' id='word_1_320' title='bbox 1464 2489 1566 2534; x_wconf 87' lang='lat' dir='ltr'>talia</span> <span class='ocrx_word' id='word_1_321' title='bbox 1590 2497 1751 2548; x_wconf 85' lang='lat' dir='ltr'>agunt,</span> <span class='ocrx_word' id='word_1_322' title='bbox 1772 2502 1869 2547; x_wconf 84' lang='lat' dir='ltr'>reg·</span> <span class='ocrx_word' id='word_1_323' title='bbox 1892 2493 1926 2542; x_wconf 59' lang='grc' dir='ltr'>’ξ</span> 
     </span>
     <span class='ocr_line' id='line_1_34' title="bbox 483 2516 1896 2622; baseline 0.001 -19"><span class='ocrx_word' id='word_1_324' title='bbox 483 2579 505 2603; x_wconf 87' lang='lat'>»</span> <span class='ocrx_word' id='word_1_325' title='bbox 539 2577 647 2606; x_wconf 87' lang='lat' dir='ltr'>num</span> <span class='ocrx_word' id='word_1_326' title='bbox 670 2562 748 2606; x_wconf 91' lang='lat' dir='ltr'>Dei</span> <span class='ocrx_word' id='word_1_327' title='bbox 775 2577 867 2607; x_wconf 91' lang='lat' dir='ltr'>non</span> <span class='ocrx_word' id='word_1_328' title='bbox 887 2561 1219 2622; x_wconf 82' lang='lat' dir='ltr'>possidebunt⁴.</span> <span class='ocrx_word' id='word_1_329' title='bbox 1242 2579 1263 2601; x_wconf 72' lang='lat' dir='ltr'><strong>n</strong></span> <span class='ocrx_word' id='word_1_330' title='bbox 1294 2562 1394 2605; x_wconf 89' lang='lat' dir='ltr'>Non</span> <span class='ocrx_word' id='word_1_331' title='bbox 1424 2568 1569 2603; x_wconf 88' lang='lat' dir='ltr'>tamen</span> <span class='ocrx_word' id='word_1_332' title='bbox 1590 2564 1776 2619; x_wconf 78' lang='lat' dir='ltr'>propter·</span> <span class='ocrx_word' id='word_1_333' title='bbox 1786 2558 1870 2604; x_wconf 34' lang='lat' dir='ltr'>*hos</span> <span class='ocrx_word' id='word_1_334' title='bbox 1891 2516 1896 2621; x_wconf 69' lang='lat' dir='ltr'>i</span> 
     </span>
     <span class='ocr_line' id='line_1_35' title="bbox 529 2643 1897 2692; baseline -0.003 -13"><span class='ocrx_word' id='word_1_335' title='bbox 529 2653 539 2670; x_wconf 88' lang='lat'><strong>¹</strong></span> <span class='ocrx_word' id='word_1_336' title='bbox 564 2658 576 2679; x_wconf 78' lang='grc' dir='ltr'>ι</span> <span class='ocrx_word' id='word_1_337' title='bbox 600 2648 695 2680; x_wconf 71' lang='lat' dir='ltr'>Soan.</span> <span class='ocrx_word' id='word_1_338' title='bbox 712 2658 736 2690; x_wconf 86' lang='lat'>1,</span> <span class='ocrx_word' id='word_1_339' title='bbox 755 2647 789 2679; x_wconf 88' lang='grc'>8.</span> <span class='ocrx_word' id='word_1_340' title='bbox 813 2663 854 2670; x_wconf 96' lang='grc'>-</span> <span class='ocrx_word' id='word_1_341' title='bbox 871 2653 884 2670; x_wconf 78' lang='lat'>²</span> <span class='ocrx_word' id='word_1_342' title='bbox 900 2646 978 2679; x_wconf 77' lang='lat' dir='ltr'>psal.</span> <span class='ocrx_word' id='word_1_343' title='bbox 1004 2657 1159 2688; x_wconf 73' lang='lat' dir='ltr'>Lxxxvui,</span> <span class='ocrx_word' id='word_1_344' title='bbox 1175 2644 1228 2678; x_wconf 86' lang='lat'>35.</span> <span class='ocrx_word' id='word_1_345' title='bbox 1251 2661 1292 2668; x_wconf 90' lang='grc'>-·</span> <span class='ocrx_word' id='word_1_346' title='bbox 1307 2643 1321 2670; x_wconf 79' lang='lat'>³</span> <span class='ocrx_word' id='word_1_347' title='bbox 1336 2645 1448 2678; x_wconf 74' lang='lat' dir='ltr'>Matth.</span> <span class='ocrx_word' id='word_1_348' title='bbox 1470 2656 1516 2687; x_wconf 77' lang='lat' dir='ltr'>ui,</span> <span class='ocrx_word' id='word_1_349' title='bbox 1534 2654 1567 2688; x_wconf 88' lang='lat'>9.</span> <span class='ocrx_word' id='word_1_350' title='bbox 1581 2660 1623 2668; x_wconf 86' lang='lat'>-—</span> <span class='ocrx_word' id='word_1_351' title='bbox 1640 2643 1656 2674; x_wconf 72' lang='grc'>4</span> <span class='ocrx_word' id='word_1_352' title='bbox 1674 2643 1743 2677; x_wconf 84' lang='lat' dir='ltr'>Gal.</span> <span class='ocrx_word' id='word_1_353' title='bbox 1764 2653 1796 2686; x_wconf 81' lang='lat' dir='ltr'>v,</span> <span class='ocrx_word' id='word_1_354' title='bbox 1811 2651 1866 2677; x_wconf 83' lang='lat'>21.</span> <span class='ocrx_word' id='word_1_355' title='bbox 1892 2650 1897 2692; x_wconf 55' lang='lat' dir='ltr'>t</span> 
     </span>
    </p>
   </div>
   <div class='ocr_carea' id='block_1_4' title="bbox 466 302 1408 339">
    <p class='ocr_par' dir='ltr' id='par_1_4' title="bbox 466 302 1408 339">
     <span class='ocr_line' id='line_1_36' title="bbox 466 302 1408 339; baseline -0.003 0"><span class='ocrx_word' id='word_1_356' title='bbox 466 302 550 339; x_wconf 78' lang='lat'>270</span> <span class='ocrx_word' id='word_1_357' title='bbox 897 312 930 338; x_wconf 87' lang='lat' dir='ltr'>s.</span> <span class='ocrx_word' id='word_1_358' title='bbox 965 310 1195 338; x_wconf 78' lang='lat' dir='ltr'>AUGUSTINI</span> <span class='ocrx_word' id='word_1_359' title='bbox 1226 311 1408 338; x_wconf 74' lang='lat' dir='ltr'>Emscori</span> 
     </span>
    </p>
   </div>
   <div class='ocr_carea' id='block_1_5' title="bbox 1891 2736 1923 3242">
    <p class='ocr_par' dir='ltr' id='par_1_5' title="bbox 1891 2736 1923 3242">
     <span class='ocr_line' id='line_1_37' title="bbox 1891 2736 1918 2777; baseline 0 -8"><span class='ocrx_word' id='word_1_360' title='bbox 1891 2736 1918 2777; x_wconf 62' lang='lat' dir='ltr'>i,</span> 
     </span>
     <span class='ocr_line' id='line_1_38' title="bbox 1891 2842 1895 2916; baseline 0 0"><span class='ocrx_word' id='word_1_361' title='bbox 1891 2842 1895 2916; x_wconf 64' lang='lat' dir='ltr'>f</span> 
     </span>
     <span class='ocr_line' id='line_1_39' title="bbox 1892 2958 1919 2999; baseline 0 -18"><span class='ocrx_word' id='word_1_362' title='bbox 1892 2958 1919 2999; x_wconf 36' lang='grc' dir='ltr'>γ.</span> 
     </span>
     <span class='ocr_line' id='line_1_40' title="bbox 1892 2992 1923 3099; baseline 0 -39"><span class='ocrx_word' id='word_1_363' title='bbox 1892 2992 1923 3099; x_wconf 54' lang='lat' dir='ltr'>gl</span> 
     </span>
     <span class='ocr_line' id='line_1_41' title="bbox 1891 3106 1896 3138; baseline 0 0"><span class='ocrx_word' id='word_1_364' title='bbox 1891 3106 1896 3138; x_wconf 78' lang='lat' dir='ltr'>l</span> 
     </span>
     <span class='ocr_line' id='line_1_42' title="bbox 1892 3203 1897 3242; baseline 0 0"><span class='ocrx_word' id='word_1_365' title='bbox 1892 3203 1897 3242; x_wconf 79' lang='grc' dir='ltr'>ι</span> 
     </span>
    </p>
   </div>
  </div>
 </body>
</html>
