1926 3339
421 294 444 330 8
840 302 874 328 s.
910 299 1138 327 Avens-run
1171 299 1350 326 muscom

415 382 527 412 mus.
554 369 662 420 Quae
684 363 859 426 quidem
877 363 1005 409 debet
1028 379 1203 408 accensa
1223 378 1312 408 esse
1339 377 1507 422 semper
1528 361 1574 404 in
1595 359 1798 406 domibus

417 436 584 480 vestris.
613 434 787 479 Talibus
820 435 934 478 enim
963 433 1122 478 dicitur
1147 453 1155 478 :
1184 452 1205 475 «
1243 432 1452 492 Spiritum
1483 430 1618 475 nolite
1655 430 1798 474 extin-

420 526 442 549 »
477 507 646 565 guere¹.
678 526 695 546 »
723 509 771 549 Et
795 514 1000 564 tanquam
1034 519 1250 563 exponens
1273 502 1381 563 quid
1411 502 1595 556 diceret,
1626 510 1799 545 secutus

419 577 497 621 ait:
519 595 537 617 «
553 575 826 633 Prophetiam
841 574 973 618 nolite
989 589 1188 632 spernere
1210 592 1218 618 z
1240 591 1259 613 »
1277 573 1412 627 idest,
1426 571 1601 616 lucerna
1617 571 1662 615 in
1675 570 1799 616 vobis

418 661 586 704 semper
607 645 763 689 luceat.
803 648 858 688 Et
886 646 979 688 haec
1004 643 1179 704 quidem
1203 642 1280 687 lux
1298 644 1343 686 in
1373 642 1695 701 comparatione
1718 658 1799 686 cu-

410 715 583 776 jusdam
606 713 836 757 ineffabilis
858 714 942 758 diei
962 730 1046 758 nox
1061 713 1234 757 dicitur.
1256 716 1364 757 Nam
1384 714 1475 772 ipsa
1496 713 1584 756 vita
1604 711 1800 756 fidelium

418 786 463 828 in
485 783 807 843 comparatione
829 783 927 827 vitae
941 782 1181 827 infidelium
1201 782 1289 827 dies
1304 791 1381 826 est.
1403 781 1634 835 Quomodo
1656 791 1803 826 autem

418 855 473 899 sit
493 870 605 909 nox,
625 855 713 914 jam
735 853 941 907 diximus,
967 863 1010 898 et
1036 853 1302 898 ostendimus
1333 853 1448 898 Petri
1470 852 1652 912 apostoli
1684 852 1804 897 testi-

417 926 565 969 monio
586 943 595 969 ε
620 924 696 985 qui
712 923 889 984 quidem
913 925 1042 968 etiam
1065 933 1108 968 et
1127 924 1349 968 lucernam
1381 923 1621 968 nominavit
1641 958 1652 978 ‚
1684 932 1728 968 et
1748 921 1804 966 de

418 996 509 1054 ipsa
530 995 708 1039 lucerna
730 1010 808 1039 nos
829 995 1057 1040 admonuit
1080 1004 1129 1039 ut
1149 995 1426 1038 intendamus
1441 994 1477 1038 ei
1496 1029 1506 1048 ‚
1531 993 1576 1038 id
1593 1002 1677 1048 est,
1702 1008 1806 1053 pro-

420 1065 593 1124 phetico
615 1065 826 1119 sermoni,
851 1084 871 1107 «
891 1068 1039 1109 Donec
1057 1063 1146 1109 dies
1159 1065 1348 1109 lucescat
1364 1099 1375 1119 ,
1401 1073 1444 1108 et
1464 1062 1620 1108 lucifer
1641 1063 1806 1107 oriatur-

422 1153 443 1178 »
478 1136 523 1179 in
545 1135 748 1180 cordibus
763 1136 932 1180 nostris.
955 1154 974 1177 n
992 1135 1222 1190 Quomodo
1241 1145 1384 1180 autem
1392 1136 1482 1195 jam
1499 1135 1587 1179 vita
1609 1134 1806 1179 fidelium

418 1204 508 1249 dies
524 1206 634 1250 sitin
652 1207 973 1266 comparatione
984 1206 1084 1249 vitae
1101 1206 1358 1265 impiorum,
1386 1204 1547 1249 Paulus
1578 1203 1766 1249 ostendit
1792 1223 1801 1249 :

423 1294 444 1316 κ
468 1275 730 1335 Abjieiamus
749 1311 760 1331 ,
792 1277 960 1335 inquit,
996 1291 1125 1335 opera
1155 1276 1457 1329 tenebrarum,
1493 1284 1537 1319 et
1570 1274 1807 1319 induamur

423 1361 444 1385 »
480 1360 598 1388 arma
616 1345 739 1400 lucis,
757 1346 923 1389 sicutin
937 1345 1007 1389 die
1028 1347 1208 1390 honeste
1227 1344 1564 1390 ambulemus2.»
1588 1348 1705 1404 Ergo
1721 1346 1805 1389 ho-

418 1423 538 1458 neste
550 1415 740 1459 viventes
753 1450 763 1469 ‚
789 1416 834 1459 in
857 1416 1177 1474 comparatione
1194 1416 1294 1459 vitae
1315 1416 1566 1475 impiorum,
1585 1416 1630 1459 in
1648 1415 1719 1459 die
1730 1431 1806 1459 su-

418 1484 624 1529 mus.Sed
644 1486 722 1529 iste
736 1485 825 1529 dies
845 1487 946 1530 vitae
960 1485 1154 1530 fidelium
1172 1501 1262 1530 non
1294 1486 1454 1530 suflicit
1475 1487 1578 1530 huie
1597 1484 1802 1531 Idithun:

421 1553 634 1598 transilire
654 1554 751 1599 vult
773 1564 816 1599 et
832 1557 963 1600 istum
978 1555 1093 1599 diem
1105 1591 1115 1611 ‚
1132 1555 1271 1601 donec
1283 1556 1430 1600 veniat
1451 1557 1507 1601 ad
1526 1556 1651 1600 illum
1664 1556 1778 1600 diem
1791 1591 1803 1612 ‚

418 1623 496 1668 ubi
513 1624 652 1668 noctis
674 1627 957 1669 tentationem
976 1625 1142 1670 nullam
1155 1627 1332 1671 omnino
1354 1625 1572 1670 formidet.
1593 1627 1672 1670 Hic
1690 1626 1807 1671 enim

418 1694 616 1753 quamvis
630 1692 719 1739 dies
740 1695 794 1739 sit
815 1695 903 1739 vita
917 1695 1134 1751 fidelium,
1155 1715 1175 1738 «
1203 1697 1401 1741 Tentatio
1424 1706 1488 1741 est
1500 1697 1590 1741 vita
1613 1697 1806 1741 humana

421 1781 442 1804 »
478 1778 607 1823 super
628 1767 830 1808 terramss.
859 1784 878 1806 >›
904 1768 999 1810 Nox
1017 1775 1061 1810 et
1081 1765 1170 1810 dies
1191 1786 1201 1811 ε
1226 1766 1316 1812 dies
1337 1768 1383 1811 in
1397 1767 1721 1827 comparatione
1736 1767 1809 1811 in-

419 1832 614 1877 fidelium
629 1869 640 1889 ,
665 1851 750 1880 nox
771 1834 817 1878 in
838 1836 1161 1895 comparatione
1183 1837 1464 1895 Angelorum.
1495 1837 1671 1882 Habent
1691 1837 1808 1880 enim

420 1901 537 1946 diem
559 1903 734 1963 Angeli‚
756 1920 886 1965 quem
901 1921 978 1949 nos
1001 1905 1197 1950 nondum
1212 1907 1438 1951 habemus.
1455 1909 1552 1951 Jam
1574 1922 1653 1951 nos
1675 1907 1809 1951 habe-

419 1987 532 2027 mus,
549 1989 680 2033 quem
693 1991 781 2019 non
795 1976 960 2019 habent
976 1974 1172 2019 infideles
1184 1997 1194 2033 3
1209 1976 1285 2020 sed
1298 1977 1497 2021 nondum
1510 1977 1691 2033 habent,
1703 1978 1808 2021 fide-

418 2040 480 2086 les
494 2059 625 2103 quem
643 2045 799 2103 Angeli
811 2045 997 2090 habent:
1012 2054 1118 2090 tunc
1134 2056 1280 2090 autem
1293 2047 1536 2103 habebunt,
1554 2063 1654 2092 cum
1677 2057 1808 2093 erunt

414 2112 602 2172 aequales
623 2114 799 2173 Angelis
820 2116 918 2170 Dei,
935 2115 1053 2176 quod
1069 2117 1150 2160 illis
1164 2118 1208 2160 in
1222 2118 1533 2162 resurreetione
1545 2118 1807 2178 promissum

415 2184 518 2227 est⁴.
539 2187 590 2227 In
602 2185 683 2229 hac
698 2201 798 2243 ergo
805 2187 895 2246 jam
910 2186 995 2242 die,
1010 2197 1053 2232 et
1066 2187 1209 2232 adhuc
1222 2198 1365 2243 nocte,
1387 2198 1514 2234 nocte
1527 2190 1571 2233 in
1584 2206 1808 2250 compara-

415 2253 533 2297 tione
544 2252 682 2298 futuri
703 2255 787 2299 diei
807 2272 938 2315 quem
967 2257 1260 2302 desideramus
1276 2293 1289 2314 ‚
1313 2259 1384 2303 die
1413 2259 1458 2303 in
1481 2261 1806 2320 comparatione

411 2325 642 2382 praeteritae
657 2326 794 2369 noctis
806 2328 875 2370 eui
890 2329 1236 2373 renuntiavimus
1255 2349 1263 2374 :
1284 2330 1330 2373 in
1346 2330 1427 2374 hac
1444 2346 1548 2390 ergo
1569 2366 1579 2385 ,
1601 2332 1799 2392 inquam,

412 2402 540 2437 noete
554 2397 691 2438 Deum
702 2396 971 2455 requiramus
981 2398 1180 2442 manibus
1193 2400 1466 2444 nostris.N0n
1479 2411 1645 2446 cessent
1655 2417 1801 2461 opera⁷

410 2478 654 2522 quaeramus
675 2467 834 2521 Deum,
863 2482 951 2511 non
967 2468 1021 2511 sit
1042 2468 1170 2512 inane
1193 2468 1471 2514 desiderium.
1503 2472 1542 2516 Si
1566 2472 1611 2515 in
1634 2472 1702 2517 via
1732 2489 1804 2517 su-

457 2563 464 2579 ¹
502 2569 511 2588 ι
543 2557 651 2589 Thess
680 2570 722 2598 v,
752 2571 799 2600 ¹9·
832 2577 867 2583 —·-
892 2568 904 2582 ²
934 2564 1022 2593 Rom.
1052 2574 1127 2601 xiii,
1152 2573 1200 2594 12.
1224 2581 1263 2585 --
1293 2562 1397 2596 3Job.
1424 2577 1494 2606 vu,
1531 2577 1558 2597 1.
1582 2566 1654 2596 -4
1684 2567 1799 2599 Mami.

413 2622 487 2650 xm,
513 2613 562 2643 30.

1912 585 1916 600 -
1910 462 1917 571 --η-..-
1908 367 1917 454 ae--o-
1910 341 1914 355 -
1905 201 1915 331 σαι-ᾳ·-
