1926 3339
418 265 659 294 ENARRATIO
691 268 736 294 m
768 265 972 295 PsALMUM
1003 269 1171 296 Lxxvn.
1397 262 1452 299 59

68 333 133 378 los
161 332 350 377 exerceri
381 332 427 376 in
456 347 528 376 eos
550 333 626 393 qui
654 332 736 377 illis
764 332 910 377 divina
942 335 1147 393 aequitate
1176 335 1448 392 subduntur,

67 402 469 448 convenientissime
489 402 694 447 creditur.
721 405 872 463 Neque
903 403 1017 447 enim
1053 419 1154 448 cum
1180 405 1230 448 fit
1251 406 1372 465 quod
1394 407 1453 451 ait

66 473 300 533 Apostolus
323 491 330 518 :
361 491 381 515 «
408 472 603 517 Tradidit
625 472 721 517 illos
744 476 857 518 Deus
879 474 924 518 in
956 474 1327 534 concupiscentias
1351 493 1452 521 cor-

68 562 89 585 »
124 543 189 588 dis
212 559 382 598 eorum,
406 552 457 587 ut
479 541 641 587 faciant
657 560 756 603 quae
777 559 866 588 non
886 545 1196 601 conveniunffl,
1216 563 1237 586 n
1254 562 1342 591 non
1361 546 1450 592 illic

64 613 167 658 mali
199 613 341 673 angeli
378 622 588 673 tanquam
616 613 661 657 in
695 615 874 658 materia
897 615 962 659 sui
998 615 1138 675 operis
1159 626 1386 660 versantur
1408 626 1452 662 et

66 683 259 743 gaudent
277 702 286 728 ε
305 684 465 744 quibus
480 684 714 742 justissime
734 684 909 729 subdita
932 694 995 728 est
1017 685 1222 730 vitiositas
1238 686 1448 744 humana,

64 764 222 814 praeter
243 770 315 799 eos
335 770 444 814 quos
459 755 616 799 liberat
632 756 781 814 gratia.
793 758 880 799 «Et
898 755 953 799 ad
966 756 1060 800 haec
1073 757 1170 816 quis
1187 757 1416 802 idoneus2?
1428 779 1446 801 »

64 825 190 870 Unde
211 841 311 870 cum
334 825 506 870 dixisset
527 845 536 870 :
561 827 714 870 «Misit
730 827 775 869 in
797 841 869 869 eos
886 826 991 869 iram
1016 826 1325 884 indignationis
1342 844 1447 884 suae,

65 913 85 937 »
120 896 465 954 indignationem
499 905 540 940 et
563 895 670 939 iram
700 905 743 940 et
772 895 1121 951 tribulationem,
1142 896 1450 942 immissionem

65 984 85 1008 »
119 981 197 1026 per
219 966 392 1025 angelos
414 965 548 1010 malos
569 987 580 1024 3
608 984 629 1007 »
653 966 765 1010 illud
787 966 908 1026 quod
930 965 1124 1020 addidit,
1161 986 1181 1009 t(
1199 968 1325 1011 Viam
1348 967 1452 1013 fecit

63 1055 84 1079 »
118 1037 282 1082 semitae
304 1037 379 1081 irae
400 1053 504 1091 suae,
521 1055 541 1078 »
557 1038 681 1097 cujus
703 1037 879 1081 tandem
896 1038 1005 1081 acies
1025 1038 1185 1082 sufficit
1207 1047 1447 1097 penetrare,

59 1117 110 1152 ut
132 1107 350 1167 intelligat
382 1108 614 1168 capiatque
643 1107 901 1151 sententiam
932 1108 978 1151 in
1010 1117 1130 1152 tanta
1153 1108 1452 1168 profunditate

59 1178 332 1223 latitantem?
357 1182 463 1223 Erat
487 1180 602 1223 enim
631 1179 781 1223 semita
802 1179 878 1222 irae
908 1179 1012 1235 Dei,
1035 1196 1121 1240 qua
1143 1181 1451 1239 AEgyptiorum

60 1250 327 1309 impietatem
352 1250 523 1294 occulta
552 1250 757 1310 aequitate
777 1249 953 1309 puniret
975 1269 983 1294 :
1017 1249 1093 1294 sed
1121 1250 1262 1294 eidem
1286 1251 1450 1295 semitae

59 1320 171 1364 viam
201 1319 302 1364 fecit
317 1355 329 1373 ‚
355 1329 405 1364 ut
437 1335 510 1364 eos
534 1329 744 1380 tanquam
767 1335 818 1363 cx
841 1319 997 1363 abditis
1019 1335 1096 1379 per
1117 1319 1253 1364 malos
1276 1320 1451 1379 angelos

57 1391 103 1434 in
124 1389 351 1434 manifesta
374 1390 534 1435 scelera
565 1391 834 1450 producens,
861 1390 906 1434 in
935 1391 1274 1435 evidentissimos
1295 1391 1450 1450 impios

58 1459 377 1505 evidentissime
399 1460 656 1505 vindicaret.
688 1460 756 1505 Ab
780 1461 863 1504 hac
890 1469 1104 1519 potestate
1129 1460 1348 1504 malorum
1371 1476 1451 1504 an-

58 1531 255 1590 gelorum
277 1547 367 1575 non
387 1530 542 1575 liberat
563 1531 787 1575 hominem
812 1531 891 1574 nisi
915 1530 1050 1589 gratia
1072 1531 1175 1585 Dei,
1201 1530 1256 1574 de
1273 1547 1358 1591 qua
1380 1530 1448 1574 di·-

55 1603 114 1646 cit
135 1602 369 1661 Apostolus
394 1622 402 1646 2
433 1621 453 1643 «
474 1602 558 1655 Qui
582 1603 695 1646 eruit
722 1618 800 1646 nos
823 1602 878 1645 de
907 1611 1120 1661 potestate
1143 1603 1420 1646 tenebrarum
1435 1638 1445 1658 ,

59 1690 79 1714 »
115 1681 158 1716 et
184 1671 404 1716 transtulit
436 1673 482 1716 in
508 1687 692 1730 regnum
729 1671 827 1716 Filii
849 1672 1070 1716 charitatis
1093 1674 1211 1716 suae3
1240 1692 1249 1718 :
1277 1691 1297 1714 »
1325 1674 1448 1733 cujus

55 1744 116 1787 rei
137 1742 326 1802 populus
348 1743 428 1787 iste
445 1744 631 1802 figuram
655 1742 847 1801 gerebat,
869 1759 971 1787 cum
994 1752 1104 1787 esset
1121 1753 1270 1788 erutus
1292 1744 1347 1787 de
1369 1759 1449 1803 po-

53 1821 207 1857 testate
234 1813 546 1872 AEgyptiorum
561 1849 572 1869 ,
605 1822 648 1857 et
668 1814 900 1858 translatus
922 1814 966 1857 in
990 1830 1173 1873 regnum
1196 1823 1322 1858 terrae
1345 1830 1448 1874 pro-

53 1884 266 1929 missionis
294 1884 469 1929 fluentis
489 1884 557 1929 lac
586 1893 630 1929 et
660 1885 772 1941 mel,
803 1884 923 1945 quod
955 1886 1211 1930 suavitatem
1232 1886 1447 1945 significat

54 1955 215 2013 gratiae.
423 1962 425 1964 ’

112 2027 280 2071 XXXI.
320 2026 528 2086 Sequitur
550 2041 654 2085 ergo
679 2035 778 2086 post
807 2027 1267 2071 commemorationem
1297 2028 1449 2087 plaga-

54 2113 152 2142 rum
173 2098 486 2158 AEgyptiorum
516 2098 738 2153 Psalmus,
776 2107 820 2142 et
852 2097 983 2143 dicit:
1003 2117 1022 2140 «
1047 2101 1104 2142 Et
1127 2098 1305 2143 abstulit
1335 2100 1447 2144 sicut

59 2186 80 2210 »
116 2184 216 2213 oves
238 2169 456 2228 populum
479 2184 629 2222 suum,
652 2179 696 2212 et
713 2168 918 2228 perduxit
945 2184 1016 2213 eos
1038 2178 1247 2229 tanquam
1276 2184 1448 2227 gregem

56 2258 77 2282 »
112 2241 159 2284 in
181 2240 367 2285 deserto.
392 2243 450 2285 Et
472 2240 652 2285 deduxit
672 2256 744 2285 eos
765 2240 810 2284 in
831 2256 906 2300 spe
920 2276 930 2296 ‚
946 2250 989 2285 et
1005 2256 1096 2285 non
1113 2241 1378 2296 timuerunt,
1405 2250 1449 2285 et

57 2312 93 2352 »⁹
112 2311 310 2356 inimicos
334 2328 486 2356 eorum
509 2312 681 2371 operuit
697 2327 816 2356 mare
830 2313 861 2355 ⁴.
886 2330 906 2352 a)
935 2315 1073 2357 Tanto
1090 2312 1140 2356 fit
1160 2312 1244 2356 hoc
1266 2312 1442 2366 melius,

53 2391 218 2442 quanto
255 2382 461 2437 interius,
495 2382 574 2426 ubi
606 2384 719 2426 eruti
751 2382 806 2426 de
834 2392 1049 2442 potestate
1085 2383 1363 2427 tenebrarum
1398 2383 1445 2426 in

53 2467 237 2512 regnum
271 2454 348 2497 Dei
382 2462 527 2497 mente
562 2452 864 2497 transferimur
880 2489 890 2508 ‚
926 2463 969 2497 et
1005 2453 1245 2497 secundum
1281 2468 1442 2513 pascua

101 2555 110 2570 ¹
130 2550 221 2581 Rom.
242 2548 350 2590 1,24.
376 2566 417 2571 -
441 2556 453 2571 ²
479 2557 498 2581 2
515 2550 586 2582 Cor.
608 2561 656 2588 u,
682 2549 734 2581 16.
755 2565 796 2572 —-·-
819 2547 833 2572 3
854 2549 970 2581 Coloss.
991 2560 1022 2591 ι,
1044 2549 1095 2581 13.
1127 2547 1199 2577 -4
1217 2549 1296 2581 Psal.
1318 2559 1442 2587 Lxxvu,

55 2602 110 2645 52,
130 2603 185 2636 53.
