1926 3339
452 323 535 361 360
889 332 923 360 s.
959 333 1188 361 Auous‘nm
1220 335 1400 362 muscom

447 398 646 443 docebat.
673 400 787 456 Ergo
807 398 894 458 ipsa
919 408 962 442 et
984 398 1104 443 sedes
1122 399 1198 443 Dei
1216 435 1227 455 ‚
1253 416 1353 460 quae
1381 408 1527 459 aperte
1560 398 1645 444 alio
1666 398 1763 444 loco
1782 399 1830 442 in
1891 415 1895 455 ‘.

448 470 666 530 Propheta
693 468 851 513 dicitur
888 489 896 513 :
934 487 955 511 «
1003 472 1139 529 Super
1179 486 1311 530 quem
1358 472 1599 530 requiescet
1647 469 1828 529 Spiritus
1893 504 1895 508 .

447 560 468 582 »
503 542 650 585 meus?
670 559 689 581 n
715 539 757 583 id
779 549 858 593 est,
882 539 960 582 ubi
981 540 1222 599 requiescet
1245 540 1424 599 Spiritus
1448 540 1540 595 Dei,
1566 539 1646 583 nisi
1662 540 1708 583 in
1726 538 1827 583 sede

443 612 551 657 Dei?
578 609 694 656 Audi
715 608 938 669 quomodo
964 609 1180 653 describat
1199 610 1333 668 ipsam
1363 611 1520 654 sedem.
1548 614 1678 654 Forte
1701 608 1826 653 audi-

441 692 565 726 turus
588 696 679 724 eras
699 688 1005 723 marmoratam
1026 679 1230 734 domum,
1256 680 1398 739 ampla
1427 681 1563 740 spatia
1588 680 1822 735 atriorum,

441 753 487 796 in
509 767 666 810 magna
692 750 920 794 altitudine
948 759 991 794 et
1015 749 1186 809 fulgore
1212 760 1442 795 tectorum.
1476 751 1592 795 Audi
1618 750 1726 810 q'uid
1746 751 1828 795 sibi

439 832 564 883 paret
580 825 694 866 Deus
716 841 724 866 ;
750 841 770 863 «
798 824 935 881 Super
957 837 1090 882 quem
1110 822 1349 882 requiescet
1368 823 1550 882 Spiritus
1571 825 1724 866 meus?
1743 825 1827 868 Su-

443 911 462 934 »
488 908 564 952 per
586 891 799 936 humilem
826 902 869 936 et
897 892 1121 953 quietum,
1152 901 1195 936 et
1221 901 1476 937 trementem
1496 893 1630 937 verba
1656 895 1823 937 mea¹.»

440 966 552 1008 Ecce
580 962 755 1007 humilis
778 978 822 1006 es
850 972 893 1007 et
922 963 1119 1023 quietus,
1145 972 1188 1007 et
1215 963 1259 1007 in
1292 972 1334 1007 te
1355 963 1525 1007 habitat
1547 967 1676 1008 Deus.
1702 962 1828 1007 Altus

440 1044 503 1078 est
526 1038 638 1079 Deus
654 1070 665 1089 ‚
696 1051 785 1078 non
811 1035 856 1077 in
891 1043 934 1078 te
961 1034 1152 1089 habitat,
1177 1034 1212 1078 si
1235 1033 1346 1078 altus
1365 1050 1453 1078 esse
1473 1034 1675 1079 volueris.
1700 1037 1828 1079 Certe

440 1105 550 1149 altus
578 1109 641 1149 vis
664 1120 752 1148 esse
769 1141 778 1159 7
805 1114 854 1148 ut
876 1105 1044 1148 habitet
1068 1105 1114 1148 in
1135 1113 1178 1148 te
1214 1124 1223 1148 ι
1255 1104 1431 1148 humilis
1453 1114 1544 1149 esto
1567 1114 1609 1149 et
1642 1113 1828 1148 tremens

437 1175 572 1220 verba
597 1176 703 1235 ejus,
730 1184 773 1218 et
793 1175 855 1217 ibi
878 1175 1060 1218 habitat.
1082 1177 1180 1219 Non
1203 1176 1326 1219 timet
1347 1185 1605 1219 trementem
1629 1175 1826 1230 domum,

439 1247 543 1306 quia
559 1247 651 1305 ipse
665 1245 783 1289 illam
800 1246 960 1289 firmat.
983 1249 1172 1289 «Parata
1189 1256 1253 1289 est
1265 1247 1387 1290 sedes
1404 1256 1496 1301 tua,
1517 1250 1648 1303 Deus,
1665 1262 1715 1290 ΘΧ
1735 1246 1824 1291 illo.

439 1334 460 1358 ³>
495 1319 560 1360 Ex
576 1315 673 1368 illo,
703 1335 721 1357 »
749 1315 795 1359 id
812 1325 896 1370 est,
922 1335 941 1358 «
963 1319 1026 1359 Ex
1051 1325 1156 1360 tunc
1184 1336 1192 1360 :
1224 1336 1242 1357 n
1276 1315 1321 1360 id
1341 1326 1425 1371 est,
1457 1317 1580 1377 quasi
1605 1316 1829 1377 quoddam

439 1397 611 1446 tempus
629 1387 856 1446 significat.
889 1407 907 1428 «
932 1390 995 1431 Ex
1018 1397 1141 1442 tunc,
1165 1406 1184 1428 n
1206 1403 1258 1431 ΘΧ
1272 1389 1390 1447 quo?
1412 1391 1542 1432 Forte
1565 1403 1618 1432 ex
1636 1388 1706 1432 die
1728 1398 1828 1432 ante

436 1459 685 1503 sabbatum.
717 1478 736 1501 «
757 1462 822 1503 Ex
844 1458 919 1503 illo
935 1495 945 1514 ,
975 1477 994 1499 υ
1017 1459 1118 1519 quia
1138 1459 1291 1504 titulus
1317 1459 1470 1504 Psalmi
1492 1460 1733 1520 praescribit
1749 1476 1830 1505 no·
1890 1468 1892 1470 '

439 1530 505 1574 bis
528 1545 578 1573 ΘΧ
596 1545 701 1589 quo.
732 1532 862 1574 Sexto
885 1530 999 1573 enim
1024 1529 1109 1584 die,
1137 1529 1180 1573 id
1208 1540 1286 1584 est,
1312 1540 1507 1590 tempore
1525 1531 1654 1591 hujus
1678 1531 1833 1574 mundi

437 1609 572 1655 sexto,
597 1599 718 1643 venit
740 1600 950 1643 Dominus
972 1600 1018 1643 in
1039 1615 1180 1644 carne.
1203 1604 1267 1644 Ex
1286 1600 1362 1645 illo
1386 1616 1503 1658 ergo,
1529 1601 1658 1661 plane
1681 1618 1730 1645 ΘΧ
1754 1601 1830 1646 illo

439 1670 682 1714 seeundum
704 1670 951 1725 hominem,
982 1686 1032 1714 ex
1061 1670 1152 1726 illo,
1175 1686 1225 1714 ΘΧ
1256 1680 1396 1715 utero.
1435 1671 1548 1724 Quid
1576 1672 1691 1716 enim
1725 1672 1831 1717 dicit

439 1740 547 1784 alius
578 1740 797 1785 Psalmus?
834 1760 854 1782 «
891 1743 941 1784 In
969 1740 1198 1800 splendore
1227 1751 1475 1786 sanctorum
1504 1757 1554 1786 ex
1595 1752 1735 1786 utero.
1778 1745 1831 1788 In

440 1828 460 1851 »
497 1809 728 1870 splendore
752 1820 1018 1865 sanctorum,
1042 1829 1061 1851 »
1087 1810 1135 1854 id
1158 1820 1243 1865 est,
1274 1820 1322 1855 ut
1341 1811 1647 1856 illuminentur
1672 1813 1826 1867 sancti,

438 1891 489 1925 ut
506 1882 683 1926 videant
710 1886 850 1926 Deum
873 1883 917 1926 in
941 1898 1094 1939 carne3
1118 1892 1160 1926 et
1183 1892 1394 1941 purgetur
1418 1899 1492 1927 cor
1507 1919 1517 1938 ,
1543 1883 1661 1927 unde
1681 1884 1830 1928 videa-

438 1952 578 1996 turin
607 1953 856 1996 Divinitate.
884 1972 902 1993 «
940 1956 991 1996 In
1024 1952 1255 2012 splendore
1288 1963 1538 1998 sanctorum
1563 1969 1617 2016 ,ΘΧ
1640 1963 1779 1998 utero.
1803 1972 1823 1995 »

440 2022 525 2068 Sed
542 2023 718 2084 quidibi
735 2024 966 2084 sequitur?
985 2028 1046 2068 Ne
1071 2023 1182 2068 forte
1201 2040 1250 2068 ex
1269 2034 1394 2068 utero
1417 2024 1520 2069 inde
1537 2025 1728 2085 incipere
1749 2041 1829 2084 pu-

435 2103 548 2138 tares
581 2109 669 2137 esse
702 2095 923 2138 Christum
950 2114 958 2138 :
989 2114 1009 2136 «
1040 2097 1154 2138 Ante
1176 2094 1410 2139 luciferum
1443 2096 1572 2153 genui
1605 2099 1686 2140 te2.
1713 2098 1827 2141 Cum

435 2164 630 2220 dixisset,
660 2184 680 2206 «
710 2168 757 2208 1η
778 2164 1008 2224 splendore
1035 2175 1283 2209 sanctorum
1317 2181 1368 2209 ex
1396 2176 1520 2210 utero
1547 2186 1556 2210 2
1584 2185 1603 2207 »
1642 2166 1827 2226 subjecit

435 2236 595 2290 statim,
622 2251 677 2279 ne
705 2248 880 2294 putares
909 2235 1130 2280 Christum
1165 2252 1188 2279 a
1211 2246 1406 2296 tempore
1435 2253 1525 2280 esse
1546 2237 1751 2296 coepisse,
1776 2252 1828 2280 ΘΧ

437 2322 525 2366 quo
547 2315 675 2350 natus
697 2315 784 2360 est,
816 2308 928 2360 sicut
955 2307 1090 2366 coepit
1112 2307 1252 2351 Adam
1268 2342 1278 2361 ,
1305 2308 1416 2351 sicut
1444 2307 1665 2351 Abraham
1683 2343 1693 2361 ‚
1714 2307 1827 2351 sicut

435 2375 600 2431 David,
630 2396 650 2418 «
681 2380 794 2420 Ante
812 2376 1042 2420 luciferum
1070 2378 1220 2434 genuit
1250 2386 1293 2420 te
1320 2397 1328 2422 :
1362 2397 1379 2419 n
1413 2387 1513 2422 ante
1545 2393 1674 2421 omne
1705 2377 1826 2438 quod

435 2446 724 2490 illuminatur.
748 2450 829 2490 Per
846 2446 1076 2490 luciferum
1096 2448 1234 2502 enim,
1263 2458 1337 2492 aut
1359 2448 1502 2492 stellas
1524 2463 1672 2493 omnes
1690 2448 1826 2507 signi-

435 2517 552 2572 ficat,
591 2527 633 2560 et
665 2533 742 2576 per
774 2517 917 2561 stellas
944 2527 1163 2577 tempora,
1201 2520 1302 2578 quia
1331 2519 1431 2563 fecit
1468 2523 1580 2563 Deus
1608 2519 1750 2564 stellas
1776 2520 1823 2563 in

436 2588 558 2647 signa
580 2597 825 2647 temporum
843 2590 874 2643 3,
907 2599 957 2633 ut
983 2599 1082 2633 aute
1111 2599 1307 2650 tempora
1340 2591 1532 2634 invenias
1559 2600 1709 2635 natum
1733 2605 1822 2634 esse

488 2679 494 2694 ¹
517 2673 585 2703 lsai.
609 2684 694 2706 rx‘w.
721 2683 738 2703 ·>.
774 2692 813 2694 —
835 2681 846 2695 ²
865 2673 944 2704 thal.
965 2685 1026 2709 cr<e
1057 2674 1074 2703 3
1106 2691 1145 2695 -
1167 2673 1180 2696 3
1197 2676 1275 2705 Gon.
1297 2687 1322 2711 r,
1352 2675 1400 2715 14'-
