1926 3339
389 294 631 323 murmano
663 297 709 323 m
739 295 943 323 PsALMUM
975 295 1133 323 Lxxvn.
1383 286 1438 326 43

55 361 154 406 Non
186 358 410 404 credentes
432 374 535 418 ergo
561 359 782 418 petierunt
810 374 926 403 escas
958 359 1185 403 animabus
1215 360 1316 404 suis.
1341 363 1439 406 Non

54 429 116 474 sic
134 428 353 488 apostolus
370 430 395 472 J
399 428 560 472 acobus
573 444 716 473 escam
737 429 894 472 mentis
908 429 1105 488 praecipit
1122 429 1348 488 postulari,
1365 430 1441 475 sed

56 516 80 544 a
98 499 376 543 credentibus
396 513 490 541 63111
511 499 601 558 peti
623 499 844 554 admonet,
864 515 954 544 non
975 515 999 543 a
1016 499 1287 544 tentantibus
1311 509 1441 560 atque

55 568 386 613 detrahentibus
408 571 513 612 Deo.
538 586 559 611 «
586 568 629 613 Si
652 568 749 628 quis
770 577 917 613 autem
937 579 1129 614 vestrum
1150 604 1161 624 ,
1185 569 1352 629 inquit,
1374 570 1444 614 in-

58 655 80 680 »
114 638 233 696 diget
265 638 495 697 sapientia,
526 638 717 697 postulet
749 655 773 683 a
807 642 922 695 Deo,
960 640 1036 699 qui
1059 639 1133 684 dat
1155 640 1358 685 omnibus
1378 639 1444 685 af-

56 727 79 752 »
114 709 325 763 fluenter,
360 718 403 753 et
424 724 515 753 non
536 710 831 769 improperat,
868 719 911 754 et
944 709 1122 754 dabitur
1154 712 1193 754 ei
1220 730 1229 756 ε
1254 711 1445 771 postulet

57 797 78 821 »
114 788 261 823 autem
282 779 328 822 in
350 777 437 823 fide
458 778 569 823 nihil
598 780 840 825 haesitans1.
869 798 889 821 »
923 783 1046 824 Hanc
1076 780 1210 824 fidem
1241 797 1331 826 non
1362 781 1444 826 ha-

54 849 189 894 bebat
207 849 441 907 generatio,
461 865 561 908 quae
581 865 656 894 cor
674 865 764 894 non
783 848 998 895 direxerat
1020 866 1164 906 suum,
1179 860 1222 896 et
1242 867 1332 896 non
1354 861 1446 896 erat

53 919 244 965 creditus
261 934 361 964 611111
386 922 475 963 Deo
492 919 668 978 spiritus
693 921 802 979 ejus.

112 992 235 1035 XVI.
271 1008 291 1031 «
315 992 498 1049 Propter
525 990 608 1034 hoc
647 990 814 1034 audivit
835 991 1073 1047 Dominus,
1099 1000 1143 1036 et
1173 991 1368 1049 distulit,
1404 1003 1448 1038 et

57 1078 79 1103 n
113 1060 225 1119 ignis
244 1075 447 1105 accensus
466 1069 531 1105 est
551 1060 598 1104 in
616 1061 770 1115 Jac'bb,
792 1072 836 1105 et
856 1063 917 1106 ira
940 1062 1134 1107 ascendit
1155 1063 1201 1107 in
1225 1064 1397 1108 1513612.
1422 1083 1443 1106 »

55 1130 269 1190 Exposuit
303 1129 412 1190 quid
450 1131 597 1188 ignem
635 1131 807 1177 dixerit.
856 1135 970 1176 Iram
1016 1133 1179 1193 quippe
1216 1134 1450 1194 appellavit

54 1202 201 1261 ignem
223 1220 231 1247 :
254 1217 505 1261 quanquam
527 1200 687 1246 multos
705 1203 879 1262 proprie
896 1203 1028 1247 etiam
1050 1204 1159 1261 ignis
1183 1205 1444 1250 accenderit.

57 1272 174 1327 Quid
197 1287 298 1330 ergo
317 1281 381 1316 est
403 1273 525 1333 quod
547 1274 626 1318 ait:
658 1292 678 1316 «
699 1273 882 1318 Audivit
903 1275 1130 1330 Dominus,
1152 1284 1196 1320 et
1216 1275 1410 1322 distulit?
1424 1296 1444 1319 »

55 1347 127 1390 An
160 1343 329 1388 distulit
355 1360 427 1388 eos
452 1343 731 1389 introducere
755 1346 802 1389 in
823 1355 984 1390 terram
1011 1347 1306 1406 promissionis
1322 1383 1333 1403 ,
1358 1364 1448 1409 quo

56 1415 356 1473 ducebantur,
370 1415 492 1475 quod
508 1416 621 1460 intra
637 1432 798 1476 paucos
820 1416 910 1466 dies
923 1418 1016 1460 fieri
1029 1427 1216 1476 poterat,
1231 1418 1307 1462 sed
1323 1435 1451 1479 prop-

56 1495 124 1532 ter
144 1495 321 1547 peccata
342 1486 388 1530 in
409 1502 555 1531 eremo
583 1485 759 1532 fuerant
781 1487 1065 1543 conterendi,
1098 1488 1176 1532 ubi
1205 1498 1248 1532 et
1273 1490 1449 1534 contriti

56 1566 159 1603 sunt
174 1572 252 1616 per
273 1557 562 1617 quadraginta
579 1560 742 1602 annos?
764 1557 894 1611 Quod
911 1557 944 1602 si
965 1558 1022 1602 ita
1044 1568 1130 1612 est,
1154 1559 1324 1603 distulit
1346 1575 1450 1619 ergo

56 1626 271 1688 populum
288 1662 300 1682 ‚
337 1643 427 1672 non
451 1628 554 1672 istos
581 1627 696 1687 ipsos
725 1628 802 1689 qui
831 1637 1048 1674 tentantes
1075 1628 1366 1675 detrahebant
1395 1631 1450 1675 de

57 1702 178 1757 Deo,
211 1714 312 1744 nam
341 1714 491 1744 omnes
525 1699 572 1743 in
604 1715 750 1745 eremo
778 1700 1024 1760 perierunt,
1056 1710 1099 1745 et
1130 1699 1208 1745 filii
1232 1716 1384 1746 eorum
1405 1703 1450 1747 in

56 1779 216 1816 terram
232 1771 525 1830 promissionis
545 1771 727 1831 ingressi
744 1782 861 1817 sunt.
885 1775 954 1817 An
977 1771 1147 1817 distulit
1170 1788 1346 1833 poenam
1362 1810 1377 1830 ,
1401 1784 1452 1819 ut

56 1841 177 1901 prius
196 1841 372 1886 satiaret
391 1841 521 1885 etiam
541 1840 767 1886 infidelem
794 1844 1192 1903 concupiscentiam
1205 1879 1215 1899 ,
1241 1860 1296 1888 ne
1317 1861 1452 1905 prop—

58 1922 175 1958 terea
204 1921 433 1972 putaretur
468 1913 626 1967 iratus,
654 1913 757 1973 quia
785 1915 868 1958 1106
898 1914 953 1958 ab
979 1913 1055 1959 illo
1075 1950 1085 1969 ,
1111 1914 1213 1959 licet
1234 1924 1452 1960 tentantes

57 1992 102 2028 et
117 1981 423 2038 detrahentes,
443 1982 656 2043 petebant
672 1984 795 2044 quod
826 1983 970 2029 faeere
1004 2001 1095 2029 non
1120 1987 1296 2044 posset?
1320 2005 1340 2028 «
1360 1989 1454 2030 Au-

61 2071 82 2096 »
117 2053 227 2097 divit
255 2068 356 2111 ergo
381 2062 424 2097 et
447 2052 618 2097 distulit
647 2072 667 2095 >›
692 2054 913 2099 vindicare
939 2074 948 2099 :
974 2064 1018 2098 et
1039 2064 1323 2115 posteaquam
1348 2055 1455 2101 fecit

59 2123 181 2185 quod
217 2139 318 2168 eum
343 2122 408 2167 illi
443 2123 585 2168 facere
614 2139 704 2169 non
726 2140 849 2185 posse
885 2134 1174 2185 putaverunt,
1200 2134 1306 2174 tunc
1337 2145 1358 2168 «
1384 2129 1453 2172 Ira

62 2213 83 2237 11
118 2195 313 2239 ascendit
330 2194 377 2238 in
400 2194 546 2239 Israel.
570 2213 591 2236 »

118 2267 263 2310 XVII.
280 2265 479 2325 Denique
498 2274 688 2325 utroque
700 2265 890 2311 breviter
908 2266 1065 2327 posito,
1078 2265 1283 2327 deinceps
1307 2276 1455 2327 aperte

59 2334 260 2380 ordinem
293 2336 551 2381 narrationis
589 2337 835 2397 exequitur.
872 2357 892 2379 «
928 2338 1039 2391 Quia
1064 2353 1153 2382 non
1176 2336 1456 2383 crediderunt

64 2424 85 2448 »
118 2405 166 2449 in
183 2409 289 2460 Deo,
310 2422 390 2450 nec
406 2415 690 2466 speraverunt
709 2406 754 2450 in
776 2406 963 2452 salutare
984 2409 1125 2468 ejus.»
1142 2410 1340 2468 Namque
1355 2424 1456 2453 cum

61 2475 237 2521 dixisset
255 2496 263 2521 :
283 2496 303 2518 «
321 2481 460 2530 Quare
478 2477 588 2536 ignis
603 2492 807 2522 accensus
822 2487 885 2522 est
898 2479 943 2521 in
958 2478 1111 2533 Jacob,
1130 2487 1172 2523 et
1184 2479 1245 2522 ira
1261 2478 1454 2523 ascendit

64 2565 85 2588 »
102 2547 148 2590 in
164 2546 311 2603 Israel,
331 2547 408 2591 »id
421 2548 643 2602 est,«Quia
661 2563 752 2592 11011
768 2547 1046 2594 crediderunt
1066 2549 1113 2593 in
1130 2551 1237 2604 Deo,
1255 2564 1335 2594 1166
1352 2564 1453 2609 spe-

114 2637 123 2654 ¹
143 2631 255 2665 Jacob.
275 2643 299 2672 1,
316 2631 349 2672 5,
366 2632 398 2664 6.
418 2649 458 2656 —
479 2639 492 2656 ²
512 2630 592 2667 Psal.
612 2642 729 2674 Lxxvu,
745 2641 799 2664 21.
