1926 3339
365 334 608 363 ENARRATIO
640 337 686 363 ΙΝ
716 337 922 364 ῬεΑιΜυΜ
954 338 1142 366 Lxxxvn.
1384 329 1469 370 243

82 413 210 458 supra
231 397 399 445 dixerat
428 417 438 442 ε
478 419 498 443 «
531 404 582 445 In
611 401 826 461 sepulcro.
853 420 872 444 »
901 403 970 447 Sic
1005 412 1150 447 autem
1184 403 1352 448 dictum
1376 417 1466 452 est:

85 489 105 512 «
139 473 190 514 In
218 471 417 530 sepulcro
443 492 451 516 :
481 491 500 513 »
536 482 586 516 ut
618 472 919 531 intelligantur
949 474 978 518 ii
1008 476 1083 535 qui
1115 484 1217 519 sunt
1251 476 1297 519 in
1319 477 1468 536 sepul-

79 555 152 584 cro
167 575 177 595 ‚
203 541 280 601 qui
301 550 344 585 et
365 544 561 601 superius
583 543 810 601 significati
836 555 939 589 sunt
959 546 1136 590 nomine
1162 556 1437 591 mortuorum
1453 583 1464 603 ‚

79 610 155 655 ubi
182 611 266 656 ait:
287 613 513 674 Numquid
531 615 711 659 mortuis
732 615 862 660 facies
889 616 1133 661 mirabilia?
1154 617 1324 662 Animae
1347 634 1471 663 nam-

16 700 19 718 :
79 697 163 742 que
204 693 387 728 mortuae
426 701 584 745 corpus
623 688 870 747 sepulcrum
904 698 983 733 est.
1022 690 1148 733 Unde
1177 690 1387 734 Dominus
1420 691 1466 734 in

15 762 19 820 Ξ
77 752 315 812 Evangelio
348 754 507 800 talibus
536 757 642 801 dicit
674 777 684 802 ι
719 777 739 800 «
772 758 937 803 Similes
969 759 1069 803 estis
1104 759 1313 819 sepulcris
1344 759 1469 805 deal—

15 835 18 863 ;
81 841 102 865 n
135 823 273 880 batis,
301 841 401 885 quae
432 826 537 871 foris
570 838 780 888 apparent
807 830 1059 874 hominibus
1093 831 1307 889 speciosa,
1345 832 1462 877 intus

81 912 101 936 >1
133 910 236 939 vero
263 895 391 955 plena
413 907 514 942 sunt
531 899 698 943 ossibus
721 909 995 944 mortuorum
1017 910 1060 944 et
1081 901 1201 945 omni
1227 902 1433 961 spurcitia
1451 922 1461 948 ε

81 982 101 1006 »
135 965 194 1009 sic
210 974 254 1009 et
274 981 349 1010 vos
372 982 394 1011 a
412 967 515 1012 foris
537 969 717 1028 quidem
738 970 897 1029 paretis
922 970 1176 1015 hominibus
1195 972 1324 1031 justi3
1347 973 1466 1017 intus

13 1027 15 1101 Ξ
80 1053 102 1077 »
135 1045 282 1080 autem
301 1036 420 1096 pleni
442 1038 539 1083 estis
562 1039 810 1099 hypocrisi,
835 1050 877 1084 et
900 1041 1174 1101 iniquitate1.
1203 1059 1224 1083 »

133 1109 236 1151 XII.
272 1127 292 1149 «
330 1109 555 1169 Numquid
591 1121 910 1170 cognoscentur
947 1111 993 1155 in
1027 1112 1218 1156 tenebris
1252 1113 1468 1160 mirabilia

12 1164 15 1246 ζ
79 1195 100 1218 »
134 1186 233 1233 tua,
257 1187 300 1222 et
316 1180 483 1239 justitia
507 1190 580 1224 tua
601 1181 646 1225 in
662 1191 773 1225 terra
784 1182 926 1226 oblita
942 1184 984 1226 2?
1004 1182 1169 1237 »Quod
1185 1193 1264 1239 est,
1290 1202 1307 1224 «
1331 1188 1383 1229 In
1406 1194 1467 1229 te-

11 1251 14 1279 ?
78 1265 99 1289 n
133 1249 300 1307 nebris3
328 1268 347 1291 »
379 1251 463 1295 hoc
494 1261 579 1307 est,
609 1270 629 1293 ‹<
654 1255 707 1295 In
735 1261 849 1296 terra
878 1252 1030 1298 oblita.
1062 1272 1081 1295 »
1112 1254 1316 1299 Infideles
1349 1256 1465 1301 enim

10 1316 13 1353 ἐ
75 1318 372 1377 significantur
396 1322 572 1366 nomine
604 1323 899 1367 tenebrarum.
930 1324 1043 1368 Hinc
1069 1324 1174 1368 dicit
1196 1326 1461 1385 Apostolus:

79 1408 100 1431 «
133 1393 165 1433 F
175 1391 292 1435 uistis
314 1392 429 1436 enim
451 1393 688 1453 aliquando
713 1395 946 1438 tenebrae3.
974 1413 994 1436 »
1023 1395 1090 1440 Sic
1108 1405 1151 1439 et
1173 1404 1285 1440 terra
1303 1396 1437 1441 oblita
1452 1433 1464 1452 ‚

74 1461 206 1506 homo
229 1472 292 1507 est
309 1465 384 1524 qui
405 1464 568 1509 oblitus
590 1474 654 1509 est
676 1468 830 1509 Deum.
856 1469 1003 1510 Potest
1027 1482 1218 1527 namque
1241 1468 1383 1512 anima
1401 1468 1463 1512 in-

73 1533 212 1579 fidelis
227 1551 366 1595 usque
379 1536 435 1580 ad
452 1545 592 1580 tantas
610 1537 809 1580 tenebras
831 1538 1071 1596 pervenire,
1097 1547 1147 1581 ut
1169 1537 1285 1583 dicat
1307 1539 1466 1584 stultus

73 1605 118 1649 in
139 1605 270 1649 c'orde
292 1622 370 1650 suo
389 1625 397 1651 ε
420 1609 548 1651 «Non
569 1616 632 1650 est
649 1610 762 1650 Deus
776 1608 807 1651 ⁴.
829 1626 848 1648 »
868 1611 1001 1652 Totus
1018 1623 1122 1667 ergo
1144 1609 1224 1652 iste
1242 1624 1390 1653 sensus
1406 1610 1465 1654 ita

73 1677 354 1721 continuatur
374 1686 504 1738 atque
521 1678 794 1722 contexitur:
825 1697 845 1720 «
866 1677 1060 1722 Clamavi
1079 1678 1135 1722 ad
1156 1688 1199 1722 te
1215 1714 1225 1734 ,
1254 1680 1460 1736 Domine,

76 1748 220 1792 »inter
232 1749 450 1808 passiones
466 1764 598 1807 meas·⁷
609 1758 699 1793 tota
713 1748 783 1792 die
798 1749 986 1808 expandi
1001 1765 1155 1793 manus
1171 1765 1286 1794 meas
1301 1752 1354 1794 ad
1369 1761 1411 1795 te
1424 1771 1432 1796 :
1443 1770 1462 1793 υ

72 1817 118 1862 id
142 1828 231 1873 est,
265 1835 355 1863 non
381 1819 525 1863 destiti
560 1819 615 1864 ad
644 1829 687 1863 te
718 1819 1050 1877 glorificandum
1073 1821 1304 1865 extendere
1333 1838 1464 1881 opera

71 1901 181 1932 mea.
208 1892 299 1934 Cur
316 1905 417 1947 ergo
432 1890 477 1932 in
498 1905 568 1933 me
589 1890 710 1949 impii
726 1890 925 1945 saeviunt,
950 1890 1030 1934 nisi
1048 1891 1149 1950 quia
1169 1892 1351 1936 mortuis
1373 1908 1464 1937 non

71 1959 200 2004 facies
223 1960 467 2005 mirabilia?
495 1960 544 2005 Id
561 1970 647 2015 est,
673 1977 762 2005 non
785 1962 844 2005 eis
866 1971 1198 2006 commoventur
1222 1963 1277 2006 ad
1299 1963 1431 2008 fidem
1446 1999 1457 2019 ‚

71 2045 151 2075 nec
184 2030 339 2074 medici
372 2046 444 2075 eos
478 2032 829 2087 exsuscitabunt,
864 2040 913 2075 ut
946 2033 1237 2076 confiteantur
1270 2033 1349 2077 tibi
1363 2069 1373 2088 ⁷
1413 2034 1459 2078 in

71 2102 228 2161 quibus
254 2101 424 2146 occulta
446 2102 579 2160 gratia
601 2111 676 2145 tua
694 2118 783 2146 non
805 2112 1025 2161 operatur,
1049 2118 1135 2163 qua
1158 2104 1387 2147 trahantur
1410 2114 1460 2149 ut

72 2172 275 2217 credant:
296 2174 398 2233 quia
421 2189 549 2217 nemo
571 2175 690 2218 Venit
707 2173 762 2217 ad
787 2188 870 2225 me,
897 2173 977 2216 nisi
995 2189 1125 2233 quem
1148 2183 1198 2217 tu
1219 2176 1458 2220 attraxeris.

75 2262 95 2285 «
128 2246 236 2288 Nam
254 2247 350 2305 quis
372 2245 589 2288 enarrabit
611 2244 657 2287 in
679 2243 880 2302 sepulcro
901 2243 1239 2288 misericordiam
1259 2254 1379 2289 tuam
1397 2281 1407 2301 ⁷
1438 2264 1457 2287 η

70 2313 116 2357 id
144 2323 232 2370 est⁷
267 2315 422 2359 animae
451 2324 663 2368 mortuae,
694 2315 817 2374 cujus
844 2315 990 2358 mors⁶
1007 2315 1124 2374 jacet
1155 2315 1236 2358 sub
1270 2316 1462 2376 corporis

71 2386 293 2445 pondere?
316 2406 336 2428 «
359 2390 416 2431 Et
436 2387 662 2431 veritatem
690 2395 811 2430 tuam
843 2387 888 2429 in
914 2385 1183 2445 perditione,
1212 2405 1232 2428 »
1258 2388 1342 2432 hoc
1371 2398 1458 2445 est,

70 2455 116 2500 in
140 2457 212 2501 tali
234 2466 370 2502 morte
393 2457 503 2500 nihil
527 2458 684 2501 horum
714 2456 876 2501 valenti
904 2455 1079 2501 credere
1107 2467 1238 2518 atque
1278 2460 1462 2504 sentire?

70 2528 295 2588 Numquid
316 2529 432 2572 enim
458 2529 504 2572 in
524 2528 714 2572 tenebris
735 2528 809 2587 huj
820 2543 866 2571 us
887 2528 1038 2572 mortis
1056 2563 1068 2584 ,
1092 2528 1176 2572 hoc
1197 2538 1281 2585 est,
1312 2530 1357 2573 in
1379 2531 1461 2575 ho—

118 2632 127 2648 ¹
146 2625 368 2666 Mattl1.xx1u‚
382 2634 438 2666 27,
456 2625 511 2657 28.
525 2641 568 2647 -·
587 2631 600 2647 ²
622 2624 703 2656 Psal.
723 2634 867 2665 Lxxxvu,
887 2625 936 2657 13.
954 2641 997 2648 -—-
1013 2623 1025 2648 3
1044 2625 1159 2667 Ephes.
1177 2636 1212 2667 v,
1231 2625 1265 2658 8.
1286 2643 1327 2649 -
1341 2625 1358 2654 4
1374 2627 1457 2662 Psal.

71 2690 143 2723 xiu,
164 2692 194 2713 1.
218 2697 260 2704 —
275 2678 291 2705 ⁶
309 2680 417 2714 Forte
435 2680 527 2713 latet.
549 2695 590 2703 —
613 2676 739 2714 ⁶Joan.
759 2690 805 2722 vi,
824 2678 881 2721 44.

1207 2733 1271 2774 16.
