1926 3339
383 266 623 296 ENARRA‘HO
655 270 701 295 m
733 267 936 297 PsALMUM
968 272 1134 298 Lxxvn.
1377 267 1431 304 63

55 340 104 376 ut
125 340 267 376 vetere
286 332 478 376 vanitate
507 348 597 377 non
618 347 662 376 se
682 342 864 389 exuant,
894 334 1054 379 similes
1074 344 1177 380 sunt
1204 337 1434 384 hostilibus

52 401 224 460 populis
239 436 250 458 ,
273 402 350 462 qui
363 404 521 447 Arcam
544 403 789 447 testamenti
811 404 1070 464 captivatam
1085 407 1209 466 juxta
1229 422 1305 451 sua
1319 408 1436 454 idola

51 482 306 531 posuerunt.
342 475 399 517 Et
431 472 505 517 illa
538 472 717 533 quidem
744 482 890 518 vetera
919 475 1047 519 etiam
1069 476 1153 520 illis
1185 476 1436 523 nolentibus

52 540 216 587 cadunt
239 561 248 587 :
274 561 292 583 «
325 542 434 596 Quia
461 544 600 587 omnis
629 558 728 588 caro
752 542 921 588 foenum
937 579 949 600 ,
985 554 1028 589 et
1051 545 1220 591 claritas
1249 548 1436 592 hominis

54 630 75 653 »
110 621 160 657 ut
181 612 261 657 flos
284 612 409 657 foeni.
436 616 625 658 Foenum
657 615 789 670 aruit,
820 625 863 660 et
889 616 968 660 flos
990 615 1152 661 decidit
1181 637 1189 662 :
1217 621 1328 662 Arca
1359 634 1437 662 au-

56 701 74 723 »
112 691 196 726 tem
226 683 400 728 Domini
423 693 571 728 manet
597 684 644 727 in
676 694 888 729 aeternum
908 688 945 741 1,
980 703 1000 727 »
1026 696 1241 731 secretum
1274 687 1437 734 scilicet

52 754 299 797 testamenti
322 768 502 812 regnum
532 754 745 800 coelorum
761 791 771 810 ,
803 756 881 799 ubi
904 766 968 800 est
995 766 1208 801 aeternum
1240 759 1437 803 Verbum

51 824 143 868 Dei.
173 824 258 869 Sed
277 824 340 868 illi
360 826 436 886 qui
455 826 692 885 posteriora
717 826 985 883 dilexerunt,
1012 843 1065 872 ex
1087 829 1187 888 ipsis
1201 830 1437 888 justissime

51 895 391 954 cruciabantur:
423 916 442 938 «
480 898 780 957 Opprobrium
817 899 933 943 enim
972 900 1284 958 sempiternum
1315 899 1440 945 dedit

55 986 74 1009 »
108 966 206 1010 illis.
237 987 256 1009 »

107 1040 225 1082 XLI.
262 1057 279 1079 «
315 1041 373 1083 Et
397 1039 578 1099 repulit,
612 1040 778 1100 inquit,
808 1040 1143 1085 tabernaculum
1175 1042 1360 1101 Joseph,
1395 1052 1440 1087 et

53 1125 74 1149 »
110 1107 275 1152 tribum
298 1109 505 1168 Ephraem
530 1126 620 1154 non
648 1109 794 1169 elegit.
828 1112 885 1155 Et
909 1110 1038 1169 elegit
1061 1111 1226 1155 tribum
1244 1111 1386 1156 Juda2
1414 1132 1433 1153 »

49 1181 147 1224 Non
168 1178 297 1234 dixit,
320 1179 497 1240 Repulit
515 1181 847 1225 tabernaculum
865 1182 1048 1238 Ruben,
1070 1182 1146 1242 qui
1164 1181 1249 1226 fuit
1272 1182 1438 1241 primo-

52 1249 221 1307 genitus
237 1252 261 1293 J
265 1251 390 1308 acob3
416 1266 496 1294 nec
513 1267 584 1295 eos
606 1252 683 1311 qui
700 1262 960 1312 sequuntur,
982 1261 1025 1295 et
1042 1254 1066 1296 J
1074 1252 1203 1296 udam
1219 1253 1437 1297 nascendo

51 1320 306 1378 praecedunt
326 1329 376 1364 ut
395 1319 480 1365 illis
498 1320 678 1380 repulsis
698 1331 741 1365 et
758 1337 848 1367 non
869 1322 1016 1367 electis
1030 1357 1041 1377 ,
1066 1322 1204 1367 tribus
1226 1323 1340 1367 Juda
1357 1322 1438 1366 eli-

51 1399 238 1450 geretur.
267 1395 442 1436 Poterat
465 1392 581 1435 enim
605 1392 692 1437 dici
713 1393 869 1438 merito
896 1392 992 1437 illos
1022 1393 1241 1453 repulsos;
1271 1393 1373 1454 quia
1396 1403 1439 1438 et

50 1461 96 1505 iu
112 1461 419 1505 benedictione
442 1461 600 1516 Jacob,
626 1479 713 1522 qua
731 1478 831 1507 suos
849 1461 960 1506 filios
987 1462 1212 1507 benedixit
1228 1498 1238 1518 ‚
1264 1472 1440 1522 peccata

50 1548 202 1577 eorum
219 1542 557 1577 commemorata
576 1534 763 1592 graviter
780 1533 1018 1578 detestatur
1033 1534 1047 1558 ³
1071 1552 1080 1578 z
1098 1535 1296 1594 quamvis
1317 1533 1363 1577 in
1380 1534 1439 1578 eis

50 1604 187 1648 tribus
210 1603 313 1647 Levi
336 1602 609 1647 sacerdotalis
631 1604 771 1647 tribus
798 1619 887 1648 csse
915 1604 1144 1659 meruerit,
1169 1604 1287 1648 unde
1310 1604 1440 1648 etiam

49 1677 221 1732 Moyses
238 1673 322 1718 fuit
336 1675 368 1717 4.
389 1676 478 1719 Nec
500 1672 625 1729 dixit,
643 1673 821 1733 Repulit
834 1674 1168 1718 tabernaculum
1188 1674 1437 1734 Benjamin,

50 1744 135 1799 vel,
154 1745 333 1788 Tribum
344 1745 569 1804 Benjamin
585 1759 675 1788 non
686 1744 830 1802 elegit,
844 1759 896 1787 ex
904 1760 990 1804 qua
1004 1759 1077 1788 rex
1092 1760 1182 1788 esse
1190 1745 1280 1805 jam
1294 1759 1441 1804 coepe-

50 1824 142 1873 rat,
170 1830 270 1859 nam
291 1814 392 1859 inde
415 1814 558 1863 fuerat
579 1814 742 1858 electus
766 1814 869 1859 Saiil
885 1817 899 1840 ⁵
922 1834 931 1858 :
952 1814 1071 1858 unde
1093 1830 1144 1858 ex
1172 1815 1259 1871 ipsa
1284 1815 1439 1859 vicini-

51 1895 139 1930 tate
158 1885 363 1944 temporis
376 1920 386 1940 ,
407 1883 586 1945 quando
608 1884 682 1930 ille
707 1885 903 1943 repulsus
920 1894 984 1928 est
1005 1894 1138 1945 atque
1160 1886 1438 1945 reprobatus,

52 1965 96 2001 et
117 1955 256 2001 David
277 1955 441 1999 electus
462 1957 501 2010 ⁶,
529 1955 839 1999 convenienter
860 1964 1004 2014 posset
1025 1956 1109 2000 hoc
1138 1955 1251 2014 dici3
1276 1972 1356 2001 nec
1378 1966 1443 2001 ta-

51 2043 152 2072 men
174 2028 341 2073 dictum
363 2036 427 2071 est
445 2045 454 2071 ι
475 2025 551 2070 sed
573 2041 644 2069 eos
666 2026 937 2084 potissimum
963 2026 1227 2081 nominavit,
1254 2028 1331 2086 qui
1352 2027 1442 2072 cla-

51 2098 239 2143 rioribus
267 2097 432 2141 meritis
458 2095 722 2141 videbantur
749 2094 972 2139 excellere.
1006 2099 1115 2141 Nam
1138 2098 1300 2156 Joseph
1322 2098 1442 2156 pavit

51 2169 96 2213 in
118 2171 310 2228 AEgypto
331 2176 499 2227 patrem
519 2175 563 2210 et
582 2165 733 2210 fratres
755 2181 876 2220 suos,
902 2174 946 2209 et
964 2165 1094 2224 impie
1121 2166 1325 2211 venditus
1349 2182 1443 2210 me-

52 2240 137 2285 rito
159 2241 329 2300 pietatis
344 2274 354 2294 ,
380 2238 585 2283 castitatis
603 2273 615 2293 ,
647 2237 870 2297 sapientiae
885 2272 896 2292 ,
928 2237 1164 2297 justissime
1186 2238 1442 2282 sublimatus

53 2313 168 2369 est73
194 2320 237 2354 et
259 2310 466 2369 Ephraem
490 2308 641 2369 majori
655 2308 778 2352 fratri
798 2307 866 2352 avi
887 2308 954 2351 sui
982 2308 1118 2352 Jacob
1134 2308 1442 2353 benedictione

53 2381 259 2442 praelatus
290 2382 387 2425 estS
413 2399 421 2424 :
452 2388 496 2424 et
525 2388 673 2424 tamen
706 2381 822 2423 Deus
848 2398 864 2419 <1
898 2377 1076 2438 Repulit
1107 2379 1443 2424 tabernaculum

102 2505 111 2520 ¹
138 2498 208 2529 lsai.
230 2507 282 2536 xi,
300 2496 335 2535 6,
354 2506 439 2537 7.—-
455 2501 469 2518 ²
487 2493 571 2526 Psal.
594 2504 710 2532 uxvn,
729 2493 855 2534 67,68.
870 2509 912 2516 -
927 2491 940 2516 3
957 2494 1038 2525 Gen.
1058 2503 1143 2535 mx,
1168 2504 1234 2535 1-7.
1256 2510 1298 2516 ——
1311 2492 1327 2522 4
1340 2494 1437 2526 Exod.

55 2566 102 2594 11,
140 2565 168 2584 1.
189 2570 231 2575 —
252 2550 268 2575 ⁵
296 2563 308 2582 ι
338 2554 417 2594 Reg.
438 2563 494 2592 xx,
518 2562 546 2583 1.
575 2567 617 2573 -—
645 2547 822 2590 61d.xv1,
847 2561 859 2580 1
888 2553 921 2580 et
943 2550 993 2582 13.
1021 2556 1095 2582 —-7
1114 2551 1195 2582 Gen.
1219 2561 1288 2592 xm,
1314 2548 1368 2591 4ο.
1395 2567 1437 2572 -

57 2609 134 2642 81d.
163 2620 277 2650 uvm,
300 2618 353 2650 19.
