1926 3339
10 314 36 372 l*
381 336 621 364 ENARRA'HO
655 339 697 363 ιΝ
731 336 932 364 ΡεΑωιυΜ
966 338 1129 364 anxix.
1339 332 1422 369 289

9 376 14 449 ἓ

47 422 67 445 «
100 401 221 446 Alter
254 410 295 445 te
316 436 326 456 ,
360 402 527 460 inquit,
558 400 721 458 cinget‚
752 410 795 447 et
816 400 926 444 feret
954 417 1042 460 quo
1074 411 1121 445 tu
1141 418 1230 446 non
1253 405 1338 447 vis¹
1368 425 1376 449 :
1401 424 1419 446 »

2 454 238 625 {quamvis
260 472 466 529 martyrio
498 486 587 515 non
608 470 904 530 puniendum,
932 472 1008 516 sed
1030 473 1344 517 coronandum.
1368 478 1426 518 Et

0 560 7 602 ζ
43 542 174 602 ipsius
196 542 363 585 Domini
385 541 528 585 anima
556 557 633 585 nos
658 541 703 584 in
731 557 775 584 se
808 543 1141 601 transfigurans,
1174 543 1304 587 tristis
1336 554 1427 588 erat

0 636 3 656 :
41 627 178 672 usque
203 611 256 656 ad
288 620 471 656 mortem
489 615 506 637 ²
537 630 544 656 :
575 612 783 671 quoniam
813 621 856 656 et
895 613 1063 657 Domini
1093 613 1230 657 exitus
1253 614 1427 659 nonnisi

0 631 15 728 l
40 682 230 727 mortisss.

10 743 16 828 ἱ
99 756 220 798 VIII.
251 772 268 791 «
295 753 479 797 Posuisti
501 753 749 813 iniquitates
771 763 936 798 nostras
950 756 995 797 in
1010 765 1245 814 conspectu
1267 766 1343 801 tuo
1371 777 1379 801 :
1402 776 1421 798 »

0 826 17 872 tt
41 824 86 869 id
106 833 185 879 est,
211 840 299 868 non
321 824 376 868 ab
394 823 452 867 eis
476 823 768 868 dissimulasti.
795 844 811 864 «
842 823 1061 869 Saeculum
1084 835 1281 870 nostrum
1300 828 1345 870 in
1372 828 1426 871 il-

11 876 16 941 l
44 915 64 939 »
100 895 386 939 luminatione
408 893 554 948 vultus
592 894 696 937 tui⁴.
725 913 745 934 »
774 894 1070 949 Subauditur,
1096 895 1292 953 posuisti.
1327 916 1348 938 «
1376 901 1427 941 In

12 946 16 1026 l
42 985 63 1010 ι)
97 965 416 1010 illuminatione
438 975 585 1009 autem
602 964 749 1008 vultus
773 965 852 1019 tui,
879 985 896 1005 »
915 964 1022 1008 dixit
1039 986 1050 1022 3
1068 965 1191 1025 quod
1211 968 1423 1026 superius,

12 1031 14 1036 ⁷
45 1057 65 1081 «
97 1038 143 1081 in
172 1044 408 1095 conspectu
430 1044 507 1078 tuo
534 1054 542 1078 :
569 1044 612 1078 et
633 1034 843 1078 saeculum
863 1044 1089 1094 nostrum3
1115 1056 1132 1077 »
1160 1036 1282 1097 quod
1303 1053 1428 1098 supe-

40 1108 143 1161 rius,
168 1126 183 1145 «
207 1106 456 1166 iniquitates
479 1113 660 1148 nostras.
695 1123 715 1146 »

100 1180 176 1222 IX.
203 1196 221 1218 α
245 1176 461 1229 Quoniam
487 1191 636 1219 omnes
659 1174 749 1219 dies
779 1176 915 1220 nostri
939 1175 1215 1233 defecerunt,
1241 1188 1285 1223 et
1300 1179 1345 1223 in
1366 1180 1429 1224 ira

13 1246 18 1314 l
45 1267 65 1291 »
99 1257 174 1292 tua
200 1245 480 1291 defecimus5.
512 1264 530 1286 »
560 1246 668 1291 Satis
689 1246 734 1289 in
757 1246 823 1290 his
845 1246 986 1291 verbis
1010 1248 1254 1292 ostenditur
1274 1265 1430 1309 poena-

2 1323 19 1388 ,ᾗ
43 1319 150 1364 nalis
173 1334 263 1362 esse
279 1318 358 1362 ista
379 1316 634 1361 mortalitas.
656 1316 864 1361 Desecisse
887 1317 977 1362 dies
1000 1317 1120 1374 dicit,
1145 1320 1233 1363 sive
1250 1321 1370 1380 quod
1384 1322 1430 1365 in

0 1389 18 1436 :³
42 1391 100 1435 eis
127 1390 333 1434 deficiant
356 1389 555 1434 homines
578 1387 766 1432 amando
788 1405 888 1448 quae
911 1398 1165 1444 transeunt,
1198 1391 1286 1435 sive
1308 1391 1429 1452 quod

0 1469 11 1507 t·
43 1461 96 1506 ad
117 1460 380 1521 paucitatem
403 1459 566 1504 redacti
583 1459 669 1503 sint
695 1477 703 1502 :
725 1459 843 1519 quod
864 1458 1038 1503 videtur
1056 1459 1102 1503 in
1124 1464 1431 1521 consequenti-

0 1549 10 1577 ι
43 1532 124 1583 bus
142 1531 323 1591 aperire,
356 1546 457 1574 eum
486 1529 618 1584 dicit,
651 1548 670 1571 «
697 1529 811 1573 Anni
835 1530 971 1573 nostri
987 1529 1098 1573 sicut
1114 1545 1269 1575 aranea
1290 1533 1432 1576 medi-

15 1594 20 1673 ,
47 1620 68 1645 »
102 1601 308 1646 tabantur
329 1619 337 1644 :
359 1600 449 1644 dies
474 1614 688 1644 annorum
707 1608 955 1643 nostrorum
974 1599 1017 1642 in
1040 1600 1141 1659 ipsis
1158 1602 1433 1660 septuaginta

6 1679 21 1706 ³¹
47 1690 68 1714 n
102 1671 219 1716 anni.
250 1671 293 1716 Si
315 1679 461 1715 autem
484 1670 529 1713 in
552 1669 852 1728 potentatibus
874 1669 1097 1728 octoginta
1122 1670 1246 1724 anni,
1279 1681 1323 1715 et
1345 1687 1434 1715 am-

0 1775 9 1779 -
45 1760 68 1785 »
99 1742 213 1803 plius
233 1756 384 1787 eorum
405 1740 532 1785 labor
556 1749 600 1784 et
621 1738 787 1784 dolorss.
812 1757 832 1780 »
862 1742 966 1783 Haeo
989 1738 1167 1799 quidem
1201 1742 1333 1785 verba
1367 1742 1432 1785 vi-

0 1818 4 1821 ’
45 1815 203 1859 dentur
231 1813 469 1873 exprimere
504 1811 762 1856 brevitatem
791 1811 1096 1870 miseriamque
1135 1811 1235 1855 vitae
1269 1813 1431 1873 hujus3

2 1878 13 1899 ‘³'
45 1886 147 1946 quia
161 1884 351 1944 longaevi
374 1882 648 1943 appellantur
669 1882 754 1926 hoc
776 1889 973 1941 tempore
999 1881 1130 1925 etiam
1154 1883 1228 1942 qui
1254 1893 1431 1943 septua-

46 1957 162 2015 ginta
184 1971 319 2000 amios
341 1955 556 1998 vixerunt.
590 1955 736 2012 Usque
765 1950 820 1995 ad
849 1952 1070 2011 octoginta
1104 1962 1250 1997 autem
1278 1953 1434 1998 viden-

46 2036 118 2072 tur
149 2027 314 2087 aliquas
342 2026 452 2069 vires
479 2025 641 2069 habere
669 2043 678 2068 ;
706 2023 772 2068 his
802 2039 904 2067 vero
933 2023 1117 2082 amplius
1151 2024 1186 2068 si
1218 2025 1430 2081 vixerint,

15 2091 17 2095 ¹
47 2096 341 2157 multiplicatis
360 2095 510 2140 labore
539 2093 763 2139 doloribus
784 2094 953 2138 vivunt.
985 2093 1068 2139 Sed
1096 2094 1224 2138 multi
1246 2105 1288 2139 et
1319 2096 1434 2141 intra

47 2167 318 2228 septuaginta
340 2181 475 2210 annos
508 2174 665 2223 gerunt
682 2164 1019 2208 infirmissimam
1047 2174 1090 2209 et
1119 2166 1436 2211 aerumnosissi-

48 2254 163 2283 mam
180 2246 446 2283 senectutem
459 2272 469 2291 ‚
496 2246 538 2280 et
556 2251 668 2295 saepe
691 2235 805 2279 ultra
824 2235 1045 2294 octoginta
1063 2251 1198 2280 annos
1221 2252 1341 2280 senes
1358 2238 1438 2281 mi-

49 2308 238 2353 rabiliter
253 2309 398 2367 vigere
411 2307 581 2366 probati
599 2315 715 2350 sunt.
737 2305 893 2350 Melius
918 2313 981 2348 est
1005 2321 1107 2364 ergo
1131 2306 1175 2349 in
1198 2306 1264 2350 his
1285 2323 1437 2352 nume-

50 2378 104 2422 ris
131 2377 320 2438 spiritale
352 2376 515 2436 aliquid
551 2375 826 2435 perscrutari.
858 2378 1009 2435 Neque
1037 2376 1150 2419 enim
1170 2392 1299 2436 super
1324 2378 1435 2423 filios

0 2468 6 2477 ·
51 2449 187 2494 Adam
204 2485 214 2504 ,
251 2464 327 2509 per
353 2463 485 2508 quem
510 2462 649 2490 unum
677 2447 901 2491 hominem
928 2456 1153 2505 peccatum
1184 2447 1362 2492 intravit
1390 2449 1437 2493 in

1 2547 6 2557 ·
51 2520 266 2564 mundum
285 2555 295 2574 ,
315 2528 358 2563 et
379 2534 456 2578 per
482 2526 708 2577 peccatum
730 2532 843 2561 mors
865 2525 907 2560 et
931 2517 988 2560 ita
1010 2517 1055 2560 iu
1077 2532 1227 2561 omnes
1241 2518 1438 2564 homines

0 1127 3 1146 l

101 2626 110 2641 ¹
137 2620 229 2649 Joan.
252 2628 330 2655 xxx,
362 2616 412 2647 18.
435 2633 476 2637 —
504 2621 516 2637 ²
534 2615 645 2646 Manli.
668 2625 761 2648 xxvi.
794 2614 846 2646 38.
870 2631 908 2635 -——
934 2612 946 2636 3
972 2613 1047 2645 Psal.
1072 2625 1171 2654 nvn,
1192 2623 1245 2646 21.
1268 2632 1306 2637 —
1345 2615 1357 2644 5
1389 2617 1435 2648 Id,

23 2711 30 2718 Α,
55 2684 183 2715 mxxxix,
198 2673 228 2705 8.
251 2690 292 2694 —
311 2670 326 2694 ⁵
343 2671 425 2704 Ibid.
445 2682 478 2713 9.
499 2687 539 2693 —-
566 2668 581 2692 6
600 2669 678 2701 ibid.
705 2680 751 2700 ιο.

26 2718 30 2780 J
218 2738 357 2768 cxvii,
1209 2725 1257 2763 19

27 2793 31 2851 i

28 2857 31 2886 l

28 2894 32 2954 !

30 2963 32 2977 ι

29 2995 33 3068 i
