1926 3339
411 324 494 362 262
581 346 584 347 ν
849 334 882 363 s.
917 336 1148 369 Aucvsnm
1180 338 1360 365 Emscom

411 409 500 455 est,
537 400 754 460 intelligas
787 400 1127 460 jubilationem?
1158 403 1273 450 Scias
1307 403 1427 447 unde
1461 402 1647 461 gaudeas
1669 405 1792 465 quod·

407 470 552 516 verbis,
571 471 784 529 explicare
807 486 897 515 non
918 472 1065 531 possi&
1102 471 1320 516 Gaudium
1343 473 1458 518 enim
1480 483 1606 517 tuum
1622 490 1713 520 non
1734 474 1790 519 de

406 551 470 597 te,
496 560 516 584 «
538 544 594 586 Ut
611 542 687 601 qui
712 540 922 600 gloriatur
938 577 949 597 ‚
970 542 1016 585 in
1038 543 1225 588 Domino
1242 543 1490 602 glorietur1.
1519 561 1540 586 »
1560 545 1660 590 Noli
1686 560 1790 604 ergo

406 612 600 658 exultare
618 613 667 656 in
689 612 890 671 superbia
925 621 1000 656 tua
1021 648 1032 667 ,
1068 612 1144 657 sed
1165 613 1211 657 in
1239 614 1375 671 gratia
1394 616 1483 660 Dei.
1514 614 1625 666 Vide
1651 616 1790 676 ipsam

407 683 588 742 gratiam
610 691 778 727 tantam
809 697 899 726 esse
914 717 926 738 ‚
952 682 1022 726 cui
1042 682 1192 742 lingua
1214 683 1483 743 explicandae
1503 700 1595 730 non
1616 686 1671 730 sit
1689 685 1789 732 ido-

404 768 485 797 nea
501 787 512 807 ,
537 761 581 796 et
600 751 850 796 intellexisti
864 751 1185 813 jubilationem.

467 824 610 867 XVII.
648 822 846 883 Denique
872 823 908 867 si
942 822 1190 867 intellexisti
1221 823 1267 867 in
1295 824 1431 883 gratia
1455 824 1786 885 jubilationem,

399 893 533 954 ipsius
559 894 706 953 gratiae
728 893 831 938 audi
862 893 1304 939 commendationem.
1336 914 1356 937 «
1384 895 1541 940 Beatus
1569 905 1686 941 certe
1707 912 1790 956 po-

403 982 426 1006 »
459 963 590 1024 pulus
608 964 744 1008 sciens
755 964 1253 1025 jubilationem.»Quam
1268 965 1607 1025 jubilationem?
1625 967 1736 1013 Vide
1756 968 1790 1012 si

399 1050 490 1081 non
511 1035 566 1079 de
584 1035 741 1093 gratia,
768 1035 868 1079 vide
889 1036 924 1079 si
945 1051 1035 1080 non
1060 1034 1115 1079 de
1132 1038 1222 1080 Deo
1241 1071 1253 1092 ‚
1273 1044 1317 1081 et
1333 1036 1514 1081 omnino
1535 1052 1626 1082 non
1651 1037 1707 1082 de
1728 1047 1787 1083 te.

404 1126 426 1150 «
459 1107 641 1152 Domine
658 1142 669 1162 ,
704 1108 750 1151 in
770 1107 938 1151 lumine
965 1106 1113 1151 vultus
1137 1107 1203 1152 tui
1230 1107 1538 1153 ambulabunt.
1567 1127 1588 1151 »
1617 1109 1792 1155 Thabor

397 1176 487 1233 ille,
510 1177 698 1222 Veniens
718 1177 868 1221 lumen
885 1213 896 1233 ,
928 1177 1009 1221 nisi
1035 1178 1082 1222 in
1102 1178 1269 1223 lumine
1299 1179 1447 1223 vultus
1474 1180 1541 1223 tui
1567 1179 1788 1237 ambulet,

396 1257 528 1294 vento
545 1248 762 1307 superbiae
783 1248 962 1293 lucerna
984 1248 1269 1307 extinguitur.
1292 1268 1312 1291 «
1333 1250 1532 1305 Domine,
1557 1250 1603 1293 in
1625 1250 1793 1295 lumine

403 1337 425 1360 n
460 1319 607 1364 vultus
640 1320 703 1363 tui
727 1317 1049 1364 ambulabunt:
1075 1330 1119 1363 et
1146 1319 1191 1362 in
1226 1319 1403 1363 nomine
1431 1329 1508 1364 tuo
1530 1320 1791 1366 exultabunt

399 1407 421 1431 »
456 1398 548 1434 tota
574 1388 644 1433 die
657 1393 690 1433 2.
720 1408 740 1432 »
767 1390 940 1434 Thabor
966 1388 1040 1433 ille
1072 1398 1115 1433 et
1144 1391 1339 1434 Hermon
1365 1409 1385 1432 «
1422 1393 1471 1434 In
1500 1391 1677 1435 nomine
1712 1401 1790 1447 tuo

399 1479 420 1503 »
457 1459 746 1505 exultabunt:
774 1479 793 1501 »
820 1460 854 1504 si
872 1460 1028 1505 volunt
1043 1496 1054 1515 ,
1074 1479 1094 1502 «
1122 1463 1228 1504 Tota
1249 1459 1346 1514 die,
1369 1478 1390 1501 »
1416 1460 1462 1505 in
1484 1461 1662 1505 nomine
1683 1471 1787 1520 tuo,

397 1531 431 1575 si
457 1539 602 1574 autem
624 1530 886 1575 exultabunt
906 1531 952 1574 in
974 1530 1152 1574 nomine
1173 1546 1273 1584 suo,
1309 1546 1399 1574 non
1420 1540 1508 1575 tota
1530 1531 1601 1575 die
1623 1531 1791 1576 exulta-

397 1602 526 1646 bunt.
552 1604 650 1647 Non
675 1601 790 1645 enim
812 1602 858 1644 in
886 1600 1045 1659 gaudio
1075 1601 1442 1660 perseverabunt,
1469 1602 1648 1662 quando
1669 1602 1725 1647 de
1745 1618 1790 1647 se

398 1673 500 1732 ipsis
523 1672 807 1730 gaudebunt,
841 1682 885 1716 et
907 1688 983 1732 per
1010 1672 1260 1731 superbiam
1282 1661 1454 1717 cadent.
1486 1675 1603 1731 Ergo
1625 1682 1676 1716 ut
1698 1682 1790 1721 tota

398 1743 468 1787 die
490 1742 709 1797 exultent,
739 1762 759 1785 «
786 1746 838 1786 In
860 1743 1038 1787 nomine
1056 1751 1132 1786 tuo
1154 1741 1415 1787 exultabunt
1441 1761 1450 1787 :
1477 1752 1522 1787 et
1542 1743 1588 1787 in
1612 1751 1683 1787 tua
1695 1745 1790 1803 Jus-

400 1833 420 1856 »
456 1813 550 1857 titia
573 1814 894 1857 exaltabuntur.
919 1831 940 1853 »
967 1815 1064 1858 Non
1085 1814 1130 1856 in
1155 1829 1231 1856 sua
1245 1812 1432 1873 justitia,
1454 1811 1530 1857 sed
1547 1832 1566 1855 «
1583 1816 1636 1857 In
1653 1823 1785 1859 tuaz»

395 1899 451 1928 ne
472 1884 558 1928 sint
579 1883 722 1927 zelum
741 1883 816 1927 Dei
831 1883 1059 1938 habentes,
1080 1883 1156 1927 sed
1179 1898 1270 1927 non
1287 1883 1532 1927 secundum
1545 1883 1784 1928 scientiam.

396 1954 585 2008 Quidam
608 1955 723 1998 enim
747 1963 955 1998 notantur
975 1954 1030 1998 ab
1053 1953 1279 2013 Apostolo,
1305 1952 1427 2014 quod
1447 1952 1591 2009 zelum
1608 1954 1687 1998 Dei
1707 1955 1788 2009 ha7-

397 2026 555 2079 beant,
591 2025 666 2069 sed
699 2041 789 2069 non
824 2024 1065 2069 secundum
1097 2025 1344 2081 scientiam;
1375 2044 1396 2066 «
1423 2027 1678 2083 Ignorantes
1710 2026 1788 2070 Dei

398 2115 418 2138 »
448 2097 662 2156 justitiam
681 2132 690 2151 ,
718 2106 761 2141 et
789 2113 912 2141 suam
935 2097 1132 2141 volentes
1151 2097 1417 2141 constituere
1435 2131 1447 2151 ,
1474 2105 1517 2140 et
1538 2111 1628 2141 non
1648 2096 1694 2141 in
1715 2096 1788 2141 lu-

394 2165 418 2208 3)
454 2167 572 2210 mine
594 2176 672 2210 tuo
693 2166 938 2210 exultantes
953 2202 964 2221 ,
987 2167 1168 2227 justitiae
1191 2167 1263 2210 Dei
1284 2182 1374 2210 non
1397 2175 1500 2210 sunt
1520 2166 1743 2227 subjecti-³.
1764 2185 1784 2208 »

398 2238 482 2282 Sed
502 2236 650 2281 unde?
687 2238 794 2290 Quia
833 2237 974 2281 zelum
998 2238 1072 2281 Dei
1106 2237 1299 2291 habent,
1325 2235 1401 2280 sed
1424 2252 1515 2281 non
1545 2235 1790 2281 secundum

396 2307 636 2351 scientiam.
663 2306 857 2366 Populus
874 2316 1019 2352 autem
1043 2307 1180 2351 sciens
1205 2306 1535 2367 jubilationem,
1555 2305 1648 2365 (illi
1671 2307 1788 2351 enim

399 2393 490 2421 non
511 2376 754 2421 secundum
772 2377 1014 2432 seientiam,
1033 2377 1184 2421 beatus
1202 2386 1348 2420 autem
1369 2376 1558 2436 populus
1579 2392 1669 2421 non
1690 2392 1789 2435 nes-7

395 2448 529 2503 ciens,
545 2447 622 2491 sed
642 2448 779 2492 sciens
790 2447 1100 2508 jubilationem
1115 2452 1150 2504 2)
1167 2448 1286 2492 unde
1300 2447 1433 2492 debet
1447 2446 1653 2508 jubilare,
1668 2447 1788 2498 unde

389 2519 522 2564 debet
543 2517 739 2562 exultare
754 2554 765 2569 ‚
789 2518 871 2562 nisi
893 2518 939 2562 in
961 2518 1139 2563 nomine
1163 2528 1238 2562 tuo
1258 2553 1269 2574 ,
1295 2518 1525 2563 ambulans
1546 2517 1593 2562 in
1618 2516 1785 2562 lumine

387 2587 535 2634 vultus
552 2589 645 2632 tui?
667 2591 723 2632 Et
746 2589 923 2632 exaltari
944 2588 1125 2649 quidem
1145 2588 1384 2632 merebitur
1401 2624 1412 2644 ,
1437 2586 1512 2632 sed
1533 2587 1579 2632 in
1594 2596 1669 2632 tua
1685 2589 1780 2648 jus-

438 2682 446 2697 ¹
475 2687 488 2706 1
509 2677 581 2708 Cor.
608 2675 710 2717 1431.
731 2691 773 2697 —
798 2681 810 2697 ²
830 2674 910 2707 Psal.
927 2685 1080 2714 Lxxxvm,
1105 2685 1158 2715 17.
1183 2691 1221 2699 -
1241 2673 1254 2698 3
1276 2677 1367 2707 Rom.
1387 2685 1420 2715 x,
1436 2683 1470 2715 2,
1489 2673 1520 2707 3.
