1926 3339
471 295 552 334 144
899 306 931 334 s.
967 307 1196 335 Atccsnm
1231 308 1410 334 El‘lscort

466 371 668 431 Respexit
696 371 811 414 enim
845 380 958 415 retro
989 371 1042 414 de
1068 370 1165 415 loco
1199 386 1287 430 quo
1312 379 1559 414 accesserat.
1589 370 1657 414 Sic
1687 370 1848 430 quibus
1898 392 1903 399 >

464 441 606 501 placet
627 440 773 485 relicta
795 441 913 484 omni
934 456 1009 500 spe
1030 439 1223 485 saeculari
1245 449 1288 483 et
1318 440 1436 484 omni
1459 440 1629 484 actione
1652 449 1845 495 terrena,

465 511 660 557 conferre
673 527 716 555 se
737 512 783 555 in
804 512 1051 556 societatem
1074 520 1321 555 sanctorum
1336 546 1347 565 ,
1369 511 1414 554 in
1437 525 1716 555 communem
1728 509 1849 554 illam

463 584 619 638 vitam,
645 583 722 626 ubi
745 598 834 626 non
867 582 972 626 dicit
1004 581 1158 641 aliquis
1187 581 1352 641 aliquid
1375 581 1598 641 proprium
1613 615 1624 636 ,
1648 578 1723 624 sed
1747 589 1850 624 sunt

463 652 544 697 illis
567 653 710 697 omnia
727 652 975 696 communia
991 686 1001 706 ,
1026 661 1069 695 et
1085 660 1149 695 est
1165 651 1249 694 illis
1271 652 1412 695 anima
1441 667 1528 695 una
1550 660 1593 694 et
1620 665 1694 694 cor
1711 665 1848 694 unum

463 723 507 766 in
528 724 692 766 Deum¹
714 742 724 779 3
745 721 938 781 quisquis
960 719 1063 764 inde
1085 719 1285 765 recedere
1298 720 1486 764 voluerit
1504 755 1515 775 ,
1541 735 1630 765 non
1650 718 1746 764 talis
1766 720 1848 765 ha-

463 792 592 837 betur
614 791 752 852 qualis
779 790 851 835 ille
873 791 948 851 qui
977 806 1065 835 non
1087 790 1279 834 intravit.
1305 789 1384 834 Ille
1413 790 1529 834 enim
1553 789 1751 835 nondum
1774 805 1848 835 ac-

460 862 609 917 cessit,
644 862 721 905 iste
753 870 867 905 retro
891 861 1090 921 respexit.
1121 863 1419 920 Quapropter,
1447 861 1708 915 charissimi,
1737 876 1851 921 quo-

462 932 594 977 modo
624 932 806 992 quisque
835 940 976 990 potest
991 966 1002 987 ,
1038 940 1192 975 vovete
1208 965 1219 986 ,
1257 940 1300 975 et
1335 930 1504 974 reddite
1540 930 1721 975 Domino
1757 933 1848 976 Deo

460 1012 602 1048 vestro
636 1002 756 1063 quod
787 1002 971 1062 quisque
1009 1001 1259 1061 potuerit23
1294 1016 1424 1045 nemo
1465 1010 1580 1046 retro
1621 1001 1845 1061 respiciat,

462 1089 590 1118 nemo
613 1072 800 1133 pristinis
818 1072 902 1116 suis
924 1070 1181 1127 delectetur,
1196 1085 1324 1115 nemo
1342 1080 1560 1115 avertatur
1576 1071 1631 1115 ab
1654 1086 1705 1115 eo
1727 1071 1850 1131 quod
1902 1085 1905 1109 ἑ

462 1153 561 1188 ante
589 1153 678 1198 cst,
705 1143 759 1187 ad
788 1142 833 1186 id
855 1141 976 1203 quod
1005 1152 1119 1186 retro
1155 1151 1240 1186 est:
1269 1151 1414 1186 currat
1434 1141 1575 1186 donec
1596 1142 1846 1201 perveniat,

462 1230 551 1258 non
575 1215 687 1257 enim
709 1212 891 1272 pedibus
909 1248 919 1266 ,
941 1211 1016 1256 sed
1038 1211 1250 1256 desiderio
1273 1212 1501 1256 currimus.
1528 1211 1682 1257 Nullus
1702 1222 1849 1257 autem

461 1285 506 1327 in
523 1286 602 1328 hac
624 1284 709 1327 vita
728 1283 970 1343 pervenisse
990 1298 1033 1326 se
1055 1282 1183 1327 dicat.
1210 1284 1314 1336 Quis
1332 1282 1446 1326 enim
1475 1291 1616 1342 potest
1638 1291 1727 1327 tam
1749 1299 1848 1343 per-

461 1353 597 1398 fectus
621 1369 710 1397 esse
732 1368 863 1412 quam
895 1352 1081 1396 Paulus?
1114 1356 1170 1396 Et
1193 1353 1251 1397 ait
1274 1362 1420 1396 tamen
1447 1368 1455 1393 :
1488 1373 1507 1395 «
1536 1356 1732 1408 Fratres,
1765 1369 1847 1413 ego
1903 1369 1926 1403 ²:

466 1446 483 1467 »
518 1441 588 1468 me
624 1440 713 1469 non
742 1424 927 1468 arbitror
959 1423 1291 1484 apprehendisse
1319 1443 1328 1469 ;
1357 1439 1496 1468 unum
1538 1433 1710 1479 autem,
1748 1441 1847 1484 quae

466 1515 483 1535 »
520 1503 633 1539 retro
657 1493 815 1538 oblitus
833 1497 846 1549 ,
867 1494 911 1537 in
928 1509 977 1538 ea
999 1510 1096 1554 quae
1120 1503 1219 1538 ante
1241 1503 1343 1538 sunt
1366 1503 1579 1549 extentus,
1605 1495 1847 1539 secundum

464 1583 483 1605 ιι
519 1565 804 1608 intentionem
826 1579 983 1623 sequor
1002 1564 1057 1608 ad
1081 1563 1267 1623 palmam
1288 1579 1487 1623 supernae
1508 1565 1744 1609 vocationis
1770 1565 1846 1609 Dei

464 1653 483 1675 »
518 1635 562 1677 in
585 1635 755 1679 Christo
778 1637 881 1678 Jesu
897 1635 927 1677 ³.
955 1656 972 1676 »
997 1634 1127 1679 Vides
1148 1634 1333 1678 Paulum
1356 1633 1500 1679 adhuc
1523 1650 1713 1691 currere,
1739 1644 1782 1679 et
1803 1644 1847 1680 te

455 1706 545 1764 jam
567 1706 778 1749 existimas
802 1705 1074 1764 pervenisse?

519 1777 572 1819 V.
604 1776 646 1820 Si
676 1791 776 1833 ergo
811 1775 940 1819 sentis
963 1791 1179 1835 pressuras
1212 1776 1341 1835 hujus
1374 1776 1552 1831 mundi,
1579 1774 1710 1820 etiam
1747 1792 1847 1821 cum

460 1844 562 1889 felix
594 1861 660 1901 es,
693 1845 941 1890 intellexisti
970 1855 1012 1890 te
1046 1861 1135 1890 esse
1171 1846 1217 1889 in
1250 1845 1470 1890 torculari.
1510 1847 1675 1891 Putatis
1707 1847 1846 1901 enim,

459 1915 612 1960 fratres
653 1918 766 1972 mei,
801 1915 1100 1961 infelicitatem
1140 1916 1288 1961 saeculi
1327 1916 1609 1961 metuendam
1645 1933 1762 1973 esse,
1805 1928 1849 1962 et
1904 1933 1907 1956 ι

459 1985 709 2032 felicitatem
736 2003 826 2032 non
861 2004 950 2033 esse
978 1987 1288 2032 metuendam?
1316 1991 1515 2033 Imovero
1551 1988 1672 2033 nulla
1699 1988 1846 2034 infeli-

459 2057 564 2101 citas
596 2056 782 2116 frangit,
810 2073 943 2118 quem
965 2056 1149 2102 felicitas
1179 2057 1301 2102 nulla
1329 2058 1583 2118 corrumpit.
1614 2059 1846 2113 Quomodo

459 2143 562 2186 ergo
590 2127 781 2172 cavenda
805 2138 848 2173 et
870 2127 1060 2172 timenda
1090 2137 1154 2172 est
1174 2129 1264 2188 ipsa
1284 2129 1550 2188 corruptrix,
1577 2145 1631 2174 ne
1652 2138 1695 2173 te
1718 2129 1846 2177 blan-

1921 1289 1926 1327 Aa
1919 1159 1926 1275 -m-„Au
1924 1143 1926 1147 i
1911 639 1926 1125 .—-——-.——⁴—.*-.L.fiss

459 2197 619 2244 diendo
657 2199 865 2244 seducat?
901 2202 964 2245 Ne
1002 2199 1228 2244 incumbas
1264 2200 1308 2243 in
1346 2201 1555 2245 baculum
1586 2201 1842 2248 arundinis:
1904 2211 1926 2268 ἐι

458 2285 558 2313 nam
576 2278 619 2313 et
634 2270 718 2314 hoc
741 2271 948 2330 scriptum
967 2280 1045 2325 est,
1067 2269 1280 2331 quosdam
1301 2272 1555 2316 incumbere
1573 2272 1618 2316 in
1638 2272 1846 2318 baculum

459 2338 696 2384 arundinis.
723 2339 820 2385 Noli
838 2349 879 2384 te
906 2340 1080 2384 credere
1094 2342 1127 2395 ⁴,
1151 2339 1301 2399 fragile
1324 2351 1387 2385 est
1415 2358 1503 2401 quo
1525 2343 1672 2387 niteris
1688 2377 1699 2398 ,
1722 2342 1844 2387 fran-
1905 2342 1926 2375 ³·

459 2409 574 2468 gitur
596 2419 638 2453 et
667 2409 876 2454 interimit
896 2419 954 2454 te.
989 2411 1030 2456 Si
1054 2426 1156 2469 ergo
1186 2409 1394 2456 felicitate
1429 2411 1509 2455 tibi
1536 2412 1616 2456 iste
1651 2412 1844 2457 mundus

459 2479 669 2535 arrideat,
694 2478 740 2524 in
757 2495 953 2540 pressura
976 2489 1017 2525 te
1039 2490 1267 2541 computa,
1292 2490 1342 2526 ut
1359 2480 1502 2526 dicas:
1531 2500 1550 2523 «
1578 2482 1844 2527 Tribulatio-

507 2570 516 2587 ¹
536 2566 608 2596 Act.
635 2575 670 2605 11,
695 2563 752 2606 44,
768 2569 802 2597 et
818 2576 863 2607 iv,
892 2562 946 2607 34.
965 2581 1006 2588 --
1027 2571 1039 2588 ²
1066 2564 1146 2598 Psal.
1166 2576 1262 2608 mxxv,
1286 2574 1336 2599 12.
1357 2583 1398 2589 -
1419 2564 1432 2589 3
1452 2565 1562 2610 Philip.
1585 2578 1634 2609 111,
1654 2559 1710 2609 13,
1731 2567 1782 2611 14.
1801 2584 1843 2591 -

459 2618 508 2661 44
529 2622 608 2663 ch.
626 2631 712 2662 xviu,
735 2629 790 2653 21.
