1926 3339
398 270 636 298 ENARRA'mo
669 273 713 298 m
748 271 950 298 PsALMUM
987 274 1095 298 xciv.
1352 265 1430 304 419

47 330 160 375 dicta
183 342 245 376 est
268 334 476 392 Apostolo
495 355 505 390 3
535 334 670 393 coepit
693 334 808 377 enim
841 335 920 378 ista
945 335 1072 378 arhor
1094 353 1117 378 a
1148 339 1428 384 Patriarchis:

46 400 121 445 sed
138 402 319 447 fuerunt
336 404 397 447 ibi
420 405 528 447 rami
546 404 670 459 aridi,
693 404 794 464 quia
818 404 946 448 nimis
970 405 1043 448 alti
1063 421 1137 464 per
1159 408 1431 467 superbiam5

46 472 213 530 praecisi
235 489 337 533 ergo
373 484 550 534 propter
573 475 838 519 sterilitatem
854 511 864 530 ,
891 476 1075 520 insertus
1097 475 1279 521 oleaster
1300 493 1434 537 prop-

46 549 111 585 ter
135 542 442 588 humilitatem.
463 547 776 589 Verumtamen
792 581 803 600 ‚
827 546 1061 590 charissimi
1079 581 1089 601 ‚
1114 562 1170 591 ne
1191 548 1436 607 superbiret

45 611 228 657 oleaster
247 615 457 671 insertus,
492 615 600 677 quid
622 617 681 660 ait
702 616 965 677 Apostolus?
991 636 1011 659 «
1038 618 1080 662 Si
1100 627 1147 661 tu
1172 633 1224 661 ex
1246 618 1436 664 naturali

47 698 68 723 »
102 682 262 729 incisus
280 684 481 741 oleastro,
494 696 538 730 et
552 696 703 731 eontra
719 697 920 731 naturam
939 687 1125 733 insertus
1148 704 1191 732 es
1209 689 1254 732 in
1273 689 1436 734 bonam

47 770 68 795 »
103 753 278 811 olivam,
304 766 470 816 quanto
493 757 628 816 magis
650 757 727 818 qui
749 758 991 802 secundum
1013 750 1355 814 natur.am*sunt7
1369 760 1437 803 in-

46 841 68 864 »
101 835 298 870 serentur
314 843 402 871 suae
424 826 549 872 olivae
566 830 578 852 ¹
597 829 614 870 ⁸?
631 846 650 869 υ
672 830 729 872 Ut
750 827 973 887 quomodo
996 837 1045 872 tu
1067 844 1158 873 non
1179 845 1438 888 permanens

43 894 86 938 in
104 894 380 952 infidelitate,
401 897 599 941 meruisti
622 898 751 941 inseri
773 899 818 941 in
842 898 1016 952 olivam,
1042 914 1143 942 cum
1165 914 1275 943 esses
1296 898 1437 943 oleas-

42 972 134 1022 ter3
154 965 213 1010 sic
230 966 299 1010 isti
319 968 501 1012 correcti
520 966 687 1010 facilius
709 983 798 1010 suae
820 967 945 1011 olivae
962 968 1217 1012 naturaliter
1238 969 1438 1013 inseran-

42 1044 114 1080 tur
140 1055 149 1080 :
174 1037 257 1081 hoc
281 1038 335 1082 de
352 1038 436 1082 illis
454 1037 702 1098 Apostolus.
732 1041 848 1098 Ergo
877 1039 968 1098 ipsa
992 1048 1055 1083 est
1073 1040 1230 1097 arbor3
1254 1040 1334 1084 etsi
1355 1040 1438 1084 ali—

41 1107 117 1166 qui
137 1122 190 1150 ex
209 1109 338 1152 ramis
360 1108 486 1153 fracti
508 1118 638 1164 sunt,
662 1125 753 1153 non
775 1125 941 1153 omnes.
968 1112 1076 1154 Nam
1099 1110 1133 1154 si
1157 1126 1306 1154 omnes
1330 1111 1439 1155 rami

41 1175 369 1236 frangerentur,
402 1179 521 1223 unde
548 1182 734 1223 Petrus?
765 1179 882 1223 unde
914 1182 1135 1223 Joanncs'?
1166 1180 1284 1224 unde
1320 1182 1437 1226 Tho-

40 1250 165 1292 mas?
192 1249 311 1293 unde
347 1250 610 1294 Matthaeus?
639 1249 757 1293 unde
790 1248 1018 1294 Andreas?
1054 1250 1172 1295 unde
1200 1250 1264 1295 illi
1287 1267 1436 1296 omnes

40 1319 263 1379 Apostoli?
286 1320 404 1365 unde
436 1321 527 1381 ipse
550 1321 711 1365 Paulus
735 1320 955 1381 apostolus
977 1322 1053 1382 qui
1075 1322 1341 1382 loquebatur
1356 1359 1368 1379 ,
1393 1334 1438 1368 et

41 1407 120 1435 suo
154 1391 302 1437 fructu
338 1391 495 1438 olivam
527 1393 806 1437 testabatur?
831 1395 986 1438 Nonne
1019 1394 1087 1437 isti
1116 1410 1266 1440 omnes
1295 1395 1425 1439 inde?

44 1460 169 1506 Unde
201 1463 332 1506 etiam
364 1462 595 1523 quingenti
619 1462 682 1506 illi
704 1462 858 1507 fratres
875 1498 886 1518 ,
926 1464 1085 1523 quibus
1107 1465 1317 1509 Dominus
1338 1475 1436 1524 post

42 1534 400 1578 resurrectionem
415 1534 636 1594 apparuit2
655 1553 663 1578 :
680 1534 800 1578 unde
820 1543 882 1579 tot
901 1534 1036 1579 millia
1057 1536 1110 1579 ad
1132 1552 1284 1580 vocem
1300 1538 1432 1592 Petri,

42 1604 221 1664 quando
252 1605 416 1665 Spiritu
437 1614 587 1649 sancto
609 1605 765 1664 repleti
795 1605 991 1665 Apostoli
1013 1606 1210 1649 omnium
1240 1608 1437 1665 gentium

41 1674 202 1735 linguis
228 1676 366 1721 locuti
397 1686 526 1731 sunt,
558 1685 679 1721 tanta
701 1677 905 1721 aviditate
927 1677 1004 1721 Dei
1023 1677 1163 1721 laudis
1185 1687 1228 1722 et
1250 1694 1340 1722 suae
1361 1695 1434 1723 ac—

41 1748 274 1792 cusationis
297 1748 493 1792 conversi
514 1757 632 1802 sunt,
653 1757 702 1791 ut
721 1748 798 1808 qui
818 1749 958 1807 primo
979 1750 1236 1807 sanguinem
1260 1751 1436 1795 Domini

43 1816 254 1862 fuderunt
279 1818 502 1862 saevientes
521 1853 532 1873 ‚
559 1818 708 1862 bibere
736 1818 953 1862 discerent
975 1820 1066 1878 jam
1089 1819 1344 1864 credentes?
1365 1822 1435 1866 Sic

42 1897 186 1932 autem
224 1889 370 1932 omnia
396 1887 470 1932 illa
491 1904 698 1932 conversa
718 1898 821 1932 sunt
843 1888 978 1932 millia
1011 1890 1239 1933 hominum
1260 1926 1271 1946 ,
1296 1900 1347 1934 ut
1369 1907 1434 1936 res
1486 1884 1491 1887 i

41 1975 138 2004 suas
157 1958 415 2013 venderent,
433 1968 476 2002 et
497 1959 634 2017 pretia
658 1974 802 2002 rerum
826 1974 1003 2002 suarum
1024 1968 1124 2003 ante
1141 1960 1272 2018 pedes
1291 1965 1434 2020 Apos-

43 2028 234 2074 tolorum
257 2029 517 2088 ponerentss.
544 2027 673 2082 Quod
696 2027 815 2072 dives
844 2044 958 2072 unus
990 2044 1079 2073 non
1101 2027 1228 2084 fecit,
1253 2032 1433 2091 quando

41 2115 115 2145 ore
137 2100 311 2145 Domini
332 2099 514 2153 audivit,
539 2108 581 2142 et
603 2115 626 2143 a
649 2099 838 2143 Domino
856 2100 984 2144 tristis
1007 2099 1253 2156 abscessit&
1270 2102 1354 2147 hoc
1371 2102 1432 2147 fe-

41 2179 196 2214 cerunt
217 2170 362 2214 subito
384 2178 450 2214 tot
472 2168 607 2212 millia
630 2184 783 2213 eorum
804 2169 1052 2224 hominum⁷
1077 2186 1267 2230 quorum
1289 2173 1430 2217 mani-

40 2241 123 2286 bus
140 2241 338 2288 Christus
357 2238 498 2284 fuerat
517 2240 763 2284 crucifixus.
791 2242 966 2292 Quanto
997 2241 1137 2300 majus
1158 2241 1318 2286 vulnus
1339 2252 1431 2288 erat

41 2312 88 2356 in
119 2310 251 2357 corde
277 2311 497 2372 ipsorum,
537 2320 659 2355 tanto
693 2310 861 2355 avidius
894 2311 1113 2356 medicum
1146 2313 1426 2371 quaesierunt.

41 2384 154 2428 Cum
188 2397 289 2440 ergo
320 2381 422 2425 inde
448 2379 510 2424 illi
539 2396 688 2425 omnes
712 2379 912 2435 fuerunt,
946 2380 1000 2424 de
1029 2381 1130 2440 ipsis
1159 2381 1265 2426 dicit
1298 2384 1431 2429 modo

41 2453 257 2498 Psalmus:
273 2452 520 2505 «Quoniam
537 2467 627 2494 non
644 2450 826 2510 repellet
840 2451 1050 2495 Dominus
1070 2451 1243 2510 plebem
1258 2469 1427 2498 suam.»

40 2527 149 2571 Nam
177 2524 261 2568 hoe
292 2523 543 2568 testimonio
568 2521 755 2578 Psalmi,
784 2538 883 2566 cum
911 2523 1013 2567 hinc
1033 2522 1303 2583 loqueretur,
1328 2541 1429 2570 usus

90 2616 100 2633 ¹
122 2612 214 2642 Rom.
233 2620 277 2650 xi,
300 2607 409 2650 16—24.
429 2626 469 2630 —
494 2614 507 2630 ²
531 2619 543 2638 1
564 2608 636 2639 Cor.
658 2607 761 2648 xv‚6.
782 2624 824 2629 —
840 2605 853 2628 3
868 2606 1049 2648 Act.1v‚4.
1067 2625 1109 2629 -
1128 2606 1142 2637 4
1160 2609 1272 2640 Matih.
1293 2620 1361 2651 311,
1374 2619 1427 2643 22.
1453 2593 1461 2600 .

1176 2663 1242 2701 27.
