1926 3339
420 294 505 339 326
845 309 884 340 a.
919 305 1150 336 *uenatum
1182 307 1363 335 Emscori

415 368 614 415 fecerunt
634 367 771 415 sancti
795 371 889 415 tui?
914 372 1103 416 Tentasti
1121 374 1284 428 Deum,
1307 371 1428 433 quasi
1448 384 1539 416 non
1570 372 1625 416 sis
1646 372 1794 417 Chris·

416 441 557 485 tianus
579 441 613 485 si
645 441 727 486 hoc
758 457 848 485 non
874 440 1017 486 facias.
1042 441 1171 487 Multi
1191 441 1292 486 talia
1315 442 1606 487 desiderantes
1626 442 1796 487 cecide-

415 520 533 556 runt.
548 514 656 556 Nam
682 512 828 556 Simon
846 511 918 555 ille
931 527 1082 571 magus
1098 512 1199 556 talia
1221 511 1478 557 desideravit
1493 512 1549 557 ab
1562 512 1792 572 Apostolis,

419 582 494 643 qui
520 582 729 641 Spiritum
751 590 948 625 sanctum
976 582 1158 640 pecunia
1181 582 1319 626 voluit
1339 598 1589 643 comparare
1604 585 1634 626 ¹.
1661 585 1795 628 Ama-

414 653 476 698 vit
507 652 747 711 potentiam
777 650 1084 695 miraculorum
1104 686 1116 706 ‚
1142 661 1185 695 et
1211 667 1300 696 non
1330 653 1491 697 amavit
1510 653 1797 698 imitationem

413 722 697 768 humilitatis.
716 720 820 765 Ideo
835 720 1011 781 quidam
1030 720 1294 780 Discipulus,
1309 721 1378 766 vel
1392 721 1570 783 quidam
1592 722 1647 766 de
1668 723 1798 767 turba

413 809 514 840 cum
537 792 668 836 vellet
688 792 813 852 sequi
834 791 1071 835 Dominum
1091 827 1102 847 ,
1129 792 1356 837 attendens
1371 786 1583 837 'miracula
1605 809 1704 854 quae
1730 792 1799 838 fa-

412 862 579 920 ciebat3
598 863 708 907 vidit
730 861 855 906 illum
878 862 1084 907 Dominus
1105 861 1341 921 superbum
1358 879 1447 906 non
1469 878 1664 924 quaerere
1685 863 1799 907 viam

413 933 685 988 humilitatis,
711 934 785 978 sed
807 933 995 992 typhum
1017 932 1240 992 potentiae,
1266 942 1309 976 et
1330 934 1389 977 ait
1405 952 1414 978 ι
1429 953 1449 975 «
1472 932 1632 992 Vulpes
1654 931 1799 978 foveas

417 1023 438 1046 »
472 1004 639 1048 habent
656 1012 698 1047 et
710 1002 907 1047 volucres
924 1002 1025 1047 coeli
1042 1003 1166 1047 nidos
1179 1024 1189 1061 3
1201 1002 1336 1047 Filius
1352 1012 1497 1047 autem
1509 1003 1694 1047 hominis
1709 1018 1800 1048 non

418 1093 439 1116 »
474 1073 608 1118 habet
635 1073 712 1117 ubi
747 1081 878 1133 caput
914 1072 1138 1117 reclinet2.
1168 1091 1188 1114 »
1216 1072 1379 1132 Vulpes
1407 1073 1453 1116 in
1483 1082 1526 1117 te
1555 1072 1699 1118 foveas
1720 1072 1800 1117 ha-

415 1145 523 1189 bent
538 1181 549 1200 ‚
566 1144 763 1189 volucres
781 1142 881 1188 coeli
898 1142 1023 1187 nidos
1043 1143 1089 1186 in
1112 1151 1154 1186 te
1176 1143 1356 1188 habent.
1383 1143 1545 1203 Vulpes
1561 1142 1687 1188 dolus
1709 1152 1796 1200 est,

416 1214 615 1259 volucres
636 1214 735 1258 coeli
758 1214 961 1273 superbia
992 1223 1068 1259 est.
1098 1214 1218 1258 Sicut
1246 1214 1360 1257 enim
1391 1213 1588 1258 volucres
1616 1213 1701 1258 alta
1724 1229 1802 1274 pe-

415 1295 516 1330 tunt
534 1321 544 1340 ‚
570 1286 628 1329 sic
656 1284 827 1344 superbi
852 1304 859 1328 :
885 1293 928 1328 et
949 1294 998 1328 ut
1019 1283 1171 1344 vulpes
1196 1299 1399 1329 cavernas
1416 1284 1582 1328 habent
1603 1284 1770 1329 dolosas
1786 1319 1798 1340 ,

413 1359 474 1402 ita
491 1373 639 1401 omnes
663 1356 945 1400 insidiatores.
961 1355 1077 1409 Quid
1099 1371 1200 1414 ergo
1225 1355 1448 1415 respondit
1470 1357 1803 1401 Dominus?Po-

416 1438 500 1473 test
515 1429 560 1472 in
585 1437 627 1472 te
648 1427 846 1471 habitare
872 1427 1074 1487 superbia
1097 1437 1139 1471 et
1162 1427 1288 1471 dolus
1306 1463 1316 1482 ,
1341 1427 1536 1472 Christus
1560 1443 1648 1472 non
1670 1428 1802 1472 habet

414 1499 492 1545 ubi
514 1500 559 1543 in
576 1508 619 1543 te
641 1498 824 1553 habitet,
845 1498 922 1542 ubi
945 1497 1124 1542 reclinet
1144 1508 1276 1558 caput
1292 1499 1559 1552 suum.Quia
1579 1498 1803 1543 reclinatio

415 1569 567 1630 capitis
585 1604 596 1624 ‚
621 1567 842 1612 humilitas
864 1568 1022 1614 Christi
1055 1578 1133 1612 est.
1164 1569 1253 1614 Nisi
1283 1567 1510 1612 reclinaret
1531 1579 1688 1629 caput,
1713 1584 1803 1613 non

417 1640 727 1702 justificareris.
761 1638 879 1682 Talia
903 1637 1193 1682 desiderantes
1217 1648 1259 1682 et
1281 1637 1516 1698 Discipuli,
1542 1648 1585 1683 et
1610 1638 1804 1683 volentes

408 1714 501 1773 jam
523 1719 725 1770 appetere
742 1708 887 1753 sedem
907 1710 1042 1768 regni,
1059 1719 1293 1770 antequam
1315 1709 1430 1754 viam
1452 1709 1710 1754 humilitatis
1730 1724 1803 1754 ca-

416 1792 591 1844 perent,
612 1780 790 1842 quando
812 1780 875 1824 illi
892 1790 1142 1840 suggestum
1164 1790 1227 1825 est
1244 1797 1267 1824 a
1291 1790 1425 1824 matre
1444 1780 1767 1840 Discipulorum
1788 1800 1799 1826 :

421 1875 441 1897 «
476 1855 553 1899 Dic
575 1863 626 1897 ut
655 1868 768 1896 unus
795 1852 942 1896 sedeat
963 1852 1019 1897 ad
1041 1852 1259 1897 dexteram
1278 1888 1289 1904 ‚
1314 1863 1358 1898 et
1385 1854 1492 1898 alius
1514 1852 1570 1898 ad
1588 1853 1803 1898 sinistram

420 1943 440 1966 »
476 1934 593 1969 tuam
614 1926 628 1950 ³
647 1944 656 1969 z
675 1943 694 1965 η
712 1923 952 1983 potentiam
975 1924 1247 1983 quaerebant,
1268 1923 1343 1968 sed
1360 1939 1437 1983 per
1458 1923 1696 1983 passionem
1718 1924 1805 1968 hu-

415 1995 609 2040 militatis
630 1995 803 2039 venitur
826 1992 881 2037 ad
903 1994 1141 2052 potentiam
1164 1994 1301 2053 regni.
1326 1994 1400 2038 Ait
1420 1994 1653 2039 Dominus:
1684 2014 1703 2036 «
1726 1998 1804 2040 Po-

419 2084 440 2107 »
475 2067 592 2110 testis
614 2065 761 2109 bibere
778 2063 972 2118 calicem,
994 2080 1125 2124 quem
1148 2080 1228 2123 ego
1252 2064 1468 2108 bibiturus
1484 2065 1638 2109 sum⁴?
1655 2065 1804 2118 »Quid

416 2137 611 2195 cogitatis
634 2136 911 2180 altitudinem
925 2136 1071 2193 regni,
1096 2145 1139 2180 et
1156 2152 1245 2180 non
1262 2135 1491 2180 imitamini
1513 2136 1804 2180 humilitatem

416 2209 588 2252 meam?
619 2209 734 2264 Ergo
769 2207 900 2266 quid,
931 2206 963 2250 si
983 2206 1041 2250 sic
1067 2215 1106 2250 te
1129 2215 1268 2250 tentet
1288 2241 1299 2260 ‚
1328 2204 1395 2250 fac
1420 2203 1655 2250 miracula?
1676 2221 1732 2250 ne
1754 2215 1804 2251 tu

416 2289 556 2323 tentes
575 2282 730 2333 Deum,
748 2277 856 2339 quid
874 2277 1007 2322 debes
1027 2276 1287 2337 respondere
1300 2279 1318 2319 ‘2
1331 2276 1459 2330 Quod
1482 2276 1705 2337 respondit
1725 2283 1804 2322 Do—

415 2350 574 2393 minus.
601 2348 674 2392 Ait
690 2347 752 2391 illi
773 2346 1000 2392 diabolus:
1031 2367 1051 2390 «
1075 2348 1200 2392 Mitte
1225 2357 1267 2391 te
1289 2348 1491 2391 deorsum
1510 2382 1521 2402 ‚
1547 2348 1648 2408 quia
1669 2348 1804 2407 scrip-

418 2439 439 2462 »
474 2430 570 2464 tum
596 2429 660 2463 est
683 2438 692 2463 :
725 2417 900 2477 Angelis
922 2419 1010 2463 suis
1031 2418 1255 2463 mandavit
1280 2417 1334 2462 de
1357 2427 1400 2462 te
1417 2453 1428 2474 ‚
1453 2427 1503 2463 ut
1530 2418 1577 2462 in
1601 2418 1802 2463 manibus

415 2509 436 2532 »
471 2489 629 2534 tollant
644 2497 702 2544 te,
718 2504 773 2532 ne
790 2489 904 2533 forte
921 2488 1116 2533 offendas
1138 2488 1193 2532 ad
1214 2487 1406 2548 lapidem
1422 2487 1580 2548 pedem
1594 2497 1721 2533 tuum
1737 2490 1798 2533 ⁵.»

462 2594 470 2610 ¹
491 2589 565 2619 Act.
588 2597 665 2628 vm,
686 2589 739 2628 18,
759 2597 809 2629 ¹9·
831 2603 872 2609 —
899 2593 912 2609 ²
929 2587 1209 2628 Matth.vu1‚2o.
1230 2603 1271 2609 —
1295 2584 1373 2618 ³1d.
1393 2597 1454 2627 xx,
1473 2595 1526 2619 21.
1547 2602 1590 2609 -
1606 2585 1720 2618 41bid.
1742 2594 1797 2618 22.

414 2660 455 2666 -
480 2640 496 2665 5
514 2642 560 2674 Id.
582 2653 631 2683 iv,
647 2642 680 2674 6.
