1926 3339
461 263 512 303 14
878 272 911 298 s.
947 269 1175 296 Auensnm
1207 266 1389 293 EP1sc01²1
1441 288 1444 289 γ

457 357 478 380 »
512 353 673 382 meum.
697 354 717 377 >›
737 339 793 380 Et
816 335 886 378 hic
903 331 1144 377 timendum
1166 345 1221 373 ne
1241 331 1286 372 in
1308 328 1462 388 spiritu
1483 340 1561 371 suo
1580 334 1802 369 remaneat
1816 359 1827 380 ,

456 418 500 453 et
526 423 615 452 non
642 407 695 450 sit
711 404 968 449 transiliens.
994 405 1090 446 Jam
1115 410 1260 444 tamen
1278 398 1431 442 melius
1453 398 1554 456 agit,
1579 411 1712 457 quam
1730 394 1832 440 foris

455 478 624 537 agebat.
652 473 933 520 Transcendit
951 470 1116 531 aliquid
1143 489 1151 514 :
1178 478 1222 513 et
1238 469 1340 513 hinc
1357 468 1581 513 videamus
1607 481 1710 526 quo.
1735 467 1834 511 Non

454 549 568 592 enim
589 555 723 592 cessat
745 546 822 590 iste
849 542 1089 588 transiliens
1105 577 1116 593 ‚
1143 539 1283 585 donec
1303 540 1449 585 veniat
1467 540 1512 583 in
1533 539 1665 582 finem
1678 572 1688 592 ‚
1713 535 1834 580 unde

454 619 587 662 habet
605 615 782 660 titulum
798 613 992 658 Psalmus
1013 631 1022 656 :
1043 631 1063 653 «
1081 611 1348 665 Garriebam,
1370 610 1528 669 inquit,
1550 617 1593 652 et
1614 606 1836 652 scrutabar

458 706 479 728 ³»
513 687 708 746 spiritum
730 699 892 728 meum.
921 701 942 723 »

510 757 567 799 X.
584 758 640 799 Et
652 753 760 814 quid
774 753 998 797 invenisti?
1014 771 1035 794 (t
1048 753 1146 797 Non
1159 751 1205 794 in
1222 759 1434 794 aeternum
1447 747 1628 807 repellet
1643 750 1756 791 Deus
1765 748 1798 791 ¹.
1813 764 1835 788 ν)

455 824 652 869 Taedium
672 824 895 868 invenerat
914 823 959 866 in
973 823 1054 866 hac
1075 822 1187 879 vita3
1214 834 1430 879 nusquam
1453 818 1600 872 fidam,
1623 831 1840 877 nusquam

455 910 648 940 securam
676 893 1032 940 consolationem.
1057 891 1125 937 Ad
1152 905 1452 952 quoscumque
1473 888 1670 933 homines
1691 888 1840 931 inten-

455 964 610 1021 debat,
637 963 889 1008 seandalum
923 964 968 1006 in
998 963 1056 1006 eis
1089 961 1368 1015 inveniebat,
1403 968 1483 1003 aut
1506 957 1700 1002 timebat.
1725 959 1840 1002 Nus*-

456 1051 589 1096 quam
617 1050 718 1093 ergo
743 1049 933 1079 securus,
962 1036 1119 1078 Tacere
1139 1032 1202 1076 illi
1225 1032 1389 1075 malum
1417 1038 1530 1085 erat,
1565 1043 1621 1072 ne
1653 1026 1796 1072 sileret
1818 1042 1842 1071 a

455 1107 579 1151 bonis
607 1125 616 1151 ε
640 1105 763 1166 loqui
794 1114 838 1149 et
868 1105 971 1149 foris
1003 1105 1162 1163 garrire
1196 1102 1429 1147 molestum
1458 1109 1571 1154 crat,
1605 1113 1661 1142 ne.
1689 1097 1843 1142 antici-

455 1186 607 1237 pantes
628 1176 795 1236 vigilias
823 1191 971 1220 omnes
994 1175 1157 1219 inimici
1179 1175 1291 1234 ejus,
1315 1172 1552 1218 calumnias
1573 1170 1844 1229 inquirerent

456 1247 500 1290 in
513 1246 655 1291 verbis
668 1247 773 1306 ejus.
791 1248 1060 1304 Angustatus
1081 1245 1127 1288 in
1145 1245 1226 1288 hac
1237 1244 1324 1289 vita
1339 1243 1635 1295 vehementer,
1652 1238 1843 1283 multum

456 1315 511 1360 de
530 1315 616 1360 vita
634 1314 715 1359 alia
732 1315 956 1373 cogitavit,
977 1315 1053 1358 ubi
1075 1315 1153 1358 ista
1176 1329 1267 1358 non
1289 1314 1343 1357 sit
1364 1313 1563 1357 tentatio.
1588 1313 1646 1355 Et
1667 1307 1844 1371 quando

455 1384 560 1429 illuc
590 1386 871 1445 pervenitur?
892 1387 991 1430 Non
1019 1385 1137 1428 enim
1164 1399 1255 1429 non
1282 1391 1474 1439 constat,
1505 1381 1608 1442 quia
1631 1379 1752 1441 quod
1772 1379 1844 1424 hic

455 1456 662 1516 patimur,
682 1456 745 1499 ira
767 1455 845 1500 Dei
861 1464 939 1499 est.
965 1455 1135 1499 Dicitur
1154 1455 1239 1499 hoc
1261 1455 1308 1498 in
1329 1457 1440 1498 Isa'i'a
1463 1472 1472 1498 ι
1501 1470 1521 1495 «
1540 1455 1639 1498 Non
1656 1452 1702 1495 in
1722 1459 1846 1495 aeter-

459 1543 480 1568 »
515 1541 623 1570 num
634 1525 793 1571 vindex
805 1525 851 1568 in
862 1525 984 1569 vobis
998 1539 1087 1580 ero,
1102 1540 1247 1585 neque
1261 1539 1338 1584 per
1352 1538 1481 1568 omne
1497 1532 1670 1582 tempus
1686 1521 1846 1565 irascar

459 1614 481 1638 ³>
513 1596 653 1641 vobis.
670 1615 691 1638 »
711 1599 771 1640 Et
789 1595 896 1640 dicit
917 1611 1074 1657 quare:
1099 1615 1120 1639 «
1142 1595 1326 1655 Spiritus
1340 1595 1456 1639 enim
1477 1611 1502 1639 a
1522 1609 1593 1638 me
1613 1591 1839 1653 procedet,

459 1685 482 1709 »
517 1676 561 1711 et
580 1682 755 1712 omnem
775 1664 927 1711 flatum
945 1682 1026 1727 ego
1043 1666 1141 1712 feci.
1160 1670 1343 1726 Propter
1365 1675 1591 1726 peccatum
1608 1663 1845 1724 paululum

461 1756 482 1780 »
516 1738 624 1799 quid
644 1738 895 1783 contristavi
916 1753 1032 1794 eum,
1057 1747 1100 1782 et
1120 1738 1312 1798 percussi
1334 1752 1451 1791 eum,
1469 1745 1512 1780 et
1534 1735 1671 1781 averti
1688 1733 1844 1779 faciem

461 1826 482 1851 »
516 1823 658 1852 meam
679 1808 734 1852 ab
754 1807 857 1866 illo3
881 1817 924 1852 et
946 1808 1052 1853 abiit
1069 1809 1223 1863 tristis,
1241 1817 1284 1852 et
1301 1806 1541 1852 ambulavit
1556 1806 1646 1851 vias
1662 1808 1801 1849 suas‘2.
1821 1823 1842 1847 »

458 1878 572 1932 Quid
589 1894 692 1938 ergo
706 1913 718 1935 ,
746 1879 839 1923 haec
861 1878 924 1922 ira
933 1879 1020 1923 -Dei
1040 1893 1208 1938 semper
1228 1878 1335 1921 erit?
1357 1880 1454 1923 Non
1473 1878 1555 1922 hoc
1576 1876 1745 1921 invenit
1765 1875 1848 1920 iste

458 1949 505 1993 in
528 1949 712 1994 silentio.
750 1948 866 2002 Quid
893 1949 1009 1992 enim
1036 1949 1167 1993 dicit?
1192 1967 1213 1991 «
1234 1951 1330 1994 Non
1351 1948 1398 1992 in
1426 1942 1641 1991 aeternum
1663 1945 1847 2006 repellet

461 2038 482 2061 »
517 2023 654 2078 Deus3
679 2029 722 2064 et
742 2035 833 2063 non
858 2028 1048 2079 apponet
1066 2019 1179 2063 ultra
1201 2028 1251 2062 ut
1274 2019 1555 2078 beneplaceat
1576 2018 1615 2062 ei
1636 2017 1796 2062 adhuc.
1822 2035 1843 2060 »

457 2090 510 2135 Id
531 2100 594 2135 est
609 2126 620 2146 ,
641 2100 692 2134 ut
711 2089 992 2149 beneplaceat
1009 2090 1048 2134 ei
1071 2089 1215 2134 adhuc
1237 2089 1446 2149 repellere
1462 2125 1473 2145 ‚
1500 2099 1543 2134 et
1558 2089 1605 2133 in
1627 2098 1844 2133 aeternum.

458 2159 669 2220 repellere
689 2176 779 2204 non
795 2170 999 2220 apponet.
1020 2163 1200 2206 Necesse
1217 2170 1279 2205 est
1301 2170 1351 2205 ut
1372 2169 1546 2205 revocet
1566 2160 1622 2205 ad
1643 2176 1688 2205 se
1704 2175 1847 2205 servos

458 2246 580 2288 suos3
598 2246 769 2275 necesse
788 2241 851 2275 est
873 2240 923 2275 ut
944 2231 1122 2290 recipiat
1145 2230 1348 2290 fugitivos
1370 2231 1601 2275 redeuntes
1626 2230 1681 2275 ad
1702 2229 1848 2276 Domi-

459 2317 590 2360 num3
615 2317 787 2346 necesse
803 2311 928 2346 estut
949 2303 1152 2347 exaudiat
1170 2318 1323 2348 vocem
1337 2302 1701 2362 compeditorum.
1715 2322 1738 2346 «
1748 2305 1848 2348 Non

462 2390 484 2414 >›
518 2373 565 2417 in
590 2383 802 2417 aeternum
830 2373 1012 2433 repellet
1034 2377 1171 2432 Deus3
1196 2383 1239 2419 et
1260 2391 1349 2420 non
1367 2384 1556 2435 apponet
1572 2374 1687 2420 ultra
1701 2383 1752 2419 ut
1769 2375 1866 2419 be·-

462 2462 484 2486 »
519 2444 742 2504 neplaceat
765 2445 803 2488 ei
826 2444 984 2489 adhuc.
1005 2463 1026 2486 >›

519 2516 598 2558 XI.
616 2517 735 2559 «Aut
750 2514 795 2558 in
810 2515 943 2558 finem
965 2514 1301 2560 misericordiam
1317 2514 1511 2561 abscidet
1528 2533 1550 2561 a
1569 2517 1846 2576 generatione

511 2607 518 2622 ¹
541 2599 621 2631 Psal.
643 2600 803 2642 LxxV1‚8.
825 2617 864 2622 -
888 2602 989 2633 21sa'1‘.
1009 2611 1082 2643 Lvn,
1106 2601 1158 2641 16,
1179 2611 1228 2643 17·
