1926 3339
3 0 42 224 ’ἶ

29 232 34 286 ῗ

27 293 31 364 Ξ

25 368 30 449 ἑ
55 402 74 424 »
107 381 208 441 quia
229 380 310 440 ipsi
330 383 471 425 Deum
484 381 699 426 videbunt
713 383 742 424 ¹.
759 399 780 422 »
800 384 922 425 Tunc
938 380 1225 440 replebuntur
1242 397 1293 426 eo
1316 383 1434 429 bono

1 452 28 509 τέ
45 452 151 514 justi
167 487 178 507 ‚
198 451 319 512 quod
348 468 466 496 nunc
495 453 691 496 esuriunt
722 461 765 496 et
795 452 970 507 sitiunt,
996 467 1098 496 cum
1120 451 1251 497 fidem
1279 455 1437 498 ambu-

2 513 27 574 29
50 523 185 567 lantes
208 522 540 581 peregrinantur
563 539 587 567 a
620 523 808 567 Domino
818 525 851 567 ².
880 523 1007 567 Unde
1039 532 1083 567 et
1107 521 1219 566 illud
1239 522 1399 568 dicitur
1423 539 1433 566 ε

21 587 25 656 j
54 611 72 635 α
106 593 311 652 Replehis
334 607 404 636 me
423 593 572 638 laetitia
594 609 695 638 cum
715 593 843 638 vultu
871 595 993 639 tuoss.
1023 612 1043 635 »
1069 597 1199 639 Mane
1231 595 1438 640 astabunt·

20 657 23 704 9
50 672 92 708 et
117 662 579 722 contemplabuntur⁴.
607 667 663 708 Et
685 664 796 709 sicut
817 665 889 708 alii
917 664 1120 709 dixerunt
1140 665 1396 724 interpretes
1424 684 1434 710 :

19 735 22 790 ᾗ
53 752 74 776 «
108 733 256 779 satiati
277 748 426 779 sumus
452 750 581 778 mane
605 734 898 780 misericordia
921 744 995 779 tua
1010 770 1021 790 ,
1049 753 1070 776 »
1095 745 1201 780 tunc
1224 736 1441 780 satiabun-

17 799 22 869 ξ
49 813 133 849 tur.
157 804 275 849 Sicut
303 806 418 849 enim
443 805 547 849 alibi
572 806 659 849 ait:
692 826 712 848 «
739 806 936 850 Satiabor
956 805 1062 850 dum
1089 805 1439 851 manifestabitur

16 883 19 936 ζ
49 893 71 919 »
105 874 239 934 gloria
257 879 373 920 tua5.
399 894 419 918 >›
440 876 565 921 Unde
588 876 748 921 dicitur
768 896 776 922 :
807 877 1036 921 «Ostende
1058 877 1183 921 nobis
1202 881 1375 921 Patrem
1393 887 1437 923 et

15 944 19 983 ἑ
50 964 71 988 »
104 946 263 991 sufficit
280 947 420 992 nobis.
440 966 461 989 »
479 951 623 1007 Atque
637 948 727 1007 ipse
745 947 951 992 Dominus
966 948 1052 991 ait:
1078 947 1350 991 «Ostendam
1366 963 1437 992 me

13 1015 17 1084 ξ
50 1034 70 1058 »
103 1016 245 1076 ipsum
265 1016 368 1061 ifli6.
383 1036 404 1058 »
427 1017 553 1070 Quod
569 1017 708 1062 donec
725 1017 817 1073 fiat,
843 1017 954 1061 nihil
976 1016 1081 1061 boni
1103 1016 1229 1061 nobis
1243 1016 1436 1077 sufficit3

11 1088 16 1137 ἑ
47 1102 126 1132 nec
137 1087 335 1132 sufficere
349 1087 497 1143 debet,
509 1104 565 1132 ne
577 1087 840 1133 desiderium
854 1097 1052 1133 nostrum
1065 1088 1185 1133 invia
1198 1097 1435 1144 remaneat,

10 1144 15 1227 f
47 1156 167 1218 quod
189 1157 330 1202 donec
351 1159 575 1218 perveniat
598 1158 924 1203 extendendum
949 1168 1027 1203 est.
1053 1178 1073 1200 «
1094 1159 1266 1219 Repleti
1288 1174 1438 1204 sumus

9 1231 13 1269 Ι
50 1246 70 1270 »
103 1243 232 1272 mane
251 1228 543 1273 misericordia
557 1238 653 1273 tua:
673 1238 717 1273 et
731 1228 1034 1284 exultavimus,
1057 1239 1099 1273 et
1116 1229 1348 1291 jucundati
1366 1244 1441 1274 su-

50 1316 72 1340 »
105 1314 201 1343 mus
220 1298 265 1342 in
283 1299 485 1343 omnibus
509 1299 664 1343 diebus
687 1300 858 1344 nostris.
888 1319 906 1341 »
929 1300 1028 1344 Dies
1049 1299 1138 1354 ille,
1157 1300 1247 1344 dies
1264 1309 1328 1344 est
1348 1301 1441 1344 sine

47 1370 146 1414 fine.
167 1369 305 1415 Simul
317 1380 420 1414 sunt
436 1370 498 1414 illi
516 1386 664 1415 omnes
677 1371 782 1426 dies,
798 1371 897 1416 ideo
913 1372 1084 1416 satiant.
1098 1374 1195 1415 Non
1212 1371 1327 1415 enim
1345 1386 1440 1415 suc-

47 1438 300 1484 cedentibus
317 1440 495 1493 cedunt,
516 1441 592 1484 ubi
608 1456 697 1485 non
720 1440 962 1501 estaliquid
977 1442 1096 1501 quod
1112 1457 1201 1485 non
1221 1440 1439 1486 veniendo

47 1510 243 1554 nondum
264 1512 337 1565 sit,
360 1520 404 1554 et
419 1510 636 1555 veniendo
652 1513 740 1571 jam
760 1527 850 1556 non
873 1512 940 1555 sit.
968 1513 1130 1555 Omnes
1154 1510 1282 1554 simul
1307 1520 1408 1555 sunt
1424 1547 1435 1567 ,

48 1580 149 1641 quia
167 1596 280 1625 unus
293 1582 446 1642 estqui
468 1590 552 1625 stat
569 1590 611 1625 et
629 1597 719 1626 non
739 1581 915 1625 transit:
940 1582 1030 1641 ipsa
1044 1591 1107 1625 est
1124 1581 1356 1625 aeternitas.
1384 1582 1438 1625 Hi

47 1660 148 1696 sunt
167 1651 256 1696 dies
269 1653 324 1695 de
342 1653 502 1712 quibus
519 1651 699 1696 dicitur:
717 1652 854 1705 «Quis
871 1653 1076 1696 esthomo
1093 1651 1273 1712 quivult
1286 1653 1437 1707 vitam,

51 1740 72 1764 »
105 1731 148 1766 et
169 1722 310 1780 diligit
326 1722 472 1766 videre
490 1721 580 1766 dies
603 1722 765 1766 bonos⁷
782 1724 800 1766 P
816 1741 835 1763 »
863 1722 918 1765 Hi
942 1721 1031 1766 dies
1049 1732 1092 1766 et
1115 1721 1200 1766 alio
1218 1722 1315 1766 loco
1338 1722 1441 1766 anni

49 1792 340 1854 appellantur,
362 1793 439 1836 ubi
462 1796 552 1837 Deo
574 1793 737 1837 dicitur
758 1812 766 1837 z
792 1812 809 1832 «
829 1796 894 1837 Tu
913 1803 1057 1837 autem
1074 1792 1188 1837 idem
1210 1793 1301 1852 ipse
1319 1808 1378 1847 es,
1398 1802 1442 1837 et

0 1858 2 1930 ξ
53 1882 73 1907 «
107 1864 208 1908 anni
231 1864 296 1908 tui
318 1879 407 1907 non
435 1862 639 1907 deficient
653 1865 685 1907 8.
704 1881 726 1904 n
752 1865 848 1908 Non
870 1864 986 1907 enim
1010 1864 1112 1907 anni
1134 1873 1236 1906 sunt
1260 1863 1337 1922 qui
1359 1878 1440 1922 pro

0 1934 1 1979 9
49 1934 184 1979 nihilo
205 1934 441 1987 habentur,
468 1942 543 1978 aut
565 1933 654 1977 dies
667 1943 770 1977 sunt
791 1935 865 1994 qui
883 1934 995 1978 sicut
1016 1933 1172 1977 umbra
1193 1932 1440 1977 declinave-

50 2006 180 2049 runt⁰
207 2020 216 2046 ε
239 2003 315 2048 sed
337 2003 427 2048 dies
451 2013 554 2047 sunt
574 2004 651 2064 qui
672 2013 795 2059 sunt,
820 2019 1008 2065 quorum
1031 2018 1263 2047 numerum
1286 2012 1440 2047 notum

50 2074 131 2119 sibi
163 2074 258 2117 fieri
287 2074 569 2133 precabatur,
606 2075 682 2133 qui
710 2073 884 2118 dicebat
913 2094 922 2118 ι
964 2093 983 2115 «
1008 2076 1171 2118 Notum
1200 2071 1268 2116 fac
1301 2072 1438 2126 mihi,

53 2163 73 2187 »
108 2145 292 2189 Domine
310 2180 322 2199 ,
348 2145 480 2188 finem
502 2159 650 2189 meum
668 2179 678 2199 ‚
712 2160 802 2205 quo
823 2144 1117 2204 perveniendo
1148 2157 1370 2197 maneam,
1397 2151 1440 2186 et

53 2234 74 2258 »
108 2215 218 2259 nihil
234 2215 414 2260 ulterius
427 2216 516 2275 jam
540 2216 759 2275 requiram
775 2251 786 2270 ,
811 2225 855 2260 et
875 2230 1109 2259 numerum
1130 2213 1301 2258 dierum
1320 2228 1442 2258 meo-

55 2305 75 2328 »
109 2302 207 2331 rum
228 2287 304 2347 qui
323 2289 431 2330 est¹0
453 2303 461 2327 :
492 2305 510 2327 n
537 2287 689 2347 utique
711 2287 786 2347 qui
811 2296 888 2340 est,
915 2301 1004 2329 non
1022 2286 1096 2346 qui
1123 2300 1211 2329 non
1230 2294 1307 2329 est.
1329 2285 1442 2338 Quia

53 2356 142 2401 dies
173 2357 267 2411 isti,
303 2357 358 2401 de
392 2357 552 2417 quibus
587 2366 631 2401 et
659 2356 748 2401 illic
776 2365 1093 2416 consequenter
1115 2355 1249 2400 dicit:
1287 2375 1306 2397 «
1332 2358 1444 2399 Ecce

56 2447 76 2470 »
111 2431 288 2473 Veteres
322 2429 503 2488 posuisti
543 2428 635 2473 dies
667 2431 848 2482 meos¹¹‚
888 2447 906 2469 »
944 2443 1032 2472 non
1063 2437 1190 2482 sunt,
1223 2427 1325 2487 quia
1354 2442 1444 2470 non

360 315 602 344 ENARRA‘mo
635 317 680 344 IN
712 315 916 344 rsALMUM
949 315 1114 343 Lxxxlx.
1352 310 1434 348 295

7 1311 12 1383 ἔ

5 1414 10 1472 ἰ

5 1476 9 1520 9

4 1526 8 1600 ἔ

3 1609 6 1635 1

1 1689 5 1710 l

102 2547 110 2563 ¹
132 2539 246 2571 Matth.
267 2551 300 2579 v,
324 2540 355 2571 8.
374 2557 414 2561 —
436 2547 448 2562 2
474 2549 493 2572 2
512 2541 585 2572 Cor.
602 2552 636 2578 v,
654 2540 686 2572 6.
707 2558 746 2562 —
765 2538 777 2562 3
798 2540 875 2572 psal.
895 2551 948 2579 xv,
972 2552 1019 2571 10.
1041 2558 1080 2562 —
1100 2539 1116 2569 4
1135 2540 1177 2571 Id.
1205 2551 1236 2579 v,
1256 2539 1285 2570 5.
1305 2536 1375 2561 —5
1393 2539 1439 2569 Id.

56 2605 131 2636 xvi,
164 2595 214 2627 15.
235 2613 275 2618 —-
294 2593 309 2617 6
328 2598 418 2627 Joan⁴
452 2607 524 2635 xiv,
546 2596 565 2627 8
585 2600 617 2627 et
645 2604 696 2627 21.
721 2612 761 2617 -—
780 2603 793 2627 7
813 2595 891 2626 Psal.
917 2596 957 2626 33
976 2622 982 2633 ,
1007 2607 1057 2626 11.
1082 2614 1121 2617 -
1142 2594 1293 2632 81d.c=‚
1319 2594 1373 2626 28.
1402 2610 1441 2614 —

59 2658 72 2681 9
90 2651 168 2682 ibid.
190 2660 240 2682 12.
263 2668 303 2672 —-
331 2658 360 2671 ¹0
379 2652 423 2681 ld.
451 2662 578 2687 xxxviii,
600 2652 630 2680 ἴι.
653 2668 692 2672 ——
721 2658 746 2672 ¹¹
769 2651 847 2681 thid.
869 2651 889 2681 6
