1926 3339
379 358 620 387 ENARRATIO
652 360 697 387 nv
729 356 932 388 PSALMUM
964 360 1097 387 Lxxx.
1345 347 1425 389 123

44 433 192 470 tantur
213 424 346 470 verbo
362 426 450 485 ejus
473 433 516 469 et
536 424 784 484 cognitione
805 433 1175 468 sacramentorum
1189 425 1294 484 ejus,
1315 425 1429 470 solu-

44 496 164 540 tione
195 495 499 555 parabolarum
525 496 616 555 ejus
647 510 779 555 quam
804 494 931 539 multi
959 494 1258 539 delectantur!
1295 511 1427 556 quam

42 565 170 610 multi
193 564 402 610 clamant!
438 568 495 609 Et
514 581 602 609 non
619 575 683 610 est
704 566 788 609 hoc
810 564 895 609 mel
927 565 982 609 de
1003 565 1202 626 quolibet
1219 566 1397 610 homin-2
1415 602 1426 621 ‚

42 637 117 682 sed
138 636 193 680 de
213 645 350 696 petra.
377 655 395 676 «
420 640 543 680 Petra
566 645 713 680 autem
731 645 824 680 erat
840 635 1037 681 Christus
1052 638 1082 679 ¹.
1103 655 1122 677 »
1142 640 1279 690 Quam
1301 636 1430 681 multi

42 723 144 766 ergo
162 707 373 751 satiantur
394 705 448 750 de
462 705 590 750 melle
608 707 689 750 isto
703 742 713 758 ,
736 706 927 750 clamant
946 742 956 760 ,
975 705 1128 751 dicunt
1142 743 1152 762 ,
1178 709 1317 752 Suave
1339 717 1427 752 est:

41 778 215 833 dicunt,
250 777 368 823 Nihil
397 778 576 833 melius,
612 777 720 822 nihil
744 778 916 822 dulcius
949 777 1017 822 vel
1041 778 1225 838 intelligi
1254 779 1323 823 vel
1346 778 1432 823 dici

40 849 200 909 potuit.
239 851 296 892 Et
325 857 470 892 tamen
503 848 663 891 inimici
704 848 875 892 Domini
899 848 1070 891 mentiti
1100 858 1202 892 sunt
1234 849 1289 892 ei.
1320 848 1431 893 Nolo

41 918 224 978 amplius
252 919 475 963 immorari
496 918 542 962 in
566 918 695 962 rebus
725 917 923 962 dolendis
949 937 958 961 ε
984 934 1235 977 quanquam
1258 919 1432 962 terribi-

39 987 137 1033 liter
160 986 252 1033 Psal
261 1004 353 1033 mus
376 987 429 1032 ad
443 989 528 1032 hoc
545 987 692 1031 finitus
710 988 784 1042 sit,
803 997 945 1031 tamen
970 1003 992 1030 a
1016 987 1102 1030 fine
1115 989 1206 1047 ejus
1224 1024 1234 1042 ,
1251 988 1431 1033 obsecro

39 1075 130 1115 vos,
145 1074 418 1103 recurramus
432 1057 486 1103 ad
499 1067 631 1119 caput
649 1075 660 1102 .·
679 1057 908 1103 «Exultate
926 1061 1016 1103 Deo
1032 1057 1221 1119 adjutori
1234 1067 1426 1104 nostro.»

39 1130 245 1176 Conversi
266 1129 322 1174 ad
342 1133 496 1175 Deum.

492 1263 544 1309 E
547 1273 563 1309 t
576 1272 689 1326 post
710 1261 906 1310 verbum
919 1263 937 1291 ‘²
962 1281 974 1309 .·

95 1403 264 1445 XXIII.
296 1403 394 1447 Non
419 1416 574 1460 parum
605 1410 766 1444 vestras
796 1408 964 1445 mentes
991 1400 1037 1444 in
1066 1401 1242 1444 nomine
1271 1400 1431 1445 Christi

39 1469 184 1516 divina
217 1471 462 1530 spectacula
496 1473 733 1515 tenuerunt
766 1480 809 1514 et
840 1470 1160 1530 suspenderunt
1191 1483 1267 1514 vos
1295 1506 1306 1526 ‚
1341 1486 1431 1515 non

39 1542 179 1587 solum
207 1541 263 1586 ad
285 1541 530 1601 appetenda
552 1542 778 1601 quaedam,
807 1541 883 1585 sed
905 1542 960 1585 ad
983 1541 1185 1601 quaedam
1204 1542 1333 1585 etiam
1358 1539 1431 1585 fu-

39 1612 210 1673 gienda,
238 1615 323 1657 Ista
350 1622 452 1657 sunt
469 1612 716 1672 spectacula
739 1612 885 1667 utilia,
904 1612 1094 1657 salubria
1111 1649 1121 1666 ,
1142 1612 1400 1657 aedificantia
1416 1648 1428 1664 ,

37 1697 126 1729 non
147 1683 413 1728 destruentia
441 1703 450 1729 z
475 1684 563 1728 imo
586 1693 628 1728 et
646 1683 936 1738 destruentia,
966 1693 1008 1727 et
1023 1683 1305 1741 aedificantia3
1330 1682 1430 1727 des—

38 1755 224 1799 truentia
259 1763 452 1798 recentes
486 1753 590 1798 deos
606 1789 617 1809 ,
654 1753 914 1799 aedificantia
958 1753 1090 1797 fidem
1128 1754 1172 1797 in
1202 1769 1355 1798 verum
1388 1763 1432 1798 ct

38 1830 250 1870 aeternum
274 1828 429 1869 Deum.
457 1826 599 1869 Etiam
618 1825 662 1868 in
680 1825 914 1869 crastinum
929 1823 1044 1869 diem
1066 1825 1300 1869 invitamus
1319 1826 1430 1869 Cha-

37 1897 209 1941 ritatem
231 1898 443 1940 Vestram.
470 1898 573 1941 Cras
594 1895 658 1939 illi
677 1895 864 1950 habent,
887 1905 937 1940 ut
960 1895 1222 1950 audivimus,
1248 1911 1366 1939 mare
1386 1896 1432 1939 in

39 1967 209 2012 theatro
234 1985 243 2012 :
269 1983 347 2011 nos
377 1967 616 2011 habeamus
639 1976 817 2027 portum
840 1966 884 2010 in
907 1967 1094 2012 Christo.
1118 1967 1201 2012 Sed
1223 1966 1432 2028 quoniam

39 2037 279 2098 perendino
297 2036 368 2081 die
383 2073 393 2092 ,
422 2037 466 2081 id
485 2045 548 2081 est
565 2072 577 2093 ‚
604 2047 759 2098 quarta
797 2037 965 2081 sabbati
984 2073 993 2092 ‚
1020 2053 1109 2082 non
1130 2049 1359 2097 possumus
1380 2039 1434 2081 ad

39 2119 232 2153 'mensam
253 2108 461 2167 Cypriani
483 2108 735 2162 convenire,
751 2108 852 2168 quia
875 2106 1079 2152 festivitas
1097 2118 1160 2152 est
1181 2118 1432 2153 sanctorum

39 2183 282 2239 Martyrum
297 2215 307 2235 ,
333 2180 519 2224 crastino
537 2181 591 2224 ad
614 2180 750 2240 ipsam
769 2195 964 2223 mensam
984 2180 1308 2225 conveniamus.

39 2333 41 2336 v
87 2294 97 2310 ¹
124 2289 194 2321 Cor.
216 2300 248 2329 x,
269 2287 300 2329 4.
319 2305 361 2311 —-
380 2295 392 2310 ²
411 2288 597 2320 Adhortatio
621 2288 661 2320 ad
679 2291 853 2320 tractatum
877 2287 909 2319 in
922 2287 1067 2330 sequenti
1083 2287 1135 2320 die
1151 2287 1344 2320 audiendum
1359 2312 1369 2329 ,
1396 2291 1431 2319 et

39 2344 129 2377 ludos
140 2345 305 2377 saeculares
319 2344 588 2378 contemnendos.
