1926 3339
390 291 632 320 ENARRA’mo
663 294 707 319 nv
741 293 944 320 PsALMUM
978 295 1095 320 xcm.
1360 286 1444 324 387

66 375 87 400 »
122 357 205 410 Qui
235 356 381 400 erudit
413 366 587 415 gentes,
617 372 705 402 non
735 359 919 416 arguet?
948 358 1034 411 Qui
1064 357 1193 402 docet
1228 359 1450 405 hominem

60 447 87 470 ·»
120 427 367 471 scientiam?
390 445 411 469 »
434 430 530 486 Ipse
552 442 642 471 non
663 427 743 472 scit
768 428 844 488 qui
863 436 905 471 te
932 427 1036 472 feeit
1056 427 1192 472 scire?
1217 446 1237 470 «
1263 429 1348 481 Qui
1368 428 1451 474 do-

68 519 86 540 »
121 507 191 542 cet
211 498 435 542 hominem
456 498 711 542 scientiam?
739 518 757 540 »

64 608 66 611 ,
120 569 240 612 XIV.
271 586 290 610 «
316 569 527 613 Dominus
548 568 628 612 scit
658 567 938 626 cogitationes
959 568 1211 625 hominum,
1242 569 1452 629 quoniam

63 656 85 682 ο)
120 654 242 682 vanae
259 640 424 683 sunt1.»
445 641 554 684 Nam
576 639 655 684 etsi
684 651 727 683 tu
749 639 886 684 nescis
914 640 1194 699 cogitationes
1219 640 1311 695 Dei,
1335 655 1450 700 quo-

60 709 176 753 niam
194 710 323 770 justae
353 719 455 754 sunt
474 731 486 767 3
505 708 579 754 ille
607 729 624 751 t<
650 711 738 755 Scit
761 711 1043 770 cogitationes
1066 711 1312 765 hominum,
1339 727 1452 767 quo-

64 798 85 822 »
121 779 237 824 niam
268 796 391 825 vanae
427 790 544 824 sunt.
573 784 675 825 »Et
707 782 903 826 homines
942 782 1133 826 scierunt
1167 782 1452 840 cogitationes

61 851 139 896 Dei
164 870 175 896 2
201 850 276 895 sed
305 852 464 912 quibus
489 853 578 912 jam
600 852 762 896 amicus
791 852 932 896 faetus
955 862 1034 908 est,
1054 851 1201 913 prodit
1219 851 1448 896 consilium

61 937 204 966 suum.
230 925 391 977 Etvos‚
409 921 562 967 fratres
576 923 675 977 mei,
701 922 837 966 nolite
860 938 933 967 vos
954 932 1236 967 contemnere
1261 942 1269 967 ε
1294 923 1329 967 si
1351 938 1452 967 cum

60 994 148 1038 fide
176 993 378 1038 acceditis
403 992 457 1037 ad
477 994 732 1048 Dominum,
767 993 924 1038 auditis
942 994 1224 1052 cogitationes
1249 993 1326 1038 Dei
1348 1013 1357 1038 :
1382 1009 1452 1037 eas

61 1065 194 1109 modo
222 1063 384 1108 discitis
402 1100 412 1119 ,
444 1065 527 1108 hoc
551 1065 673 1109 vobis
695 1064 878 1120 dicitur,
909 1074 953 1109 et
975 1064 1030 1109 ad
1057 1066 1140 1110 hoc
1160 1065 1450 1119 instruimini,

61 1152 196 1197 quare
225 1145 376 1196 parcat
396 1135 528 1180 modo
551 1139 664 1180 Deus
687 1136 810 1180 malis
827 1172 837 1191 ‚
866 1153 921 1180 ne
945 1136 1227 1181 murmuretis
1249 1135 1455 1180 adversus

63 1211 217 1262 Deum,
243 1207 319 1267 qui
342 1206 470 1251 docet
486 1207 709 1251 hominem
732 1207 969 1251 scientiam.
1001 1226 1020 1248 «
1046 1208 1257 1252 Dominus
1278 1207 1354 1251 scit
1377 1222 1454 1251 co-

67 1299 84 1321 »
121 1278 348 1338 gitationes
371 1278 601 1322 hominum
627 1313 638 1332 ‚
659 1278 865 1339 quoniam
886 1294 1012 1322 vanae
1030 1288 1175 1323 sunt.»
1202 1278 1453 1338 Relinquite

61 1365 163 1408 ergo
185 1349 469 1409 cogitationes
489 1348 735 1405 hominum,
761 1366 859 1410 quae
881 1365 1003 1394 vanae
1029 1359 1152 1408 sunt3
1184 1359 1234 1393 ut
1255 1365 1457 1409 compre-

60 1421 262 1466 hendatis
296 1422 577 1480 cogitationes
601 1422 701 1476 Dei,
730 1438 830 1482 quae
863 1422 1077 1481 sapientes
1106 1431 1222 1466 sunt.
1250 1421 1334 1466 Sed
1358 1422 1453 1481 quis

29 1515 35 1521 ·
58 1501 125 1537 ,est
146 1493 221 1554 qui
234 1492 565 1553 comprehendit
578 1493 864 1552 cogitationes
886 1492 987 1536 Dei?
1004 1493 1087 1546 Qui
1113 1493 1290 1552 ponitur
1308 1492 1354 1535 in
1377 1494 1452 1536 fir-

61 1573 282 1608 mamento
300 1563 416 1608 coeli.
445 1567 543 1608 Jam
570 1564 654 1608 hoc
672 1563 960 1618 cantavinmS‚
986 1564 1077 1623 jam
1095 1563 1178 1607 hoc
1201 1562 1388 1607 diximus
1410 1572 1454 1607 et

59 1635 352 1694 exposuimus.

120 1709 219 1751 XV.
246 1725 264 1747 «
281 1709 439 1751 Beatus
459 1706 524 1751 vir
537 1721 668 1766 quem
691 1715 742 1751 tu
763 1705 986 1761 erudieris,
1007 1706 1206 1760 Domine,
1228 1714 1271 1749 et
1288 1721 1337 1749 ex
1358 1705 1454 1764 lege

65 1796 85 1819 n
120 1786 195 1826 tua
225 1776 422 1821 docueris
445 1791 546 1820 eum
573 1796 581 1821 :
606 1785 657 1820 ut
678 1777 847 1834 mitiges
869 1792 970 1820 eum
998 1793 1022 1820 a
1050 1775 1205 1820 diebus
1236 1774 1449 1834 malignis,

62 1867 83 1889 »
118 1848 259 1893 donec
286 1846 478 1892 fodiatur
512 1847 730 1907 peccatori
752 1846 918 1891 fovea².
947 1865 967 1888 »
1004 1850 1117 1891 Ecce
1150 1847 1283 1890 habes
1309 1846 1452 1891 consi-

57 1918 166 1964 lium
190 1919 281 1974 Dei,
308 1934 441 1979 quare
458 1928 606 1978 parcat
621 1917 743 1962 malis
771 1937 780 1962 ε
808 1916 975 1962 foditur
992 1917 1116 1962 fovea
1134 1918 1365 1977 peccatori.
1386 1920 1451 1961 Tu

54 1991 143 2051 jam
165 1991 228 2035 vis
244 1989 368 2034 illum
390 1990 570 2049 sepelire
597 2008 605 2033 ε
631 1988 776 2033 adhuc
797 1987 923 2033 fovea
946 1987 1008 2032 illi
1030 1986 1224 2046 foditur3
1248 1987 1338 2032 noli
1361 1986 1449 2032 fes-

56 2062 198 2106 tinare
225 2061 419 2122 sepelire.
448 2061 563 2115 Quid
586 2071 661 2106 est.
701 2081 720 2103 «
747 2065 894 2106 Donec
921 2060 1114 2106 fodiatur
1140 2061 1358 2121 peccatori
1379 2060 1450 2105 fo-

54 2150 83 2174 2»
116 2134 224 2177 vea‘?
246 2153 263 2175 »
290 2136 380 2177 Aut
406 2148 536 2193 quem
563 2134 688 2192 ponit
711 2134 1010 2192 peccatorem?
1033 2148 1171 2177 unum
1195 2132 1449 2187 hominem?

58 2206 170 2249 Non.
198 2203 311 2257 Quid
337 2207 465 2263 ergo?
486 2205 627 2248 Omne
650 2219 786 2263 genus
802 2203 1033 2247 hominum
1054 2212 1349 2262 peccatorum,
1375 2201 1450 2246 sed

57 2275 349 2334 superborum
376 2294 385 2319 ;
407 2275 497 2334 jam
519 2274 634 2318 enim
653 2273 876 2334 praemisit,
902 2292 922 2315 α
947 2273 1098 2317 Redde
1114 2273 1449 2317 retributionem

62 2361 83 2386 »
117 2345 328 2404 superbis.
363 2365 380 2387 »
420 2347 529 2390 Nam
551 2354 594 2388 et
621 2344 694 2388 itte
718 2353 919 2404 peccator
942 2342 1025 2387 fuit
1054 2344 1318 2387 Publicanus
1335 2379 1346 2398 ‚
1373 2343 1449 2404 qui

60 2416 208 2462 oculos
229 2416 400 2461 eliserat
420 2417 466 2460 in
484 2426 659 2471 terram,
677 2426 720 2460 et
740 2415 1013 2476 percutiebat
1036 2424 1186 2475 pectus
1205 2431 1348 2469 suum,
1379 2415 1448 2459 di-

22 2537 26 2539 ,
60 2503 188 2532 cens:
219 2506 238 2529 «
268 2491 397 2542 Deus,
427 2487 639 2547 propitius
668 2496 759 2531 esto
788 2487 894 2530 mihi
918 2487 1204 2545 peccator'13.»
1241 2486 1324 2530 Sed
1346 2486 1447 2547 quia

59 2573 149 2603 non
165 2559 379 2618 superbus
404 2568 510 2605 erat,
538 2561 651 2601 Deus
675 2567 818 2602 autem
844 2556 995 2600 reddet
1018 2556 1348 2599 retributionem
1376 2572 1449 2599 su-

110 2651 116 2665 ¹
142 2643 219 2676 psai.
245 2655 328 2684 xuni,
353 2655 384 2674 ιι
425 2661 464 2664 -—
489 2643 601 2674 ²1btt.
630 2654 679 2682 1⁴2,
704 2643 750 2672 113.
775 2659 814 2662 ν’·
838 2640 847 2657 ²
868 2644 945 2672 Luc.
969 2652 1060 2680 xvxii,
1088 2642 1134 2671 μὶ.

1253 2695 1316 2733 ⁹25.
