1926 3339
389 240 630 273 ENAnnAno
662 247 707 273 nx
740 245 942 275 PsALMUM
974 249 1135 277 Lxxvn.
1366 244 1421 283 47

38 308 67 352 ii
95 323 205 368 quos
236 308 453 354 occiderat
471 345 482 365 ,
516 311 591 354 sed
623 311 699 371 qui
721 311 918 371 exemplo
949 326 1100 358 eorum
1128 314 1267 360 occidi
1293 318 1423 364 time-

37 377 169 433 bant,
194 378 253 423 sic
282 388 426 423 autern
452 378 506 423 de
527 378 611 424 illis
643 380 864 439 Scriptura
892 381 1039 427 locuta
1062 393 1126 428 est
1148 394 1355 447 tanquam
1378 390 1424 434 hi

37 452 177 493 Deum
204 459 450 510 quaererent
487 451 562 511 qui
595 450 936 511 occidebantur3
967 455 1067 514 quia
1100 470 1212 500 unus
1235 458 1424 517 populus

36 529 127 565 erat
143 556 155 575 ,
185 530 230 566 et
255 531 466 583 tanquam
489 522 544 567 de
581 538 671 568 uno
692 538 873 583 corpore
895 524 1070 570 dicitur.
1103 546 1123 569 «
1156 530 1213 572 Et
1233 540 1425 575 reverte-

37 608 58 631 »
92 591 276 647 bantur,
301 600 344 636 et
362 592 557 637 diluculo
577 594 813 638 veniebant
830 591 885 639 ad
902 598 1055 640 Deum.
1068 599 1125 641 Et
1147 602 1426 646 rememorati

35 676 56 701 »
91 670 193 705 sunt
208 697 220 717 ‚
244 663 345 722 quia
367 665 481 706 Deus
506 662 679 723 adjutor
712 678 864 709 eorum
887 674 981 722 est,
1021 676 1065 712 et
1086 670 1200 712 Deus
1231 669 1423 716 excelsus

36 748 56 772 »
92 730 340 791 redemptor
355 748 507 777 eorum
530 743 594 778 est
611 737 642 779 ¹.
665 753 685 776 »
712 735 796 780 Sed
813 737 896 780 hoc
919 746 1060 781 totum
1083 749 1261 798 propter
1279 743 1426 803 acqui-

33 800 183 856 renda,
199 802 454 861 temporalia
472 804 604 859 bona,
625 813 668 849 et
687 804 866 849 vitanda
889 807 1144 866 temporalia
1165 809 1293 854 mala.
1315 814 1425 856 Nam

31 870 107 930 qui
122 881 301 931 propter
325 872 534 917 beneficia
557 882 727 917 terrena
751 878 889 919 Deum
913 876 1194 936 quaerebant,
1220 894 1309 924 non
1332 882 1423 925 uti-

31 952 117 999 que
139 943 277 985 Deum
298 976 309 997 ,
334 942 409 986 sed
430 941 504 986 illa
533 943 812 1003 quaerebant,
838 960 890 989 eo
918 946 1051 992 modo
1069 949 1224 993 timore
1246 951 1389 995 servili
1410 987 1422 1008 ,

31 1025 121 1054 non
145 1009 314 1055 liberali.
343 1011 577 1056 dilectione
609 1015 724 1058 Deus
756 1014 929 1060 colitur.
971 1018 1039 1062 Sic
1067 1034 1171 1078 ergo
1199 1023 1313 1065 Deus
1336 1037 1426 1067 non

32 1080 191 1125 colitur
212 1099 221 1125 ε
247 1082 330 1126 hoc
352 1083 467 1125 enim
490 1082 650 1127 colitur
671 1084 792 1144 quod
815 1085 1025 1146 diligitur.
1044 1088 1171 1134 Unde
1188 1091 1291 1151 quia
1311 1095 1425 1137 Deus

33 1151 163 1195 rebus
196 1151 402 1196 omnibus
424 1154 564 1213 major
585 1162 629 1198 et
650 1154 804 1200 melior
830 1157 1075 1216 invenitur,
1102 1160 1199 1221 plus
1222 1163 1425 1208 omnibus

32 1219 277 1280 diligendus
299 1232 363 1267 est
385 1232 434 1268 ut
456 1223 641 1268 colatur.
1169 1268 1172 1272 ,

87 1295 211 1338 XXI.
241 1295 438 1356 Denique
459 1295 530 1340 hic
548 1297 772 1357 sequentia
789 1297 1013 1345 videamus
1033 1319 1042 1346 :
1063 1315 1083 1343 «
1101 1303 1158 1346 Et
1178 1302 1424 1351 dilexerunt

33 1380 54 1405 >›
89 1378 205 1420 eum,
220 1364 380 1425 inquit,
398 1366 442 1409 in
459 1381 533 1411 ore
554 1382 648 1422 suo,
672 1376 715 1411 et
735 1367 781 1412 in
797 1365 950 1429 lingua
968 1386 1044 1416 sua
1059 1373 1230 1418 mentiti
1246 1385 1348 1420 sunt
1363 1375 1416 1421 ei.

33 1451 54 1476 »
89 1436 175 1480 Cor
197 1444 341 1479 autem
361 1435 556 1496 ipsorum
573 1453 663 1481 non
682 1447 774 1482 erat
789 1449 956 1485 rectum
970 1457 1071 1486 cum
1085 1457 1152 1499 eo,
1171 1460 1251 1489 nec
1273 1445 1422 1491 fideles

33 1523 53 1546 »
88 1505 227 1550 habiti
255 1515 357 1551 sunt
378 1507 425 1550 in
448 1516 707 1553 testamento
731 1511 822 1570 ejus
843 1513 875 1555 Ἰ.
905 1530 925 1552 »
957 1512 1087 1557 Aliud
1109 1514 1156 1558 in
1176 1514 1326 1575 lingua
1349 1532 1425 1562 eo-

30 1589 153 1633 rum,
175 1575 295 1621 aliud
315 1578 362 1621 in
384 1579 516 1623 corde
537 1595 689 1623 eorum
707 1581 974 1639 inveniebat,
1000 1585 1070 1629 cui
1093 1595 1254 1631 secreta
1277 1588 1423 1632 homi-

30 1661 137 1691 num
165 1645 284 1692 nuda
307 1657 409 1692 sunt
424 1683 435 1704 ,
461 1658 505 1693 et
523 1650 614 1693 sine
643 1650 736 1695 ullo
758 1651 986 1699 obstaculo
1008 1655 1116 1716 quid
1137 1657 1281 1716 potius
1304 1675 1423 1704 ama-

29 1726 127 1762 rent
153 1717 347 1763 videbat.
381 1722 568 1765 Rectum
597 1720 746 1783 itaque
768 1739 842 1768 cor
875 1741 975 1769 cum
999 1729 1089 1772 Deo
1124 1738 1213 1784 est,
1245 1730 1422 1790 quando

30 1796 208 1847 propter
236 1791 374 1833 Deum
400 1791 559 1850 quaerit
587 1795 738 1836 Deum.
766 1795 906 1838 Unam
936 1796 1098 1857 quippe
1120 1801 1371 1859 concupivit
1398 1818 1421 1846 a

30 1859 243 1915 Domino,
279 1858 394 1905 hanc
431 1863 647 1922 requiret,
677 1873 727 1908 ut
756 1863 969 1911 inhabitet
1000 1867 1045 1911 in
1083 1868 1214 1915 domo
1245 1873 1420 1917 Domini

29 1941 221 1989 semper,
247 1939 291 1975 et
326 1932 649 1991 contempletur
680 1934 772 1994 ejus
797 1934 1131 1983 delectationem
1147 1942 1178 1984 3.
1211 1942 1293 1987 Cui
1316 1941 1422 1988 dicit

30 2010 106 2044 cor
132 1993 328 2044 fidelium
356 2018 366 2046 ε
400 2002 636 2047 Saturabor
657 2038 669 2059 ,
700 2019 791 2048 non
824 2004 919 2051 ollis
953 2008 1150 2053 carnium
1185 2012 1420 2072 AEgyptio-

29 2082 127 2114 rum
141 2105 152 2126 ,
176 2083 258 2116 nec
275 2066 522 2117 melonibus
544 2081 588 2117 et
614 2075 882 2134 peponibus,
904 2086 948 2122 et
969 2078 1070 2123 allio
1093 2088 1136 2124 et
1158 2082 1298 2142 cepis,
1320 2094 1420 2145 quae'

31 2141 249 2199 generatio
276 2156 408 2203 prava
432 2152 475 2188 et
498 2145 736 2190 amaricans
758 2146 888 2191 etiam
912 2149 1013 2208 pani
1033 2149 1199 2195 coelesti
1218 2153 1421 2212 praefere-

29 2211 152 2268 ΜΗ,
180 2228 260 2257 nec
287 2227 447 2258 manna
471 2214 629 2259 visibili
647 2225 779 2277 atque
800 2217 900 2278 ipsis
921 2219 1170 2265 volatilibus
1190 2226 1388 2282 pennatis
1406 2247 1417 2284 3

30 2278 105 2325 sed
121 2317 131 2337 ,
162 2299 182 2324 «
205 2283 441 2328 Saturabor
455 2318 466 2339 ,
489 2298 589 2328 cum
609 2283 960 2332 manifestabitur
978 2289 1111 2349 gloria
1128 2300 1203 2336 tua
1217 2295 1248 2336 5.
1269 2311 1288 2335 »
1316 2297 1419 2340 Haec

29 2361 92 2397 est
120 2353 234 2397 enim
266 2354 494 2399 haereditas
528 2358 637 2402 Novi
668 2358 953 2415 Testamenti,
985 2361 1031 2405 in
1066 2379 1155 2422 quo
1179 2363 1242 2408 illi
1269 2365 1417 2412 fideles

29 2418 168 2468 habiti
197 2440 287 2470 non
319 2435 420 2471 sunt
441 2447 451 2484 3
476 2429 600 2488 cujus
633 2437 780 2474 tamen
808 2431 914 2476 fides
946 2432 1078 2476 etiam
1102 2443 1210 2480 tunc
1238 2440 1417 2497 quando

79 2527 88 2542 ¹
110 2521 190 2553 Psal.
210 2532 329 2563 Lxxvu,
351 2521 406 2564 34,
425 2522 480 2555 35.
509 2541 550 2547 -
572 2531 585 2547 ²
603 2525 685 2558 Ibid.
713 2525 768 2568 36,
801 2527 853 2569 37.
884 2545 925 2551 —
946 2527 959 2552 3
978 2530 1026 2563 Id.
1052 2541 1139 2573 xxvi,
1159 2531 1192 2575 4.
1222 2533 1292 2565 —4
1316 2536 1415 2568 Exod.

31 2587 96 2619 xv1,
115 2576 146 2610 3.
170 2594 212 2600 —
230 2573 343 2611 ⁵·Fsal.
364 2590 429 2620 xm,
457 2579 506 2612 15.
