1926 3339
462 320 546 361 254
887 334 921 359 s.
957 330 1187 359 Aucusnm
1219 331 1399 358 EPISCOPI

462 414 588 453 rum,
620 398 778 443 sitienti
805 406 931 441 terrae
965 396 1119 457 pluant
1153 395 1281 451 coeli,
1318 405 1362 439 et
1396 394 1606 453 germinet
1627 395 1840 453 excipiens

461 470 652 529 pluviam
675 469 866 527 germina
890 469 1004 512 bona
1022 504 1032 522 ,
1060 483 1189 527 opera
1209 468 1348 511 bona:
1373 482 1428 510 ne
1456 481 1536 525 pro
1558 465 1673 509 bona
1694 465 1842 524 pluvia

463 539 537 585 det
558 540 721 600 spinas,
747 549 790 583 et
816 555 893 598 pro
914 540 1070 583 horreo
1093 547 1289 597 expectet
1310 538 1471 596 ignem.
1506 556 1526 578 «
1551 536 1844 581 Confitebun-

465 629 486 652 »
522 619 594 653 tur
612 609 712 654 coeli
742 608 955 653 mirabilia
978 618 1051 652 tua
1066 644 1077 663 ,
1104 608 1282 651 Domine
1299 643 1309 662 ,
1336 617 1380 651 et
1401 607 1625 651 veritatem
1657 616 1776 650 tuam
1798 607 1844 651 in

466 700 486 723 »
521 680 710 724 Ecclesia
731 689 994 723 sanctorum.
1023 697 1043 720 υ
1065 677 1176 723 Coeli
1199 693 1302 736 ergo
1323 678 1653 722 confitebuntur
1671 676 1849 720 mirabi-

462 750 520 794 lia
557 761 631 795 tua
661 760 704 795 et
739 752 965 794 veritatem
1000 758 1135 793 tuam.
1164 751 1322 792 Totum
1361 747 1577 808 quidquid
1609 747 1850 807 praedicant

464 820 590 877 coeli,
618 837 669 865 ex
690 831 733 866 te
755 831 844 876 est,
876 817 991 865 dete
1014 829 1104 864 est:
1130 829 1173 863 et
1193 819 1292 863 ideo
1320 819 1460 863 securi
1481 817 1736 878 praedicant.
1761 820 1850 863 No·
1892 846 1896 877 ξ

464 901 567 936 runt
589 893 703 935 enim
727 907 858 953 quem
877 890 1145 952 praedicant,
1170 891 1272 951 quia
1294 906 1384 935 non
1407 899 1589 950 possunt
1610 888 1665 933 de
1687 887 1851 948 praedi-
1892 886 1896 901 ³

464 971 561 1007 cato
579 962 848 1006 erubescere.

521 1036 619 1078 VII.
643 1033 758 1086 Quid
785 1032 1026 1092 praedicant
1052 1031 1152 1077 coeli
1172 1034 1189 1076 P
1211 1031 1328 1085 Quid
1350 1031 1679 1076 confitebuntur
1699 1030 1746 1073 in
1767 1032 1852 1093 Ec3-

463 1103 585 1147 clesia
608 1105 890 1147 sanctorum?
915 1122 935 1144 «
957 1103 1171 1156 Quoniam
1195 1103 1292 1163 quis
1317 1103 1362 1145 in
1385 1102 1580 1145 nubibus
1607 1100 1853 1161 aequabitur
1894 1111 1898 1166 ζ

467 1192 488 1215 »
524 1175 710 1218 Domino
736 1175 789 1215 1?
822 1192 841 1215 n
875 1174 1066 1217 Hoccine
1098 1172 1197 1217 coeli
1230 1172 1559 1217 confitebuntur
1579 1207 1590 1226 ,
1625 1172 1708 1215 hoc
1751 1169 1853 1215 coeli
1894 1173 1899 1198 ⁵

463 1243 645 1304 pluent?
661 1243 808 1297 Quid?
824 1262 843 1285 «
865 1244 1081 1296 Quoniam
1108 1244 1204 1303 quis
1223 1244 1266 1287 in
1283 1244 1478 1287 nubibus
1500 1242 1750 1303 aequabitur
1765 1244 1854 1286 Do-

467 1334 486 1357 »
523 1316 716 1360 mino?»
745 1316 854 1359 Inde
885 1315 1025 1359 securi
1055 1314 1355 1374 praedicatores
1375 1351 1385 1370 ,
1418 1315 1626 1375 quoniam
1655 1329 1785 1357 nemo
1805 1313 1852 1358 in
1895 1312 1898 1323 '

465 1385 654 1429 nubibus
678 1385 926 1445 aequabitur
954 1385 1154 1429 Domino.
1191 1387 1349 1443 Magna
1378 1385 1473 1428 laus
1494 1384 1618 1428 vobis
1647 1383 1821 1428 videtur
1839 1417 1850 1439 ‚
1895 1403 1907 1427 .·

465 1453 618 1499 fratres
638 1491 649 1511 ,
674 1471 765 1499 non
797 1456 961 1515 aequari
994 1455 1134 1499 nubes
1170 1456 1379 1500 Creatori.
1409 1455 1452 1499 Si
1474 1454 1740 1512 intelligatur
1764 1453 1855 1497 sine
1885 1471 1888 1473 ·

464 1527 671 1584 mysterio
695 1527 750 1570 ad
771 1526 981 1581 litteram,
1014 1542 1103 1570 non
1126 1542 1282 1585 magna
1308 1526 1402 1570 laus
1430 1535 1518 1581 est,
1549 1525 1732 1570 Domino
1765 1539 1855 1568 non
1904 1563 1906 1565 ,

408 1650 412 1651 ⁷
464 1597 629 1657 aequari
658 1597 812 1641 nubes.
839 1597 957 1650 Quid
980 1597 1096 1640 enim
1113 1633 1123 1652 ,
1150 1597 1285 1641 stellae
1305 1613 1404 1657 quae
1432 1606 1535 1641 sunt
1565 1612 1693 1656 supra
1715 1595 1855 1639 nubes

464 1678 696 1728 aequantur
718 1668 934 1712 Domino?
956 1667 1072 1721 Quid
1090 1668 1204 1712 enim
1226 1703 1236 1722 ,
1258 1667 1348 1723 sol,
1373 1668 1501 1723 luna,
1526 1667 1682 1725 Angeli
1697 1702 1708 1722 ,
1734 1665 1852 1722 coeli,
1908 1705 1909 1708 ,

465 1738 534 1782 vel
553 1739 795 1798 comparari
808 1748 1015 1798 poterunt
1030 1738 1241 1783 Domino?
1253 1738 1369 1792 Quid
1387 1747 1450 1782 est
1467 1737 1587 1798 quod
1603 1753 1680 1796 pro
1697 1751 1856 1794 magno
1904 1754 1906 1766 =

466 1809 525 1853 ait
547 1829 555 1853 :
573 1829 592 1850 «
612 1809 827 1863 Quoniam
849 1809 944 1868 quis
962 1809 1008 1852 in
1030 1825 1088 1853 nu
1098 1809 1224 1852 bibus
1246 1809 1493 1868 aequabitur
1515 1809 1730 1852 Domino?
1747 1825 1767 1848 n
1788 1810 1856 1851 In·
1904 1832 1910 1838 -

466 1879 702 1939 telligimus
717 1915 727 1935 ,
753 1878 905 1923 fratres
924 1915 935 1935 ,
961 1880 1100 1924 nubes
1122 1880 1221 1924 istas
1239 1880 1348 1924 sicut
1369 1880 1503 1924 coelos
1518 1915 1529 1935 ,
1557 1879 1855 1940 praedicatores

466 1965 556 1994 esse
577 1951 769 1995 veritatis
789 1986 799 2005 ,
827 1951 1081 2010 Prophetas,
1109 1949 1354 2010 Apostolos,
1381 1951 1710 1994 annuntiatores
1731 1948 1856 1993 verbi

466 2021 558 2065 Dei.
573 2024 682 2066 Nam
698 2022 778 2065 ista
797 2021 943 2065 omnia
961 2037 1119 2080 genera
1135 2021 1472 2080 praedicatorum
1490 2019 1628 2064 nubes
1652 2034 1741 2063 esse
1762 2018 1856 2064 dic-

466 2101 530 2137 tas
547 2129 558 2148 ,
583 2109 633 2137 ex
651 2092 725 2136 illa
746 2093 975 2153 prophetia
996 2091 1278 2150 intelligimus
1295 2128 1306 2147 ,
1332 2092 1408 2136 ubi
1430 2095 1544 2136 Deus
1566 2091 1699 2136 iratus
1716 2091 1855 2135 vineae

466 2179 554 2207 suae
574 2163 707 2208 dixit:
731 2182 752 2205 «
775 2163 998 2207 Mandabo
1020 2163 1212 2207 nubibus
1233 2163 1339 2207 meis
1362 2178 1416 2206 ne
1433 2162 1589 2222 pluant
1609 2177 1738 2222 super
1759 2177 1855 2206 eam
1899 2167 1903 2182 '

469 2251 490 2274 >›
524 2233 710 2277 imbrem
726 2236 758 2275 2.
783 2251 803 2273 »
829 2237 969 2286 Quam
991 2233 1163 2276 vineam
1186 2233 1376 2293 explicat
1398 2242 1441 2276 et
1462 2231 1661 2291 designat
1678 2232 1856 2292 apertis-

466 2303 598 2359 sime,
633 2304 779 2347 dicens
813 2322 822 2347 :
859 2322 881 2345 (ι
910 2303 1047 2347 Vinea
1077 2304 1246 2347 Domini
1285 2304 1499 2357 Sabaoth,
1536 2303 1692 2347 domus
1724 2301 1855 2347 Israel
1900 2321 1906 2331 ·

470 2392 491 2416 »
526 2376 636 2419 ests.
660 2393 680 2415 »
707 2377 770 2420 Ne
792 2383 842 2418 tu
863 2373 987 2418 aliter
1010 2374 1226 2433 intelligas
1247 2375 1417 2419 vineam
1435 2411 1445 2430 ,
1471 2384 1514 2418 et
1531 2373 1690 2419 relictis
1712 2374 1856 2418 homi·

466 2445 597 2489 nibus
626 2445 881 2504 significatis
904 2455 1062 2489 terram
1085 2446 1312 2490 scruteris:
1343 2465 1361 2487 «
1390 2446 1546 2500 Vinea,
1571 2445 1741 2505 inquit,
1767 2448 1856 2489 Do-
1900 2430 1908 2463 ⁵

470 2533 491 2556 »
529 2516 632 2559 mini
656 2515 845 2560 Sabaoth
859 2551 869 2570 ,
890 2515 1044 2559 domus
1069 2515 1199 2559 Israe'l
1221 2526 1299 2560 est.
1315 2535 1334 2556 »
1353 2519 1451 2561 Non
1473 2515 1686 2573 intelligat
1707 2514 1850 2571 aliud,
1908 2507 1909 2510 Ἴ

467 2601 511 2631 se
531 2585 746 2646 intelligat
766 2585 922 2631 domus
946 2586 1078 2631 Israel
1097 2602 1184 2631 esse
1206 2587 1376 2631 vineam
1397 2603 1563 2646 meam,
1579 2602 1623 2631 se
1639 2585 1854 2646 intelligat
1901 2608 1905 2631 :

518 2677 527 2694 ¹
548 2671 628 2704 Psal.
645 2681 800 2713 uum,
815 2681 846 2713 7.
874 2688 915 2694 —
935 2677 948 2694 2
963 2671 1034 2704 lsai.
1049 2682 1080 2711 v,
1106 2669 1139 2704 6,
1163 2688 1205 2695 -
1225 2668 1238 2695 3
1255 2671 1338 2705 Ibid.
1360 2682 1393 2714 7.
