1926 3339
459 311 702 340 ENARRAa-ro
734 313 778 339 m
813 313 1016 340 PSALMUM
1048 315 1162 342 xcix.
1408 309 1491 348 509

104 373 284 417 Servum
303 382 344 418 te
360 376 545 422 charitas
562 377 707 432 faciat,
726 377 826 437 quia
842 377 1029 421 liberum
1042 387 1084 422 te
1098 377 1253 423 veritas
1275 381 1392 426 fecit.
1413 402 1432 425 «
1451 386 1492 428 Si

103 461 123 484 »
159 445 400 490 manseritis
414 482 424 500 ‚
445 448 604 508 inquit,
631 449 676 492 in
693 449 827 492 verbo
842 463 962 503 meo,
984 463 1084 492 vere
1106 449 1311 509 Discipuli
1327 454 1410 496 mei
1429 469 1491 497 cs-

101 531 141 554 ».
158 513 211 558 tis
229 524 272 560 et
293 519 562 576 cognoscetis
579 519 806 563 veritatem
821 554 832 573 ‚
857 528 900 563 et
921 519 1076 564 veritas
1098 518 1300 564 liberavit
1317 537 1391 566 vos
1412 525 1442 566 ¹.
1467 541 1506 563 »Δ

101 583 239 629 Simul
261 601 304 630 es
323 596 366 630 et
388 604 535 634 servus
557 598 600 633 et
622 589 731 633 liber
750 609 758 634 :
784 605 930 634 servus
947 625 957 645 ‚
983 590 1084 650 quia
1102 588 1242 635 factus
1264 607 1328 649 es;
1353 592 1485 647 liber,

96 655 200 715 quia
222 657 376 702 amaris
396 675 418 703 a
437 662 526 704 Deo
546 676 569 703 a
591 676 680 720 quo
702 659 842 704 factus
865 675 908 704 es
929 680 937 705 :
965 661 1054 705 imo
1082 662 1210 705 etiam
1230 662 1332 706 inde
1352 662 1484 718 liber,

95 725 197 786 quia
231 743 347 772 amas
381 745 481 773 eum
505 747 528 774 a
550 746 639 791 quo
672 729 813 775 factus
848 746 906 774 es.
933 730 1032 775 Noli
1054 732 1213 775 servire
1235 748 1336 776 cum
1364 748 1486 777 mur—

93 811 245 842 mure:
268 814 356 843 non
382 800 498 843 enim
520 800 565 844 id
588 810 724 860 agunt
744 816 967 846 murmura
991 811 1089 856 tua,
1115 810 1166 845 ut
1188 817 1278 846 non
1300 803 1455 847 servias
1471 838 1482 858 ‚

93 868 170 912 sed
192 879 242 913 ut
263 870 402 915 malus
426 886 573 916 servus
605 874 777 917 servias.
818 875 974 917 Servus
1003 888 1046 917 es
1076 873 1278 930 Domini3
1302 873 1485 918 libertus

92 955 136 984 es
170 941 344 986 Domini
366 962 374 987 :
400 958 491 987 non
519 952 561 987 te
588 944 647 987 sic
670 960 838 1003 quaeras
860 944 1135 1001 manumitti,
1155 954 1206 989 ut
1225 945 1398 989 recedas
1427 945 1482 990 de

91 1009 224 1055 domo
243 1013 565 1057 manumissoris
585 1014 664 1057 tui.

151 1083 274 1126 VIII.
307 1101 327 1124 «
352 1085 516 1128 Servite
533 1085 719 1129 Domino
736 1085 779 1129 in
799 1085 1090 1144 jucunditate.
1118 1103 1138 1126 n
1163 1084 1295 1129 Plena
1313 1086 1393 1130 erit
1409 1086 1482 1130 illa

90 1161 134 1196 et
149 1152 342 1212 perfecta
358 1154 613 1214 jucunditas
629 1191 639 1210 2
662 1171 763 1199 cum
792 1156 1075 1215 corruptibile
1097 1156 1180 1200 hoc
1201 1155 1392 1201 induerit
1412 1157 1482 1200 in-

88 1224 413 1283 corruptionem
427 1261 437 1281 ,
463 1235 506 1270 et
521 1226 704 1270 mortale
725 1227 809 1271 hoc
828 1227 1018 1270 induerit
1037 1226 1408 1271 immortalitatem
1427 1231 1444 1253 ‘2
1467 1247 1476 1273 ε

88 1303 194 1340 tunc
217 1297 296 1341 erit
319 1297 511 1356 perfecta
527 1299 807 1359 jucunditas,
833 1308 939 1342 tunc
961 1297 1034 1341 illa
1048 1297 1239 1357 perfecta
1257 1298 1476 1358 jubiiatio,

86 1375 194 1411 tunc
221 1365 315 1411 laus
339 1367 428 1411 sine
462 1367 663 1424 defectu,
691 1378 797 1413 tunc
836 1384 957 1412 amor
987 1369 1078 1412 sine
1111 1368 1341 1423 scandalo,
1379 1378 1480 1412 tunc

85 1435 255 1482 fructus
277 1438 368 1482 sine
390 1439 567 1493 timore,
592 1448 700 1483 tunc
727 1440 815 1483 vita
839 1439 930 1483 sine
951 1448 1105 1483 morte.
1119 1438 1237 1492 Quid
1258 1439 1358 1482 hic?
1381 1438 1480 1482 uul-

84 1507 262 1551 lum-ne
283 1508 516 1567 gaudium?
541 1509 584 1554 Si
615 1509 788 1553 nullum
827 1509 1034 1568 gaudium
1050 1545 1060 1565 ,
1097 1509 1218 1553 nulla
1244 1509 1446 1569 jubilatio
1467 1528 1475 1553 :

84 1578 308 1639 quomodo
326 1614 337 1635 ,
376 1599 397 1621 «
432 1578 625 1623 Jubilate
664 1580 852 1624 Domino
875 1615 885 1634 ⁷
926 1580 1126 1623 universa
1164 1589 1275 1623 terra
1295 1582 1313 1623 Ρ
1347 1599 1366 1620 ))
1403 1583 1480 1623 Est

82 1649 214 1708 plane
227 1659 270 1693 et
285 1650 356 1693 hic
371 1650 578 1708 gaudium
593 1649 669 1708 3de
682 1665 758 1709 spe
772 1648 934 1693 futurae
946 1649 1047 1693 vitae
1062 1658 1260 1708 gustatur
1271 1649 1343 1693 hic
1361 1648 1479 1693 unde

82 1720 146 1764 ibi
165 1720 386 1764 satiemur.
415 1721 500 1766 Sed
520 1736 693 1765 necesse
707 1729 771 1765 est
785 1729 833 1764 ut
850 1721 988 1764 multa
1015 1719 1237 1780 perferant
1259 1719 1480 1764 frumenta

81 1793 196 1837 inter
225 1792 387 1836 zizania
409 1812 418 1837 :
444 1802 546 1836 sunt
569 1807 700 1850 grana
718 1793 830 1836 inter
853 1792 1023 1851 paleam
1042 1793 1074 1847 ³,
1100 1801 1164 1836 est
1196 1791 1336 1835 lilium
1365 1792 1478 1835 inter

82 1863 242 1922 spinas.
270 1862 390 1916 Quid
411 1863 528 1906 enim
561 1863 682 1907 audit
704 1862 922 1907 Ecclesia?
951 1882 972 1903 «
1005 1862 1123 1906 Sicut
1143 1860 1282 1904 lilium
1316 1861 1361 1904 in
1387 1875 1479 1904 me-

83 1952 105 1976 »
142 1933 215 1978 dio
250 1935 496 1993 spinarum,
517 1935 576 1978 ita
592 1934 790 1994 proxima
812 1949 908 1977 mea
933 1933 979 1977 in
998 1932 1143 1976 medio
1172 1932 1361 1975 filiarum
1381 1933 1412 1974 4.
1452 1950 1472 1972 »

82 2008 179 2052 Non
193 2005 359 2050 dictum
376 2015 454 2061 est,
473 2009 526 2050 In
542 2005 687 2050 medio
710 2005 967 2059 alienarum,
993 2003 1084 2058 sed⁷
1101 2023 1120 2045 «
1134 2007 1185 2048 In
1207 2002 1352 2047 medio
1371 2002 1479 2046 filia-

84 2095 105 2118 »
124 2093 268 2122 rum.»
280 2078 318 2121 O
335 2077 534 2132 Domine,
549 2076 772 2138 quomodo
790 2075 1050 2121 consolaris?
1063 2074 1286 2134 quomodo
1300 2072 1477 2117 confor-

81 2150 178 2194 tas?
198 2148 422 2210 quomodo
440 2150 605 2192 terres?
623 2147 740 2201 Quid
761 2157 824 2193 est
847 2147 967 2207 quod
991 2146 1096 2190 dicis
1111 2148 1128 2187 ⁵?
1150 2164 1168 2186 «
1197 2145 1317 2190 Sicut
1334 2144 1478 2188 lilium

83 2238 104 2261 »
139 2220 186 2264 in
206 2218 352 2264 medio
368 2255 379 2274 ‚
407 2234 594 2279 quarum
616 2219 865 2278 spinarum?
884 2221 949 2262 Ita
973 2217 1166 2276 proxima
1189 2231 1285 2259 mea
1314 2216 1360 2258 in
1382 2230 1476 2258 me-

82 2309 104 2332 »
119 2326 125 2330 .
140 2290 229 2345 dio,
257 2305 445 2350 quarum
478 2289 700 2334 filiarum?
725 2308 744 2330 »
770 2293 881 2342 Quas
899 2287 1004 2332 dicis
1022 2287 1179 2346 spinas,
1204 2287 1316 2345 ipsas
1338 2284 1476 2328 filias?

80 2360 355 2421 Respondet:
375 2361 518 2421 Spinae
541 2371 643 2405 sunt
655 2370 833 2421 propter
855 2375 995 2403 mores
1019 2374 1117 2403 suos
1133 2378 1142 2414 3
1159 2357 1275 2410 filiae,
1298 2365 1477 2416 propter

81 2441 348 2477 sacramenta
362 2447 474 2475 mea.
497 2432 674 2476 Utinam
689 2447 791 2490 ergo
808 2431 923 2474 inter
935 2430 1118 2488 gemitus
1142 2427 1380 2471 alienorum
1399 2441 1475 2484 ge-

81 2513 273 2548 meretur
292 2523 300 2548 :
324 2503 466 2547 minus
486 2513 742 2560 gemeretur.
765 2501 843 2545 me
861 2510 924 2544 est
943 2501 1079 2559 major
1095 2499 1294 2557 gemitus,
1316 2516 1335 2538 «
1351 2499 1473 2549 Quo-

129 2606 137 2622 ¹
164 2602 255 2632 Joan.
278 2611 355 2641 vni,
375 2599 429 2632 31.
453 2616 494 2621 -—
517 2605 529 2620 2
553 2609 563 2629 1
590 2599 660 2630 Cor.
684 2609 739 2638 xv,
768 2596 822 2638 54.
845 2613 885 2619 -
909 2595 921 2619 3
937 2595 1051 2628 Matth.
1075 2606 1124 2635 111,
1147 2602 1198 2634 12,
1227 2599 1338 2633 etxxn,
1359 2592 1409 2624 30.
1432 2601 1474 2614 -δ

80 2654 96 2685 4
114 2658 206 2689 Cant.
230 2666 266 2697 η,
293 2664 324 2687 2.
