1926 3339
1 538 4 570 1

194 350 436 378 ENAnnA‘mo
469 353 500 378 11
534 353 578 379 m
611 350 814 380 PsALMUM
847 352 1065 392 Lxxxvut,
1099 352 1238 381 sEnMo
1271 357 1318 381 11.
1374 345 1456 383 277

78 431 100 455 »
134 415 359 474 probi-ium
398 415 547 460 vicinis
575 416 676 460 suis.
702 416 912 461 Exaltasti
935 418 1154 462 dexteram
1182 419 1460 463 inimicorum

75 502 96 526 »
132 486 166 544 ej
174 501 237 540 us,
245 485 496 546 jucundasti
509 502 658 531 omnes
671 487 868 532 inimicos
882 489 1017 548 ejus.»
1033 488 1455 543 AdvertiteJudaeos,

72 563 115 598 et
141 555 283 599 videte
315 557 459 600 omnia
491 556 668 616 impleta
699 574 798 618 quae
820 559 1028 618 praedicta
1055 569 1171 604 sunt.
1212 559 1456 604 «Avertisti

74 642 96 667 »
130 624 395 686 adjutorium
419 626 546 685 gladii
579 629 721 689 ejus.»
748 630 976 682 Quomodo
1007 630 1206 675 solebant
1228 630 1355 690 pauci
1388 631 1458 674 di-

71 695 228 740 micare
242 732 253 752 ,
274 696 435 742 multos
456 708 744 758 prosternere.
773 719 793 742 «
808 700 1012 744 Avertisti
1035 700 1301 761 adjutorium
1327 699 1459 759 gladii

74 785 93 808 »
128 768 248 827 ejus,
273 777 316 812 et
337 784 427 813 non
448 784 491 813 es
511 769 749 829 opitulatus
771 771 808 814 ei
838 771 884 816 in
900 771 1034 817 bello.
1063 790 1084 813 υ
1115 772 1271 816 Merito
1292 772 1432 816 victus
1446 806 1457 821 ,

0 824 2 880 Ῐ
69 836 225 882 merito
247 847 399 898 captus
416 874 426 894 ‚
452 840 606 885 merito
631 856 653 884 a
683 855 816 898 regno
834 857 912 886 suo
935 841 1169 896 alienatus,
1195 842 1350 885 merito
1373 841 1462 885 dis-

70 923 233 967 persus.
269 912 377 954 Eam
411 911 526 955 enim
554 920 714 955 terram
739 911 959 970 perdidit,
995 927 1074 971 pro
1103 928 1189 972 qua
1224 913 1460 956 Dominum

69 979 242 1024 occidit.
280 1000 300 1023 «
317 982 521 1026 Avertisti
543 981 810 1042 adjutorium
834 982 963 1040 gladii
986 984 1101 1042 ejus,
1127 992 1170 1027 et
1190 998 1279 1026 non
1301 998 1344 1026 es
1367 983 1463 1041 opi-

71 1068 93 1092 »
128 1050 291 1095 tulatus
326 1053 365 1095 ei
398 1052 444 1096 in
466 1052 599 1097 bello.
625 1052 858 1098 Dissolvisti
880 1069 981 1097 eum
1004 1054 1059 1097 ab
1080 1052 1407 1097 emundatione.
1437 1071 1457 1094 »

63 1120 182 1173 'Quid
205 1131 269 1165 est
281 1121 392 1165 hoc?
415 1124 534 1166 Inter
552 1123 697 1167 omnia
720 1122 832 1167 mala
850 1139 1032 1182 magnus
1048 1123 1120 1168 hic
1137 1133 1289 1168 terror.
1317 1125 1461 1176 Quan-

69 1199 358 1252 tumcumque
384 1193 500 1236 enim
525 1193 666 1237 caedat
695 1197 833 1249 Deus,
873 1193 1199 1254 quantumlibet
1234 1194 1458 1248 irascatur,

69 1263 393 1322 quantumlibet
414 1264 638 1321 verberet,
667 1265 856 1323 flagellet
889 1285 897 1310 :
934 1265 1114 1323 ligatum
1141 1274 1287 1309 tamen
1310 1264 1461 1324 flagel-

68 1333 152 1389 let,
191 1348 324 1393 quem
357 1333 541 1378 mundet
557 1370 568 1390 ,
602 1351 692 1379 non
720 1334 926 1380 dissolvat
963 1336 1018 1379 ab
1053 1334 1377 1380 emundatione.
1416 1334 1460 1379 Si

69 1403 184 1447 enim
204 1403 400 1449 dissolvit
422 1405 477 1448 ab
501 1405 813 1450 emundatione
830 1426 840 1462 3
859 1407 948 1466 jam
970 1422 1060 1450 non
1085 1406 1220 1449 habet
1236 1404 1461 1449 mundan-

69 1472 177 1518 dum
195 1509 206 1529 ,
232 1474 308 1518 sed
331 1476 662 1535 projiciendum.
685 1479 722 1520 A
739 1492 825 1535 qua
853 1491 954 1534 ergo
976 1475 1287 1520 emundatione
1305 1474 1461 1520 dissol-

69 1545 186 1591 vitur
206 1545 417 1590 Judaeus?
439 1549 474 1590 A
498 1545 599 1589 fide.
621 1549 686 1590 Ex
708 1546 794 1590 fide
817 1547 933 1590 enim
955 1547 1141 1591 vivimus
1156 1549 1169 1572 1
1198 1566 1207 1591 ε
1233 1556 1275 1590 et
1298 1547 1353 1590 de
1376 1545 1462 1590 fide

67 1617 235 1661 dietum
256 1625 319 1660 est
340 1635 349 1661 :
374 1635 390 1657 «
412 1615 519 1660 Fide
530 1616 747 1661 mundans
766 1616 895 1661 corda
920 1633 1072 1661 eorum
1082 1621 1113 1660 ¹².
1129 1636 1149 1658 »
1176 1620 1232 1661 Et
1250 1617 1351 1677 quia
1372 1616 1462 1660 sola

67 1687 173 1732 fides
202 1688 360 1733 Christi
388 1687 599 1744 mundat,
635 1705 725 1733 non
754 1688 975 1734 credendo
1001 1690 1046 1733 in
1079 1689 1303 1734 Christum
1332 1688 1463 1732 soluti

68 1768 170 1803 sunt
192 1758 245 1803 ab
267 1758 593 1803 emundatione.
620 1778 636 1799 «
657 1759 896 1804 Dissolvisti
918 1775 1018 1804 eum
1037 1760 1092 1803 ab
1116 1759 1429 1803 emundatione
1452 1777 1461 1801 :

71 1847 90 1870 n
125 1828 271 1873 sedem
309 1830 400 1888 ejus
426 1829 473 1872 in
512 1838 671 1873 terram
705 1828 897 1874 collisisti
923 1849 931 1874 :
957 1848 976 1870 »
1010 1829 1166 1874 merito
1204 1839 1247 1873 et
1278 1828 1461 1888 fregisti.

72 1918 93 1942 «
126 1899 324 1944 Minuisti
347 1899 438 1943 dies
460 1899 572 1944 sedis
595 1901 686 1960 ejus
708 1918 716 1944 :
738 1920 755 1941 »
777 1900 994 1959 putabant
1016 1915 1059 1944 se
1080 1900 1126 1942 in
1143 1909 1357 1943 aeternum
1374 1913 1465 1956 reg-

68 1978 264 2014 naturos.
297 1989 312 2010 «
331 1969 566 2014 Perfudisti
589 1986 689 2014 eum
713 1969 1024 2014 confusione.»
1053 1972 1156 2013 Haee
1188 1969 1333 2014 omnia
1360 1984 1464 2014 eve-

69 2051 230 2086 nerunt
248 2044 273 2086 J
278 2041 412 2085 udaeis
436 2061 444 2086 2
466 2057 555 2086 non
575 2051 720 2085 tamen
742 2041 888 2086 ablato
907 2041 1081 2086 Christo
1097 2077 1107 2097 ,
1131 2041 1204 2085 sed
1225 2040 1375 2085 dilato.

127 2112 247 2157 VIII.
284 2111 521 2156 Videamus
540 2127 643 2170 ergo
657 2121 807 2156 utrum
825 2111 1003 2171 impleat
1023 2115 1135 2155 Deus
1150 2111 1356 2171 promissa
1370 2127 1461 2155 sua.

70 2186 172 2228 Post
215 2184 310 2227 haee
350 2183 458 2227 dura
472 2219 482 2237 ,
533 2199 633 2242 quse
678 2183 1036 2227 commemoravit
1066 2182 1258 2226 evenisse
1286 2181 1347 2225 illi
1386 2197 1466 2240 po-

69 2253 175 2313 pulo
198 2263 242 2298 et
263 2253 325 2297 illi
351 2269 510 2314 regno,
537 2269 592 2297 ne
614 2253 675 2297 ibi
698 2262 927 2312 putaretur
951 2258 1060 2296 Deus
1084 2251 1329 2312 implevisse
1345 2252 1463 2311 quod

69 2325 348 2385 promiserat,
386 2326 458 2368 et3
487 2340 578 2377 non
617 2323 740 2368 daret
763 2323 949 2367 alterum
977 2338 1161 2382 regnum
1192 2323 1238 2365 in
1262 2323 1462 2372 Christo,

70 2401 193 2452 cujUs
216 2395 337 2455 regni
356 2411 443 2439 non
458 2395 538 2439 erit
555 2395 652 2439 finis
670 2416 681 2453 3
706 2393 946 2455 alloquitur
963 2409 1064 2437 eum
1081 2393 1314 2452 Propheta,
1340 2401 1382 2436 et
1405 2393 1469 2436 di-

72 2467 153 2512 cit:
177 2469 466 2528 «Quousque,
482 2466 685 2522 Domine,
698 2465 902 2510 averteris
917 2465 961 2508 in
977 2465 1110 2508 finem
1125 2465 1198 2505 4⁶3»
1215 2467 1346 2508 Forte
1356 2463 1472 2507 enim

73 2539 225 2583 nonin
248 2539 381 2583 finem
404 2548 448 2583 et
466 2539 520 2583 ab
537 2539 636 2598 ipsis
657 2558 665 2583 ε
686 2538 789 2598 quia
810 2537 980 2581 caecitas
994 2552 1045 2580 ex
1058 2544 1180 2596 parte
1203 2534 1336 2579 Israel
1358 2534 1473 2579 faeta

76 2618 153 2664 est,
165 2617 214 2652 ut
228 2608 459 2668 plenitudo
472 2608 677 2653 Gentium
693 2609 892 2663 intraret,
909 2616 954 2650 et
966 2607 1024 2651 sic
1039 2607 1180 2650 omnis
1193 2604 1325 2650 Israel
1333 2604 1474 2648 salvus

125 2700 133 2715 ¹
159 2693 224 2725 Gal.
242 2705 290 2735 m,
314 2705 366 2725 ιι,
388 2710 429 2716 —-
450 2700 462 2715 ²
480 2694 554 2726 Αρι,
576 2703 629 2733 xv,
651 2704 683 2734 ς).
706 2710 747 2716 --
769 2691 782 2715 3
798 2692 906 2723 Forte
925 2695 971 2722 ut.
993 2707 1034 2713 —
1053 2689 1161 2722 4Psal,
1181 2700 1329 2728 Lxxxvni,
1357 2688 1409 2730 [27.
1468 2701 1475 2706 ·
