1926 3339
477 393 563 434 346
915 402 949 431 s.
986 402 1215 432 mensuum
1247 403 1429 431 Emscom

1912 443 1921 464 ⁴,

477 473 720 530 Expectans
756 468 942 528 desuper
983 483 1032 512 ex
1066 467 1306 512 aetcrnitatc
1340 477 1414 511 tua
1453 465 1631 527 quando
1670 475 1861 511 transeat
1912 494 1921 530 g

476 551 648 601 tempus
668 541 933 601 iniquorum,
954 549 997 583 et
1008 540 1153 583 veniat
1172 549 1341 598 tempus
1352 540 1585 599 justorum.
1606 557 1624 578 «
1646 538 1860 591 Quoniam

478 631 500 655 ³)
536 628 650 657 ecce.
673 631 693 653 »
713 611 946 664 Intendite‚
965 611 1132 655 fratres.
1151 613 1174 654 J
1178 626 1246 653 am
1262 611 1404 669 etipse
1421 611 1496 670 qui
1508 609 1703 670 loquitur
1721 628 1730 654 ε
1749 612 1862 668 (Lo-

478 683 629 743 quitur
651 682 767 724 enim
790 696 841 724 ex
863 696 1044 739 persona
1067 688 1212 724 nostra
1229 715 1239 734 ,
1264 679 1458 740 loquitur
1480 695 1529 723 ex
1560 695 1740 739 persona
1762 695 1861 724 cor-

478 753 592 812 poris
609 752 768 796 Christi
791 751 1016 796 :Christus
1034 751 1149 794 enim
1178 750 1374 810 loquitur
1402 751 1449 794 in
1477 766 1658 810 corpore
1687 766 1765 795 suo
1782 785 1793 805 ‚
1818 750 1865 794 id

477 833 542 867 est
561 858 572 877 ,
610 822 654 865 in
678 820 868 866 Ecclesia
890 823 1010 879 sua.)
1026 821 1113 880 jam
1131 822 1275 880 junxit
1303 837 1346 865 se
1368 822 1598 866 aeternitati
1619 822 1696 866 Dei
1722 840 1731 865 :
1753 821 1866 865 sicut
1912 810 1922 840 3‘

478 893 602 938 vobis
625 891 754 951 paulo
777 902 876 935 ante
894 890 1112 945 dicebam,
1137 891 1394 950 longanimis
1411 902 1473 936 cst
1490 895 1604 936 Deus
1626 901 1668 935 et
1679 891 1861 951 patiens,
1914 886 1921 929 ft

477 963 623 1008 omnia
645 964 724 1007 ista
751 978 850 1023 quae
877 961 996 1007 videt
1012 961 1125 1008 mala
1151 980 1174 1007 a
1199 961 1321 1006 malis
1345 963 1459 1013 fieri,
1496 961 1667 1006 tolerat.
1693 963 1866 1015 Quare?
1916 957 1921 1000 ὲ

478 1034 586 1087 Quia
609 1042 796 1077 aeternus
818 1042 907 1086 est,
932 1042 976 1077 et
995 1033 1116 1078 videt
1137 1032 1244 1094 quid
1265 1032 1348 1077 illis
1371 1041 1524 1076 servet.
1552 1032 1625 1076 Vis
1643 1041 1686 1075 et
1706 1041 1755 1075 tu
1776 1045 1866 1075 esse

478 1103 736 1162 longanimis
759 1112 804 1147 et
820 1103 1013 1162 patiens?
1042 1106 1065 1148 J
1073 1119 1184 1162 unge
1215 1113 1258 1148 te
1281 1102 1512 1147 aeternitati
1534 1102 1636 1157 Dei,
1658 1117 1759 1146 cum
1789 1100 1866 1146 illo

479 1183 655 1233 expecta
683 1172 755 1216 illa
778 1188 877 1233 quae
911 1172 1025 1217 infra
1051 1183 1093 1217 te
1114 1182 1215 1218 sunt
1250 1193 1260 1218 ι
1285 1189 1385 1218 curn
1404 1173 1519 1217 enim
1543 1171 1770 1216 adhaeserit
1792 1186 1867 1216 cor

478 1253 605 1288 tuum
642 1243 883 1297 Altissimo,
917 1242 1028 1287 infra
1059 1253 1103 1287 te
1133 1252 1262 1287 erunt
1295 1244 1440 1288 omnia
1468 1241 1667 1287 mortalia
1693 1262 1701 1286 :
1732 1249 1776 1285 et
1797 1241 1866 1286 dic

477 1313 599 1374 quod
632 1314 853 1373 sequitur,
885 1333 905 1356 «
941 1312 1158 1367 Quoniam
1187 1328 1286 1357 ecce
1318 1313 1480 1357 inimici
1507 1313 1572 1357 tui
1593 1312 1816 1372 peribunt.
1842 1329 1863 1353 η

479 1384 565 1436 Qui
588 1383 720 1428 modo
737 1384 917 1438 florent,
942 1393 1091 1443 postea
1108 1384 1329 1443 peribunt.
1356 1384 1441 1436 Qui
1462 1393 1565 1427 sunt
1579 1382 1743 1426 inimici
1764 1382 1869 1426 Dei?

479 1457 650 1498 Fratres
671 1489 682 1507 ,
710 1453 822 1498 forte
844 1454 941 1499 illos
958 1454 1070 1499 solos
1083 1455 1246 1514 putatis
1260 1454 1454 1498 inimicos
1475 1454 1552 1498 Dei
1575 1454 1651 1514 qui
1665 1453 1867 1512 blasphe-

477 1527 632 1569 mant?
651 1527 762 1570 Sunt
789 1525 967 1586 quidem
989 1535 1032 1569 et
1049 1526 1155 1585 ipsi,
1177 1535 1220 1569 et
1244 1535 1407 1569 atroces
1429 1525 1499 1568 isti
1521 1524 1598 1584 qui
1620 1539 1700 1568 nec
1718 1523 1867 1581 lingua

473 1611 554 1639 nec
576 1596 914 1654 cogitationibus
936 1595 1060 1640 malis
1082 1605 1269 1655 parcunt
1291 1596 1460 1656 injuriis
1479 1594 1570 1639 Dei.
1596 1597 1654 1639 Et
1674 1595 1783 1655 quid
1800 1593 1867 1638 sa·-

473 1666 596 1710 ciunt
612 1669 701 1710 Deo
722 1666 890 1710 excelso
906 1701 917 1721 ,
937 1668 1132 1711 aeterno?
1153 1667 1193 1711 Si
1216 1682 1364 1726 pugno
1387 1667 1432 1710 in
1454 1666 1702 1710 columnam
1719 1665 1863 1721 ferias,

477 1746 525 1781 tu
557 1736 760 1782 laederis:
793 1746 835 1781 et
856 1746 983 1797 putas
1015 1738 1116 1797 quia
1156 1738 1424 1797 blasphemia
1456 1741 1594 1781 Deum
1623 1737 1867 1796 percutiens

474 1823 564 1852 non
587 1817 634 1851 tu
652 1807 965 1867 disrumperis?
987 1824 1087 1852 narn
1105 1808 1217 1852 nihil
1233 1809 1338 1853 facis
1360 1812 1464 1852 Deo.
1495 1809 1579 1853 Sed
1607 1807 1772 1852 inimici
1790 1808 1867 1852 Dei

474 1887 621 1937 aperte
639 1878 1007 1938 blasphematores
1030 1888 1147 1933 sunt,
1177 1889 1220 1923 et
1242 1880 1439 1939 quotidie
1462 1878 1620 1923 occulti
1634 1878 1866 1923 inveniun-

472 1959 560 1993 tur.
597 1951 757 1994 Cavete
781 1949 886 1995 tales
904 1951 1147 1995 inimicitias
1168 1952 1255 1994 Dei.
1286 1950 1508 2004 Quosdam
1530 1951 1648 1994 enim
1671 1949 1866 1995 occultos

472 2020 667 2065 inimicos
680 2021 757 2064 Dei
775 2021 994 2080 Scriptura
1017 2022 1154 2081 aperit
1180 2041 1189 2066 2
1209 2030 1259 2065 ut
1272 2022 1373 2082 quia
1387 2037 1476 2066 non
1489 2020 1584 2066 illos
1602 2030 1724 2080 potes
1741 2036 1865 2065 nosse

471 2090 603 2135 corde
625 2100 701 2136 tuo
716 2127 726 2145 ‚
757 2093 928 2137 noveris
948 2091 1043 2136 illos
1064 2093 1111 2136 in
1135 2093 1356 2152 Scriptura
1379 2092 1482 2146 Dei,
1503 2101 1547 2135 et
1569 2107 1721 2136 caveas
1739 2092 1864 2137 inve-

472 2161 556 2205 niri
570 2161 779 2206 cumillis.
796 2165 958 2221 Aperte
979 2162 1091 2207 didit
1104 2162 1293 2207 Jacobus
1307 2163 1353 2206 in
1377 2162 1572 2222 Epistola
1593 2178 1670 2206 sua
1685 2197 1696 2218 ‚
1719 2180 1739 2204 «
1759 2164 1866 2207 Nes-

476 2250 497 2272 »
532 2232 627 2276 citis
657 2232 761 2293 quia
783 2233 946 2277 amicus
966 2234 1096 2293 hujus
1110 2233 1285 2288 mundi,
1309 2233 1509 2277 inimicus
1538 2233 1614 2278 Dei
1634 2233 1866 2278 constitui-

476 2320 496 2343 »
531 2311 604 2346 tur
614 2304 655 2346 ¹?
668 2303 853 2347 Audisti.
869 2306 967 2348 Non
980 2304 1044 2348 vis
1057 2319 1146 2348 esse
1158 2304 1358 2348 inimicus
1372 2305 1474 2348 Dei?
1486 2303 1584 2348 Noli
1598 2318 1687 2347 esse
1701 2303 1864 2348 amicus

472 2372 602 2432 hujus
623 2373 792 2417 mundi.
810 2376 918 2419 Nam
934 2380 967 2418 si
981 2375 1143 2418 amicus
1166 2374 1298 2418 fueris
1315 2376 1442 2434 hujus
1460 2374 1641 2429 mundi,
1664 2373 1864 2418 inimicus

473 2443 556 2487 eris
577 2450 677 2488 Deo.
695 2444 925 2496 Quomodo
943 2445 1060 2489 enim
1079 2460 1168 2490 non
1189 2455 1332 2505 potest
1353 2447 1445 2489 fieri
1469 2445 1665 2490 adultera
1687 2446 1860 2505 conjUX,

471 2513 552 2557 nisi
574 2513 749 2558 inimica
771 2514 825 2558 sit
845 2515 938 2560 viro
960 2531 1039 2560 suo
1060 2535 1070 2560 z
1091 2516 1149 2560 sic
1172 2517 1314 2560 anima
1333 2514 1529 2560 adultera
1548 2531 1694 2560 amore
1717 2530 1863 2559 rerum

469 2583 743 2628 saecularium
762 2619 773 2639 ‚
792 2600 882 2629 non
902 2595 1045 2645 potest
1070 2586 1151 2630 nisi
1171 2587 1344 2631 inimica
1362 2602 1450 2631 esse
1470 2589 1574 2630 Deo.
1598 2587 1738 2631 Timet
1752 2622 1764 2642 ‚
1786 2587 1863 2631 sed

470 2669 559 2698 non
583 2662 701 2698 amat
739 2674 749 2700 z
783 2670 962 2715 poenam
980 2657 1125 2712 timet,
1151 2672 1240 2702 non
1255 2657 1420 2716 justitia
1462 2656 1719 2702 delectatur.
1744 2659 1862 2716 Ergo

519 2744 529 2761 ¹
556 2738 669 2770 Jacob.
687 2749 730 2780 iv,
755 2738 788 2781 4.

1906 3327 1908 3339 -
1907 3284 1909 3297 ν
1905 3184 1910 3270 -·-“-’
1906 3091 1909 3168 x—-
1906 3028 1910 3083 -—-
1907 2997 1911 3004 ·
1907 2955 1911 2980 ⁵<
1907 2375 1926 2943 «·-—-·—*-—-›†--=-·-:-†··-·*---
1900 1097 1926 2365 -mfflffl-·*-·—Tm“rw:—·4*ss?l*rsst⁶r·‘m'm
1916 1042 1921 1050 ⁴
