1926 3339
485 325 537 360 52
905 329 937 355 s.
974 327 1201 353 Auuosnm
1234 326 1429 351 Episcopi.

481 404 733 442 moraverat.
763 393 846 438 Sed
880 390 1101 450 repetendi
1123 404 1251 432 causa
1279 397 1369 443 est,
1390 398 1440 432 ut
1461 394 1859 433 commemorentur

478 477 522 512 et
543 466 697 526 plagae,
723 478 828 523 quas
845 461 1002 504 inflixit
1023 457 1241 517 AEgyptiis
1262 466 1440 516 propter
1456 457 1575 503 illos:
1593 473 1692 517 quae
1714 456 1860 501 omnia

477 538 630 595 utique
657 531 872 577 recordari
893 529 1136 573 debuerant
1152 562 1162 582 ,
1188 533 1332 586 neque
1361 527 1541 571 existere
1573 527 1744 586 ingrati.
1770 529 1860 570 De·

477 607 611 664 nique
632 601 740 662 quid
766 600 985 659 sequitur?
1011 616 1032 639 α
1053 599 1151 642 Non
1184 605 1287 653 sunt
1316 596 1530 640 recordati
1559 611 1713 640 manus
1736 595 1828 654 ejus
1844 628 1856 648 ‚

477 693 498 716 »
535 673 605 717 die
633 686 718 730 qua
750 668 932 712 redemit
957 682 1028 710 eos
1051 665 1105 709 de
1126 680 1262 708 manu
1284 665 1550 709 tribulantis.
1578 683 1598 706 »
1631 667 1689 708 Et
1709 663 1861 723 incipit

475 744 618 787 dicere
639 754 737 799 quae
755 736 860 781 fecit
881 735 1098 795 AEgyptiis
1115 751 1124 776 ι
1144 754 1165 776 «
1184 735 1332 778 Posuit
1352 735 1399 779 in
1416 738 1606 794 AEgypto
1622 735 1744 793 signa
1764 749 1856 789 sua,

476 831 497 854 »
533 820 576 855 et
597 808 793 869 prodigia
809 822 885 851 sua
905 807 951 850 in
978 820 1133 865 campo
1157 805 1353 848 Thaneos
1371 823 1380 849 ε
1396 814 1440 848 et
1456 805 1669 849 convertit
1691 804 1737 848 in
1758 819 1860 848 san-

475 900 496 923 »
533 880 709 940 guinem
730 877 910 922 flumina
928 890 1080 920 eorum
1094 910 1105 931 ‚
1131 884 1173 919 ct
1194 874 1354 918 imbres
1377 890 1528 919 eorum
1550 890 1606 918 ne
1628 874 1856 918 biberent:

472 951 543 997 vel
568 950 711 1011 potius
726 983 738 1003 ‚
764 967 784 990 (ι
809 947 1076 993 Manationes
1098 947 1359 1006 aquarum13
1377 964 1396 987 »
1415 946 1527 990 sicut
1550 943 1753 990 nonnulli
1774 959 1861 988 me·

473 1023 555 1068 lius
588 1019 860 1078 intelligunt,
895 1017 1016 1077 quod
1046 1031 1184 1075 graece
1220 1015 1433 1075 scriptum
1469 1025 1562 1071 est,
1587 1020 1857 1070 τὰὸμί-ἰρήματα,

473 1108 582 1154 quas
603 1091 737 1134 latine
760 1088 1039 1146 scaturigines
1061 1086 1267 1142 dicimus,
1293 1087 1347 1130 ab
1375 1087 1462 1131 imo
1489 1101 1621 1147 aquas
1643 1084 1860 1129 ebullien-

473 1174 553 1209 tes.
578 1160 801 1207 Foderunt
823 1160 940 1203 enim
962 1158 1157 1218 AEgyptii
1177 1193 1186 1213 ‚
1213 1168 1256 1203 et
1278 1159 1534 1217 sanguinem
1552 1173 1631 1217 pro
1653 1157 1774 1217 aquis
1790 1157 1860 1201 in—

473 1240 703 1279 venerunt.
734 1250 753 1272 «
780 1230 896 1274 Misit
929 1229 974 1272 in
994 1244 1065 1272 cos
1094 1243 1356 1286 cynomyam
1376 1264 1387 1283 ‚
1423 1237 1466 1272 et
1487 1226 1677 1272 comedit
1698 1242 1793 1285 eos;
1818 1237 1862 1272 et

476 1323 497 1346 n
534 1316 682 1346 ranam
703 1335 714 1355 ,
743 1309 787 1343 et
814 1298 1070 1357 disperdidit
1098 1313 1184 1342 eos,
1214 1300 1277 1342 Et
1308 1298 1429 1342 dedit
1451 1297 1640 1357 rubigini
1668 1298 1861 1342 fructum

476 1393 496 1415 »
533 1385 685 1415 eorum
701 1405 712 1424 ,
738 1378 782 1412 et
810 1368 979 1412 labores
1003 1384 1153 1412 eorum
1175 1367 1370 1412 locustae.
1397 1371 1454 1414 Et
1479 1367 1638 1413 oceidit
1658 1367 1704 1411 in
1733 1383 1862 1426 gran-

476 1462 497 1487 »
532 1443 634 1486 dine
660 1441 804 1484 vineas
826 1455 977 1484 eorum
992 1474 1003 1494 ,
1029 1448 1072 1483 et
1093 1454 1236 1483 moros
1259 1455 1410 1483 eorum
1428 1440 1473 1482 in
1499 1439 1671 1498 pruina.
1693 1441 1751 1482 Et
1771 1447 1861 1482 tra-

475 1534 496 1557 »
532 1512 643 1557 didit
671 1510 870 1570 grandini
891 1511 1090 1570 jumenta
1113 1525 1264 1554 eorum
1282 1546 1292 1565 ‚
1314 1520 1357 1554 et
1375 1510 1685 1570 possessionem
1709 1525 1861 1553 eorum

476 1605 496 1629 >›
532 1584 634 1642 igni.
660 1583 777 1627 Misit
804 1582 850 1625 in
885 1597 956 1626 cos
985 1581 1092 1626 iram
1115 1582 1423 1639 indignationis
1453 1598 1541 1625 suae
1559 1616 1570 1636 ‚
1594 1570 1860 1639 indignatio-

476 1676 496 1699 »
532 1670 633 1698 nem
661 1662 705 1697 ct
728 1653 835 1696 iram
858 1661 902 1695 et
923 1651 1249 1696 tribulationem
1268 1687 1278 1707 ,
1300 1652 1609 1697 immissionem
1630 1667 1708 1711 per
1725 1667 1861 1710 ange-

476 1747 497 1770 »
532 1726 595 1770 los
618 1723 766 1768 malos.
801 1723 925 1766 Viam
951 1721 1053 1767 fecit
1072 1723 1236 1766 semitae
1257 1723 1331 1766 irae
1359 1739 1447 1767 suae
1465 1758 1475 1777 ,
1503 1732 1546 1767 et
1562 1739 1651 1767 non
1668 1723 1862 1782 pepercit

477 1817 498 1840 »
535 1814 558 1841 a
580 1804 718 1839 morte
744 1794 987 1837 animarum
1007 1809 1181 1848 eorum,
1206 1802 1248 1837 et
1269 1795 1467 1853 jumenta
1487 1809 1639 1837 corum
1655 1793 1700 1836 in
1722 1802 1861 1837 morte

479 1888 499 1911 »
534 1865 823 1912 conclusit.Et
836 1864 1048 1924 percussit
1060 1879 1188 1908 omne
1202 1864 1470 1923 primitivum
1484 1864 1530 1908 in
1542 1864 1858 1923 terraAEgypti,

478 1959 499 1981 »
534 1936 743 1997 primitias
763 1934 966 1978 laborum
986 1949 1134 1978 eorum
1159 1934 1205 1977 in
1221 1933 1515 1978 tabernaculis
1538 1934 1678 1978 Cham
1690 1937 1722 1977 ².
1747 1951 1768 1975 )›

534 2008 696 2051 XXVI.
715 2008 793 2050 Hae
811 2020 959 2050 omnes
977 2004 1286 2063 AEgyptiorum
1308 2019 1453 2063 poenae
1475 2002 1702 2061 allegorica
1723 2003 1861 2048 inter-

474 2077 716 2141 pretatione
744 2074 899 2135 exponi
922 2083 1126 2134 possunt,
1155 2083 1286 2133 prout
1314 2089 1364 2117 ea
1385 2075 1568 2133 quisque
1590 2073 1858 2133 intelligere,

475 2160 519 2194 ct
553 2148 682 2192 rebus
700 2181 710 2198 ‚
737 2144 792 2189 ad
819 2161 924 2206 quas
958 2142 1196 2187 referendae
1230 2152 1358 2198 sunt,
1383 2159 1633 2203 comparare
1655 2144 1857 2189 voluerit.

474 2218 603 2274 Quod
625 2232 702 2261 nos
719 2231 894 2276 quoque
918 2213 1058 2259 facere
1079 2214 1361 2270 tentabimus,
1381 2223 1503 2259 tanto
1521 2215 1662 2274 aptius
1684 2215 1857 2271 facturi,
1923 2268 1924 2273 Ἰ

475 2298 642 2351 quanto
676 2286 810 2345 magis
844 2284 1049 2329 divinitus
1085 2282 1295 2328 fuerimus
1332 2285 1483 2344 adjuti.
1523 2285 1593 2330 Ad
1627 2286 1709 2330 hoc
1744 2287 1860 2330 enim
1923 2287 1926 2342 ἓ

475 2359 633 2406 'Psalmi
672 2358 800 2417 hujus
833 2355 906 2399 illa
937 2355 1069 2399 verba
1102 2355 1431 2413 constringunt,
1473 2355 1550 2399 ubi
1578 2355 1744 2400 dictum
1766 2366 1855 2401 est:
1922 2346 1925 2361 ’

479 2453 499 2476 α
534 2430 737 2491 Aperiam
769 2428 813 2472 in
835 2426 1048 2486 parabolis
1070 2441 1116 2470 os
1138 2441 1285 2469 meum
1303 2461 1314 2481 ‚
1346 2426 1526 2486 eloquar
1546 2428 1860 2487 propositiones
1922 2429 1924 2474 Ῐ

475 2524 496 2547 »
533 2504 588 2547 ab
611 2501 748 2546 initio.
778 2517 798 2540 1)
832 2501 1013 2557 Propter
1044 2498 1127 2541 hoc
1150 2497 1311 2556 quippe
1329 2497 1460 2541 etiam
1478 2498 1621 2558 aliqua
1652 2499 1721 2543 hic
1745 2499 1860 2544 dicta
1919 2519 1922 2548 ·5

475 2583 577 2619 sunt
596 2608 605 2628 ,
628 2587 727 2632 quae
750 2570 928 2614 omnino
951 2566 1151 2612 accidisse
1169 2568 1382 2627 AEgyptiis
1410 2584 1499 2612 11011
1520 2568 1703 2627 legimus
1720 2605 1730 2624 ‚
1758 2585 1859 2613 cum
1918 2554 1922 2607 3·y

527 2665 535 2682 ι
559 2657 635 2689 Pezal.
659 2666 772 2696 txxvu,
794 2652 912 2695 ἐγὼ-41
935 2669 974 2674 -
996 2658 1007 2674 ²
1024 2651 1105 2683 lbid.
1127 2650 1239 2692 ,Εὖ-31,
