1926 3339
404 321 645 349 ENAunAno
678 323 720 348 11⁸<-
756 321 958 349 νεΑωιυΜ
993 326 1091 350 xcii.
1347 318 1429 357 353

50 392 167 427 sexto
193 383 351 428 saeculo
381 385 547 428 venisse
581 386 815 429 Dominum
843 389 991 430 Jesum
1020 388 1265 442 Christum,
1297 399 1346 434 ut
1373 408 1434 436 re-

48 454 310 498 formaretur
336 455 467 499 homo
501 455 556 500 ad
579 456 813 514 imaginem
837 457 929 501 Dei.
958 458 1152 502 Primum
1177 459 1293 503 enim
1321 469 1432 505 tem-

49 539 157 584 pus,
196 533 405 584 tanquam
437 525 603 584 primus
636 524 752 581 dies,
786 527 840 570 ab
873 527 1013 571 Adam
1044 543 1182 588 usque
1216 528 1271 572 ad
1300 531 1391 574 Noe
1417 546 1426 571 ε

47 593 287 639 secundum
320 605 513 655 tempus,
548 606 756 657 tanquam
787 597 1002 642 secundus
1037 598 1126 642 dies
1145 634 1155 653 ‚
1193 615 1216 643 a
1242 603 1334 645 Noe
1356 617 1429 645 us-

46 680 132 725 que
147 666 202 708 ad
224 665 443 710 Abraham
466 668 667 711 :tertium
690 678 883 727 tempus,
914 677 1126 729 tanquam
1152 671 1304 714 tertius
1321 671 1429 726 dies,

46 736 100 780 ab
117 736 339 779 Abraham
354 752 492 796 usque
510 736 566 781 ad
585 737 722 782 David
749 758 758 783 :
776 748 982 798 quartum
1000 749 1168 799 tempus
1185 775 1195 795 ‚
1221 750 1431 801 tanquam

45 815 224 866 quartus
253 806 364 861 dies,
392 822 414 850 a
438 807 577 850 David
603 824 737 868 usque
760 808 815 852 ad
837 810 1258 868 transmigrationem
1283 812 1431 869 Baby-

42 877 171 922 loniae
199 897 208 923 2
238 878 440 937 quintum
464 887 657 937 tempus,
684 889 892 939 tanquam
914 880 1092 940 quintus
1107 881 1221 935 dies,
1247 898 1270 925 a
1287 891 1430 926 trans-

8 951 12 956 '
43 948 298 1006 migratione
331 948 584 1005 Babyloniae
613 965 754 1008 usque
780 949 835 993 ad
856 951 1209 1009 praedicationem
1233 953 1427 996 Joannis.

44 1021 195 1064 Sextus
224 1017 314 1062 dies
341 1019 432 1077 jam
456 1034 478 1061 a
502 1017 813 1077 praedicatione
846 1020 1025 1063 Joannis
1054 1022 1198 1079 agitur
1219 1037 1358 1081 usque
1376 1023 1432 1067 ad

41 1090 194 1144 finem,
216 1098 257 1132 et
289 1098 386 1147 post
417 1088 548 1132 finem
571 1089 677 1133 sexti
713 1089 798 1133 diei
831 1091 1106 1150 pervenimus
1139 1091 1195 1135 ad
1217 1093 1427 1153 requiem.

40 1159 173 1204 Modo
196 1175 296 1217 ergo
316 1167 458 1203 sextus
481 1159 570 1203 dies
594 1161 749 1217 agitur.
779 1160 821 1205 Si
834 1170 976 1204 sextus
994 1161 1084 1205 dies
1099 1162 1262 1219 agitur,
1285 1162 1432 1207 videte

41 1230 146 1291 quid
166 1231 324 1275 habeat
348 1229 501 1275 titulus
527 1250 536 1275 ε
573 1251 592 1272 «
627 1234 678 1274 In
709 1230 822 1275 diem
846 1241 946 1275 ante
968 1232 1220 1287 sabbatum,
1252 1234 1431 1293 quando

43 1319 64 1342 >›
98 1301 283 1345 fundata
315 1310 380 1345 est
401 1310 529 1344 terra.
563 1319 584 1341 n
610 1303 706 1345 Jam
741 1301 968 1346 audiamus
1004 1302 1146 1362 ipsum
1179 1303 1429 1348 Psalmum:

39 1371 183 1431 ipsum
204 1371 521 1430 interrogemus
541 1371 764 1430 quomodo
786 1370 971 1416 fundata
994 1381 1056 1416 est
1079 1381 1215 1428 terra,
1241 1389 1296 1416 ne
1317 1373 1432 1417 forte

41 1452 145 1488 tunc
166 1441 282 1487 faeta
304 1451 367 1486 est
397 1452 525 1486 terra.
555 1445 645 1487 Nec
673 1443 719 1486 in
748 1443 904 1486 Genesi
931 1444 988 1487 sie
1015 1443 1213 1502 legimus.
1247 1443 1431 1497 Quando

40 1530 142 1573 ergo
164 1512 348 1557 fundata
371 1522 433 1557 est
451 1516 589 1557 terra?
606 1512 793 1566 Quando
807 1549 818 1569 ,
839 1514 918 1557 nisi
932 1530 1031 1557 eum
1054 1515 1103 1557 fit
1125 1515 1245 1574 quod
1266 1514 1430 1559 lectum

40 1594 102 1630 est
123 1583 255 1629 modo
276 1584 322 1627 iu
340 1583 548 1642 Apostolo
565 1619 580 1639 ,
612 1603 631 1625 «
659 1583 702 1628 Si
718 1593 864 1628 tamen
894 1585 1012 1628 statis
1029 1585 1074 1627 in
1096 1584 1208 1640 fide,
1234 1586 1314 1639 ait,
1342 1594 1430 1629 sta-

43 1674 63 1698 »
97 1654 205 1699 biles
243 1663 286 1698 et
315 1653 620 1698 immobilesl?
655 1673 674 1694 »
703 1657 816 1699 Cum
847 1670 996 1699 omnes
1029 1655 1105 1715 qui
1133 1654 1319 1699 credunt
1354 1671 1432 1714 per

39 1726 282 1770 universam
297 1734 455 1769 terram
467 1724 712 1768 immobiles
725 1734 826 1768 sunt
837 1725 882 1768 in
896 1724 998 1779 fide,
1017 1724 1197 1768 fundata
1212 1734 1275 1768 est
1289 1734 1400 1768 terra
1419 1744 1427 1770 :

39 1806 144 1840 tune
162 1796 212 1839 fit
241 1796 374 1838 homo
409 1795 464 1838 ad
492 1794 725 1852 imaginem
743 1794 862 1837 Dei‘l.
897 1794 1026 1846 Quod
1054 1795 1268 1853 signifieat
1289 1804 1430 1839 sextus

38 1865 111 1910 ille
132 1865 222 1910 dies
244 1865 297 1908 de
321 1864 492 1908 Genesi.
529 1863 612 1908 Sed
630 1863 851 1924 quomodo
874 1862 986 1907 illud
1013 1862 1116 1907 feeit
1143 1866 1283 1908 Deus?
1315 1881 1429 1924 quo-

40 1936 171 1980 modo
192 1934 377 1994 fundata
400 1943 463 1978 est
486 1935 629 1977 terra?
652 1933 848 1979 Christus
870 1934 1009 1987 venit,
1036 1943 1086 1977 ut
1113 1933 1319 1977 fundaret
1342 1944 1430 1978 ter-

40 2023 146 2052 ram.
182 2026 202 2048 «
227 2004 583 2050 Fundamentum
607 2006 720 2048 enim
743 2020 872 2048 nemo
894 2013 1037 2064 potest
1056 2020 1218 2063 ponere
1236 2039 1246 2059 ,
1273 2014 1430 2063 praeter

45 2097 63 2119 »
97 2076 143 2121 id
161 2076 283 2137 quod
304 2076 494 2135 positum
521 2084 608 2129 est,
641 2074 762 2134 quod
794 2084 859 2118 est
881 2073 1077 2119 Christus
1105 2076 1274 2118 Jesusss.
1313 2092 1333 2116 »
1368 2079 1430 2119 De

39 2149 114 2193 illo
131 2164 234 2207 ergo
252 2156 397 2192 cantat
415 2146 624 2191 Psalmus.

100 2222 158 2263 II.
190 2238 209 2261 «
234 2218 442 2264 Dominus
464 2217 679 2276 regnavit,
701 2217 902 2260 decorem
926 2214 1089 2273 induit3
1114 2215 1257 2259 induit
1279 2216 1430 2260 Domi-

43 2309 64 2332 »
99 2306 181 2334 nus
203 2288 533 2343 fortitudinem,
558 2297 602 2332 et
634 2287 893 2347 praecinctus
922 2296 1000 2331 est.
1040 2305 1059 2327 »
1092 2286 1299 2330 Videmus
1328 2287 1432 2347 quia

41 2361 147 2406 duas
172 2376 237 2404 res
256 2359 422 2414 induit,
447 2358 649 2402 decorem
670 2367 713 2402 et
735 2356 1056 2401 fortitudinem.
1080 2357 1244 2417 thuid
1258 2359 1432 2401 autem?

45 2435 98 2477 Ut
115 2431 319 2476 fundaret
341 2440 515 2474 terram.
538 2429 742 2489 Sequitur
757 2428 899 2472 enim:
924 2447 942 2468 «
964 2427 1139 2470 Etenim
1159 2428 1432 2472 confirmavit

46 2522 66 2546 »
101 2504 251 2548 orbem
276 2511 399 2545 terrae
419 2536 429 2553 ,
455 2500 531 2560 qui
559 2515 647 2543 non
677 2498 1039 2543 commovebitur.
1071 2515 1089 2537 »
1119 2497 1243 2541 Unde
1273 2499 1434 2542 confir-

43 2573 207 2618 mavit?
224 2573 334 2625 Quia
352 2570 553 2615 decorem
578 2568 738 2613 induit.
768 2571 863 2614 Non
894 2568 1171 2612 confirmaret
1191 2603 1201 2622 ‚
1229 2568 1262 2612 si
1290 2567 1432 2613 solum

92 2664 101 2680 ¹
126 2669 137 2689 1
159 2659 229 2690 Cor.
249 2668 298 2696 111,
321 2655 359 2687 15
378 2659 411 2687 et
436 2654 488 2686 58.
517 2671 557 2676 -
579 2660 590 2675 2
610 2655 688 2685 Gen.
709 2664 732 2694 1,
747 2651 802 2684 26.
824 2669 865 2674 -
886 2649 899 2675 3
918 2663 928 2682 1
947 2653 1018 2683 Cor.
1045 2663 1089 2691 111,
1113 2662 1162 2682 11.

237 2720 373 2749 cxvii.
1225 2706 1276 2744 23
