1926 3339
0 254 5 315 ῑ

0 320 4 393 3

372 318 613 350 ENARRATIO
642 321 689 348 IN
719 317 924 349 PsALMUM
954 321 1134 350 Lxxxv1.
1347 312 1431 351 215

0 485 1 496 ἵ
58 493 1435 514 ἏΜΜὮΝΛΜΜΜΜΜΜΜΜΜΜΜΜΜΜΜΜΜΜΜΜΜΜΜΜΜΜ

566 626 950 677 ENARRATIO

379 801 440 840 IN
481 800 784 842 PSALMUM
829 801 1088 841 LXXXVI.

514 954 665 998 Sermo
684 953 742 998 ad
756 952 930 1013 plebem
942 954 973 996 ¹.

105 1101 140 1144 Ι.
167 1101 366 1145 PsALMus
383 1116 399 1156 ,·
422 1100 500 1160 qui
520 1099 654 1145 modo
675 1108 873 1144 cantatus
894 1107 974 1154 est,
1003 1098 1145 1144 brevis
1166 1107 1230 1143 est
1251 1113 1435 1144 numero

45 1170 282 1216 verborum
300 1205 311 1226 ,
331 1185 516 1229 magnus
532 1169 727 1230 pondere
743 1169 1074 1214 sententiarum.
1086 1171 1197 1215 Nam
1218 1178 1335 1215 totus
1355 1170 1437 1215 lec-

44 1251 115 1286 tus
132 1250 218 1297 est,
240 1250 284 1285 et
303 1240 458 1285 videtis
478 1256 612 1302 quam
634 1241 791 1299 exiguo
813 1249 1010 1300 tempore
1031 1240 1086 1284 ad
1106 1241 1341 1285 terminum
1363 1255 1438 1286 us-

43 1327 131 1374 que
166 1311 421 1372 perductus
459 1312 540 1356 Hic
571 1311 697 1356 nobis
713 1346 724 1366 ,
770 1320 987 1372 quantum
1030 1311 1239 1356 Dominus
1273 1310 1437 1357 donare

43 1383 265 1443 dignatur,
282 1399 384 1427 cum
402 1384 556 1428 Vestra
576 1382 797 1428 Charitate
811 1381 1080 1438 tractandus,
1096 1381 1228 1427 modo
1249 1392 1314 1427 est
1330 1398 1434 1443 pro-

42 1455 209 1515 positus
222 1469 245 1498 a
260 1453 504 1498 beatissimo
518 1456 751 1513 praesente2
765 1462 886 1512 patre
903 1462 1067 1498 nostro.
1083 1454 1328 1513 Repentina
1340 1469 1435 1514 pro-

43 1524 200 1586 positio
221 1539 291 1568 me
315 1533 532 1583 gravaret,
561 1524 642 1567 nisi
666 1539 736 1567 me
758 1524 968 1568 continuo
990 1525 1272 1583 proponentis
1298 1525 1436 1570 oratio

43 1594 305 1640 sublevaret.
318 1593 524 1639 Intendat
538 1609 643 1653 ergo
661 1594 858 1639 Charitas
871 1597 1038 1639 Vestra.
1050 1594 1210 1640 Civitas
1231 1594 1436 1655 quaedam

43 1667 90 1711 in
111 1666 193 1710 isto
207 1665 378 1710 Psalmo
402 1674 574 1709 cantata
598 1674 641 1708 et
656 1665 960 1709 commendata
980 1674 1043 1710 est
1061 1685 1070 1710 :
1095 1667 1216 1725 eujus
1234 1666 1346 1710 cives
1364 1681 1436 1710 su-

42 1752 156 1793 mus,
170 1737 215 1780 in
231 1745 448 1797 quantum
466 1736 698 1781 Christiani
711 1751 858 1780 sumus
871 1756 882 1794 3
897 1744 940 1779 et
953 1735 1072 1779 unde
1087 1736 1433 1795 peregrinamur,

41 1807 241 1869 quandiu
259 1807 463 1852 mortales
483 1822 657 1864 sumus,
673 1816 716 1851 et
730 1806 785 1851 ad
801 1822 933 1867 quam
955 1806 1191 1862 tendimus,
1211 1823 1290 1866 per
1310 1809 1435 1868 eujus

43 1879 174 1933 viam,
191 1894 289 1937 quae
302 1877 481 1922 omnino
496 1877 620 1937 quasi
634 1876 821 1921 dumetis
834 1886 877 1921 et
891 1877 1086 1921 sentibus
1099 1876 1331 1921 interclusa
1346 1893 1436 1922 non

44 1948 364 2002 inveniebatur,
380 1962 452 1990 rex
468 1947 802 2007 ipsius‘civitatis
819 1963 863 1991 se
881 1945 985 1991 feeit
1001 1948 1134 2002 viam,
1149 1957 1201 1991 ut
1222 1946 1278 1991 ad
1291 1948 1436 1992 eivita-

44 2029 132 2064 tem
151 2019 493 2079 perveniremus.
520 2018 804 2063 Ambulantes
826 2033 930 2077 ergo
951 2019 997 2062 in
1016 2019 1208 2075 Christo,
1228 2028 1273 2063 et
1292 2019 1436 2063 adhue

45 2090 367 2150 peregrinantes
388 2090 530 2134 donee
557 2089 859 2148 perveniamus
876 2124 886 2144 ,
911 2097 956 2133 et
979 2089 1240 2148 suspirantes
1263 2088 1436 2133 deside-

47 2160 111 2205 rio
135 2158 360 2219 cujusdam
382 2158 617 2203 ineffabilis
645 2159 803 2219 quietis
821 2194 831 2214 ,
858 2175 957 2219 quae
976 2159 1146 2203 habitat
1166 2159 1213 2202 in
1233 2157 1309 2202 illa
1330 2159 1435 2204 civi-

47 2239 151 2285 tate,
176 2229 231 2274 de
247 2246 335 2290 qua
351 2231 498 2290 quiete
520 2229 687 2274 dietum
706 2239 769 2274 est
784 2231 868 2275 hoc
890 2230 1017 2274 nobis
1039 2245 1129 2274 esse
1148 2230 1432 2289 promissum:

52 2319 73 2343 «
107 2301 237 2354 Quod
272 2299 423 2345 oculus
456 2315 547 2344 non
568 2299 677 2345 vidit
697 2335 708 2356 ,
739 2316 820 2344 nee
841 2300 954 2344 auris
976 2300 1143 2344 audivit
1157 2335 1168 2355 ,
1193 2316 1273 2344 nee
1294 2301 1340 2344 in
1361 2316 1437 2345 cor

51 2389 73 2414 »
108 2372 295 2416 hominis
313 2372 531 2416 ascendit3
558 2391 567 2416 :
590 2390 611 2413 »
637 2371 911 2416 ambulantes
934 2387 1035 2430 ergo
1053 2408 1063 2427 ,
1095 2372 1153 2416 sie
1181 2381 1406 2416 cantemus
1422 2406 1433 2427 ,

48 2452 100 2488 ut
131 2442 439 2488 desideremus.
471 2446 579 2488 Nam
606 2443 682 2503 qui
709 2442 948 2499 desiderat,
984 2443 1062 2487 etsi
1084 2443 1234 2503 lingua
1268 2452 1405 2487 taceat
1422 2478 1432 2498 ,

99 2557 107 2573 ¹
134 2552 198 2582 Iste
226 2552 335 2583 Sermo
356 2550 395 2581 ad
416 2549 545 2592 plebem
567 2549 651 2582 forte
680 2550 962 2592 Carthaginensem
980 2576 988 2592 ‚
1008 2551 1136 2583 habitus
1153 2555 1201 2583 est
1218 2550 1362 2593 proximo
1386 2550 1437 2581 die

50 2610 124 2648 post
141 2606 321 2648 expositum
340 2605 494 2638 Psalmum
514 2616 634 2645 xxxxv,
651 2606 691 2637 de
712 2617 774 2648 quo
787 2606 866 2638 infra
881 2617 912 2637 n.
937 2609 968 2637 9.
993 2624 1032 2628 —
1053 2613 1066 2628 ²
1086 2607 1190 2638 Forte
1208 2605 1335 2637 Aurelio
1354 2604 1437 2647 epis-

52 2672 135 2703 copo
157 2661 414 2703 Carthaginense.
440 2679 480 2684 —
498 2660 510 2684 3
529 2673 541 2692 1
560 2662 634 2693 Cor.
659 2673 696 2700 ιι,
713 2673 745 2702 9.
