1926 3339
468 309 522 346 76
900 318 931 342 s.
968 313 1195 348 Accusrmi
1229 313 1408 339 zrrscom

524 386 597 427 Vl.
629 401 649 424 «
671 381 934 426 Effuderunt
957 378 1210 437 sanguinem
1233 392 1383 421 eorum
1405 378 1515 422 sicut
1544 393 1700 438 aquam
1718 413 1728 432 ‚
1757 395 1777 417 »
1799 377 1842 421 id

465 466 553 507 est,
578 453 849 498 abundanter
866 460 904 493 ct
928 449 1094 493 viliter:
1126 467 1145 490 «
1172 451 1224 491 In
1249 448 1429 493 circuitu
1450 448 1733 494 Jerusalem1.
1753 466 1773 489 >i
1802 448 1844 492 Si

465 523 703 570 Jerusalem
719 533 933 567 terrenam
955 520 1107 564 urbem
1126 519 1195 562 hic
1217 520 1473 581 accipimus,
1499 534 1650 566 eorum
1671 519 1847 578 sangui-

463 610 563 639 nem
590 592 871 651 intelligimus
897 591 1087 634 effusum
1113 589 1160 632 in
1189 588 1374 633 circuitu
1405 590 1522 649 ejus,
1561 605 1672 650 quos
1703 590 1846 634 hostes

463 674 578 710 extra
603 678 748 707 muros
765 661 951 720 reperire
973 668 1227 719 potuerunt.
1248 659 1292 704 Si
1309 669 1455 704 autem
1469 660 1708 704 Jerusalem
1728 658 1848 704 illam

463 734 743 793 intelligimus
762 769 772 787 ⁷
810 731 865 776 de
895 747 982 792 qua
1015 729 1182 775 dictum
1214 740 1278 775 est
1306 751 1314 775 ;
1349 750 1369 773 «
1395 730 1525 775 Multi
1557 730 1636 775 filii
1667 729 1848 775 desertae

467 825 486 847 »
521 806 653 863 magis
683 819 813 865 quam
847 805 936 863 ejus
967 818 1066 863 quae
1087 802 1220 846 habet
1248 802 1417 846 virum2
1445 822 1453 846 ;
1482 821 1501 842 »
1531 801 1737 846 circuitus
1758 802 1849 861 ejus

465 885 527 920 est
549 891 625 936 per
648 876 894 919 universam
916 883 1090 917 terram.
1119 875 1172 916 In
1193 887 1243 917 ea
1265 873 1427 932 quippe
1450 872 1638 917 lectione
1659 872 1850 932 prophe-

465 949 547 992 tica
564 983 575 1002 ‚
596 947 670 990 ubi
695 947 904 1005 scriptum
928 954 992 989 est
1013 961 1021 985 ε
1050 964 1070 986 «
1094 944 1222 989 Multi
1255 943 1333 988 filii
1355 944 1536 989 desertae
1558 944 1692 1002 magis
1718 957 1851 1003 quam

469 1037 488 1058 »
524 1020 614 1078 ejus
631 1033 730 1077 quae
752 1017 885 1060 habet
905 1016 1068 1059 virum:
1091 1033 1111 1055 »
1130 1013 1261 1074 paulo
1282 1024 1381 1074 post
1398 1015 1437 1058 ei
1456 1014 1616 1059 dicitur
1633 1029 1642 1054 :
1664 1032 1683 1056 «
1704 1016 1761 1058 Et
1777 1014 1853 1073 qui

470 1108 488 1129 »
524 1088 637 1132 eruit
650 1097 715 1142 te,
742 1090 855 1131 Deus
879 1085 1010 1130 Israel
1030 1085 1243 1130 universae.
1265 1094 1391 1129 terrae
1411 1085 1684 1130 vocabum-³.
1709 1103 1728 1125 »
1755 1083 1852 1129 Cir-

467 1160 608 1205 cuitus
631 1173 733 1217 ergo
760 1159 834 1217 huj
843 1173 891 1201 us
914 1155 1152 1201 Jerusalem
1174 1157 1221 1200 in
1243 1157 1326 1201 hoc
1354 1156 1525 1201 Psalmo
1547 1153 1855 1214 intelligendus

468 1240 553 1285 est,
578 1245 806 1291 quousque
828 1238 934 1274 tunc
954 1227 1093 1272 fuerat
1114 1226 1266 1272 eadem
1287 1227 1479 1273 Ecclesia
1502 1227 1680 1271 dilatata
1694 1262 1704 1281 ,
1735 1224 1855 1270 fruc-

467 1301 632 1344 tificans
655 1309 699 1343 et
720 1315 913 1343 crescens
935 1299 981 1342 in
1002 1299 1204 1342 universo
1225 1298 1394 1343 mundo
1414 1334 1424 1352 ‚
1453 1296 1631 1358 quando
1663 1297 1709 1340 in
1738 1296 1857 1340 omni
1877 1322 1880 1323 ν

467 1379 587 1430 parte
617 1371 706 1430 ejus
739 1370 983 1429 persecutio
1017 1369 1246 1417 saeviebat,
1287 1378 1327 1412 et
1362 1372 1605 1426 Martyrum
1642 1377 1854 1425 stragem,

468 1456 654 1501 quorum
690 1442 861 1499 sanguis
894 1440 1005 1484 sicut
1038 1456 1150 1500 aqua
1187 1439 1515 1488 effundebatur,
1553 1454 1652 1483 cum
1691 1437 1858 1496 magnis

468 1512 597 1556 lucris
625 1512 929 1555 thesaurorum
962 1510 1207 1554 coelestium
1241 1508 1443 1555 faciebat.
1481 1508 1613 1562 Quod
1643 1523 1745 1552 vero
1779 1506 1858 1551 ad-

466 1584 666 1642 junctum
691 1589 751 1625 est
779 1597 786 1621 τ
812 1600 829 1620 «
857 1583 913 1625 Et
936 1596 1024 1625 uon
1048 1590 1139 1624 erat
1158 1581 1235 1640 qui
1263 1579 1491 1639 sepeliret:
1516 1598 1535 1620 »
1569 1589 1644 1624 aut
1678 1594 1767 1623 non
1790 1579 1859 1621 in-

469 1651 676 1697 credibile
707 1651 839 1696 debet
876 1650 1014 1695 videri
1049 1661 1136 1695 tam
1167 1666 1374 1709 magnum
1415 1651 1463 1694 in
1500 1650 1718 1711 aliquibus
1755 1648 1860 1694 locis

470 1722 601 1767 fuisse
628 1731 835 1766 terrorem
854 1757 865 1776 ‚
891 1731 940 1765 ut
962 1721 1200 1781 sepultores
1220 1731 1469 1765 sanctorum
1492 1735 1726 1780 corporum
1748 1718 1860 1764 nulli

469 1808 643 1852 prorsus
675 1792 906 1836 existerent
929 1812 936 1836 :
964 1801 1039 1836 aut
1066 1801 1182 1837 certe
1215 1792 1317 1852 quia
1345 1790 1559 1851 insepulta
1582 1790 1794 1836 cadavera
1815 1789 1861 1833 in

471 1863 618 1908 multis
641 1862 745 1907 locis
767 1863 843 1906 diu
865 1865 1009 1923 jacere
1032 1872 1271 1922 potuerunt
1285 1898 1294 1913 ,
1322 1861 1462 1907 donec
1480 1878 1503 1905 a
1523 1861 1728 1920 religiosis
1750 1876 1861 1921 quo-

473 1933 572 1978 dam
590 1934 721 1979 modo
741 1933 882 1978 furata
902 1933 1202 1993 sepelirentur.

531 2007 631 2048 VII.
667 2025 687 2047 α
714 2005 834 2049 Facti
867 2020 1042 2058 sumus,
1078 2005 1242 2064 inquit,
1269 2003 1550 2063 opprobrium
1582 2002 1733 2046 vicinis
1758 2018 1861 2047 nos-

476 2094 495 2115 »
534 2076 648 2120 uis&
679 2094 698 2114 υ
734 2076 838 2119 Ideo
861 2075 1048 2134 pretiosa
1081 2090 1171 2119 non
1202 2075 1248 2118 in
1284 2083 1520 2134 conspectu
1553 2073 1807 2128 hominum,
1840 2090 1861 2116 a

472 2146 632 2207 quibus
665 2147 749 2191 hoc
781 2155 872 2190 erat
899 2146 1212 2206 opprobrium,
1247 2145 1322 2190 sed
1352 2146 1398 2189 in
1430 2155 1666 2204 conspectu
1690 2145 1862 2189 Domini
1925 2146 1926 2184 ἶ

472 2233 587 2262 mors
607 2227 856 2262 sanctorum
878 2219 969 2278 ejus
985 2220 1015 2260 ⁵.
1047 2237 1065 2258 «
1087 2216 1377 2262 Subsannatio
1399 2225 1442 2260 et
1460 2216 1597 2260 irrisio
1616 2235 1624 2259 :
1650 2235 1668 2257 «
1695 2215 1790 2270 vel,
1814 2208 1864 2260 ut

472 2288 651 2348 quidam
690 2288 962 2348 interpretati
995 2297 1123 2342 sunt,
1158 2307 1177 2329 α
1205 2287 1354 2331 Illusio
1397 2287 1455 2330 eis
1489 2285 1566 2346 qui
1603 2286 1650 2330 in
1678 2286 1862 2330 circuitu

474 2377 494 2400 ›>
532 2368 679 2402 nostro
701 2368 816 2402 sunt.
844 2377 862 2399 »
889 2359 1107 2418 Repetitio
1141 2367 1204 2402 est
1231 2357 1456 2401 sententiae
1478 2357 1723 2417 superioris.
1753 2359 1862 2401 Nam

470 2428 592 2488 quod
613 2444 741 2489 supra
764 2428 931 2473 dictum
953 2438 1015 2473 est
1035 2445 1043 2469 :
1076 2448 1096 2470 «
1120 2428 1445 2488 Opprobrium3
1474 2446 1493 2467 η
1521 2428 1604 2472 hoc
1628 2427 1862 2486 repetitum

473 2509 535 2543 est
554 2518 561 2542 :
587 2518 607 2541 «
633 2499 922 2544 Subsannatio
939 2507 982 2543 et
1003 2499 1142 2543 irrisio
1160 2519 1168 2543 :
1186 2517 1208 2539 u
1229 2508 1270 2542 et
1285 2497 1406 2559 quod
1428 2513 1557 2558 supra
1579 2496 1747 2542 dictum
1768 2506 1857 2541 est:

521 2603 527 2618 ¹
549 2596 627 2628 Psal.
649 2607 779 2634 Lxxvm,
801 2597 830 2629 3.
852 2613 893 2618 —
913 2603 925 2619 2
940 2598 1011 2628 lsai.
1031 2607 1096 2637 Ltv,
1120 2608 1149 2628 1.
1173 2613 1213 2619 -—
1239 2594 1348 2628 31bid.
1373 2596 1401 2627 5.
1429 2613 1470 2618 —
1488 2595 1502 2625 -ὀ
1519 2595 1596 2628 Psat.
1613 2605 1744 2633 txxvm,
1764 2593 1796 2636 4.
1821 2610 1861 2615 —

478 2651 555 2685 ⁵1d4
576 2664 645 2693 cxv,
667 2653 715 2684 ¹5.
