1926 3339
476 343 558 381 182
899 355 933 381 s.
968 351 1200 380 ,mausum
1231 352 1415 379 Emscom

477 419 696 465 Confitere
716 419 849 462 vitam
868 453 878 473 ‚
903 427 946 461 et
962 418 1099 477 aperis
1118 416 1232 462 viam
1259 436 1267 461 :
1294 426 1338 460 et
1358 416 1503 460 veniet
1523 415 1738 470 Christus,
1757 434 1778 458 ι(
1796 418 1855 460 Et
1902 430 1906 473 3

480 509 501 531 »
536 499 671 549 ponet
696 490 743 534 in
765 489 832 533 via
861 503 1027 547 gressus
1058 503 1184 543 suos,
1216 505 1237 529 »
1271 495 1322 532 ut
1354 495 1398 531 te
1427 486 1636 531 informet
1665 486 1854 546 vestigiis

473 576 574 605 suis.

475 688 1852 710 mmmmmmmmmmmwmmmmmmmmwwvmm
1903 671 1907 695 A*

971 793 1367 844 ENARRATIO

820 940 883 978 IN
931 937 1233 978 PSALMUM
1278 936 1519 976 LXXXV.

948 1072 1097 1115 Sermo
1120 1069 1176 1114 ad
1198 1068 1372 1129 plebem
1389 1070 1419 1112 1.

535 1200 570 1241 Ι.
605 1198 797 1242 NULLUM
824 1195 963 1255 majus
985 1193 1153 1239 donum
1173 1203 1377 1255 praestare
1407 1201 1552 1253 posset
1581 1195 1697 1237 Deus
1716 1190 1863 1235 homi·

475 1268 606 1311 nibus
619 1302 630 1322 ,
652 1282 785 1326 quam
806 1275 858 1310 ut
874 1265 1070 1310 Verbum
1092 1281 1221 1310 suum
1239 1281 1316 1325 per
1342 1263 1463 1325 quod
1479 1262 1675 1308 condidit
1689 1263 1835 1307 omnia
1848 1295 1859 1317 ‚

474 1336 636 1382 iaceret
657 1336 741 1380 illis
762 1345 910 1395 caput,
935 1344 978 1380 et
999 1335 1095 1381 illos
1118 1336 1157 1379 ei
1180 1345 1389 1396 tanquam
1406 1334 1602 1379 membra
1622 1341 1859 1393 coaptarem
1903 1326 1908 1394 {

477 1416 528 1451 ut
547 1416 658 1451 esset
680 1405 816 1450 Filius
843 1407 922 1451 Dei
944 1415 988 1451 et
1008 1406 1123 1450 filius
1150 1406 1361 1460 hominis,
1388 1421 1501 1450 unus
1528 1407 1643 1449 Deus
1666 1418 1769 1448 cum
1786 1406 1864 1448 Pa·
1903 1406 1908 1443 ἶ

475 1487 542 1522 tre
559 1513 570 1533 ‚
591 1493 706 1523 unus
725 1478 857 1522 homo
879 1493 981 1522 cum
999 1477 1252 1522 hominibus
1274 1495 1283 1521 :
1308 1485 1359 1520 ut
1381 1484 1423 1518 et
1451 1473 1628 1535 quando
1643 1473 1866 1534 loquimur
1890 1483 1910 1529 ;·

479 1548 535 1593 ad
560 1551 702 1593 Deum
731 1548 1037 1608 deprecantes,
1074 1563 1164 1592 non
1201 1545 1303 1590 inde
1325 1545 1487 1590 Filium
1524 1560 1799 1605 separemusz,
1823 1553 1866 1588 ct

477 1618 658 1680 quando
694 1627 897 1678 precatur
924 1634 1080 1678 corpus
1112 1617 1238 1673 Filii,
1275 1633 1365 1664 non
1399 1633 1423 1661 a
1459 1632 1504 1660 se
1534 1625 1704 1676 separet
1734 1623 1868 1675 caput
1905 1663 1907 1678 ζ

478 1705 607 1735 suum
623 1689 787 1749 3sitque
802 1689 895 1748 ipse
916 1705 1030 1732 unus
1052 1689 1239 1733 salvator
1261 1688 1452 1747 corporis
1469 1687 1536 1731 sui
1546 1687 1756 1732 Dominus
1770 1702 1868 1731 nos·
1904 1702 1908 1746 ss

476 1770 543 1806 ter
564 1764 587 1805 J
592 1777 686 1804 esus
703 1761 901 1806 Christus
918 1760 1052 1804 Filius
1066 1760 1160 1815 Dei,
1179 1758 1255 1820 qui
1271 1768 1315 1803 et
1337 1769 1430 1803 oret
1448 1774 1526 1818 pro
1542 1759 1684 1813 nobis,
1709 1766 1754 1801 et
1773 1766 1867 1802 oret

475 1832 523 1875 in
554 1831 678 1876 nobis
694 1866 704 1886 ‚
730 1841 774 1875 et
795 1840 944 1875 oretur
968 1847 992 1875 a
1025 1831 1165 1875 nobis.
1191 1832 1298 1874 Orat
1319 1844 1400 1889 pro
1422 1829 1573 1884 nobis,
1597 1837 1649 1872 ut
1670 1827 1867 1872 sacerdos

474 1910 622 1946 noster
638 1922 649 1960 3
668 1911 763 1946 orat
784 1902 831 1945 in
851 1901 978 1946 nobis
994 1937 1006 1956 ‚
1031 1910 1081 1945 ut
1103 1910 1235 1960 caput
1253 1909 1478 1958 nostrum3
1502 1907 1652 1944 oratur
1672 1915 1697 1943 a
1713 1899 1863 1954 nobis,

475 1982 526 2017 ut
546 1975 661 2017 Deus
683 1981 845 2016 noster.
871 1975 1169 2031 Agnoscamus
1187 1987 1291 2030 ergo
1312 1980 1354 2016 et
1373 1971 1420 2015 in
1438 1971 1514 2015 illo
1530 1986 1657 2016 voces
1679 1979 1864 2025 nostras,
1906 1987 1908 1991 ⁸

476 2052 520 2087 et
540 2058 667 2087 voces
690 2044 781 2102 ejus
802 2043 849 2086 in
869 2043 1011 2086 nobis.
1034 2044 1185 2102 Neque
1208 2057 1310 2086 cum
1333 2040 1498 2102 aliquid
1519 2041 1681 2086 dicitur
1702 2041 1758 2085 de
1779 2044 1868 2086 Do-

476 2115 596 2159 mino
618 2117 721 2158 Jesu
742 2114 915 2158 Christo
929 2149 940 2169 ‚
966 2114 1153 2157 maxime
1169 2113 1216 2157 in
1233 2114 1461 2173 prophetia
1477 2148 1489 2168 ‚
1510 2112 1632 2173 quod
1652 2113 1868 2173 pertineat
1903 2155 1907 2160 .

474 2184 596 2229 velut
617 2184 673 2229 ad
689 2183 926 2243 quamdam
942 2183 1234 2228 humilitatem
1251 2184 1476 2243 indignam
1494 2189 1595 2239 Deo,
1616 2183 1868 2229 dubitemus
1904 2177 1907 2211 ἶ

475 2270 571 2299 eam
591 2254 656 2298 illi
677 2254 886 2309 tribuere,
904 2254 1085 2314 quinon
1097 2253 1313 2298 dubitavit
1334 2269 1379 2298 se
1400 2254 1525 2298 nobis
1547 2253 1798 2315 adjungere.
1815 2253 1868 2298 Ei
1904 2306 1906 2309 Ι

477 2325 641 2385 quippe
663 2324 792 2368 servit
813 2324 1016 2369 universa
1037 2333 1236 2368 creatura
1251 2359 1262 2378 ‚
1287 2324 1390 2384 quia
1412 2340 1488 2384 per
1510 2325 1654 2384 ipsum
1675 2322 1788 2369 facta
1805 2334 1870 2369 est
1904 2345 1906 2348 >

470 2395 673 2439 universa
705 2403 920 2439 creatura.
958 2397 1016 2438 Et
1044 2403 1274 2454 propterea
1306 2410 1408 2439 cum
1437 2396 1527 2455 ejus
1554 2395 1869 2439 sublimitatem

472 2464 835 2525 divinitatemque
857 2467 1081 2508 intuemur
1095 2499 1107 2519 ‚
1132 2464 1310 2524 quando
1329 2465 1529 2510 audimus
1551 2485 1561 2511 :
1586 2485 1607 2508 «
1629 2469 1682 2510 In
1703 2465 1867 2525 princi·
1903 2468 1906 2476 '

474 2553 494 2578 »
528 2535 602 2595 pio
635 2544 727 2579 erat
763 2535 959 2578 Verbum
975 2570 986 2591 ,
1019 2545 1063 2579 et
1102 2533 1298 2579 Verbum
1330 2546 1422 2581 erat
1457 2536 1576 2596 apud
1609 2540 1775 2591 Deum,
1825 2544 1869 2580 et
1904 2592 1906 2594 v

522 2638 530 2654 ¹
553 2633 662 2663 Sermo
681 2632 740 2663 iste
754 2632 792 2663 ad
810 2631 934 2674 plebem
952 2657 960 2672 ‚
980 2631 1012 2663 in
1032 2631 1202 2675 pervaigilio
1220 2631 1430 2665 solemnitatis
1447 2659 1454 2674 ,
1475 2632 1563 2665 forte
1588 2634 1618 2665 S.
1640 2632 1785 2674 Cypriani
1802 2657 1810 2672 ‚
1833 2633 1867 2663 et
1908 2621 1911 2655 ¹,

474 2688 559 2724 apud
577 2687 799 2728 Carthaginem
816 2687 941 2719 habitus
961 2693 1021 2719 est.
