1926 3339
435 293 490 331 22
852 299 886 329 s.
922 298 1153 328 Aucus‘nm
1184 297 1366 325 Emscom

437 386 457 409 »
482 366 590 411 mari
606 366 675 410 via
692 374 755 410 est
771 374 868 421 tua,
888 383 908 406 »
928 363 974 408 id
995 372 1074 418 est,
1094 362 1141 406 in
1158 360 1370 405 Gentibus
1387 358 1649 420 praedicatur
1664 358 1811 404 Chris-

433 447 502 484 tus
524 446 639 481 tuus.
666 439 718 480 In
740 435 822 480 alio
844 436 1002 495 quippe
1026 432 1195 477 Psalmo
1216 432 1275 475 ita
1294 430 1453 475 dicitur
1472 449 1482 475 :
1507 449 1527 473 «
1546 433 1661 475 Deus
1681 429 1810 474 mise-

435 527 455 550 »
491 517 633 551 reatur
653 506 807 561 nostri,
827 515 870 549 et
892 503 1120 548 benedicat
1137 517 1214 546 nos
1226 536 1237 556 ,
1257 501 1476 545 illuminet
1491 499 1663 545 vultum
1680 515 1810 544 suum

433 597 455 621 »
489 594 618 638 super
638 593 737 632 nos,
761 586 811 620 ut
832 573 1197 635 cognoscamusin
1226 582 1340 617 terra
1361 573 1474 617 viam
1496 581 1632 616 tuam.
1661 571 1744 616 Ubi
1765 571 1810 615 in

433 667 454 691 n
490 649 626 692 terra?
645 650 695 690 In
717 646 918 690 omnibus
932 644 1134 703 gentibus
1157 641 1343 687 salutare
1365 643 1517 686 tuum¹
1548 660 1557 686 ε
1583 659 1603 682 »
1623 641 1708 685 hoc
1722 649 1809 695 est,

434 738 454 761 «
510 721 561 761 In
588 716 692 762 mari
717 724 778 758 est
801 716 867 758 via
885 724 974 758 tua.
999 716 1055 757 Et
1076 712 1238 757 semitae
1266 721 1354 755 tuae
1376 712 1421 755 in
1442 711 1562 771 aquis
1584 709 1731 754 multis
1754 730 1762 754 :
1787 729 1807 752 »

429 789 512 833 hoc
545 794 634 839 est,
658 785 705 828 in
718 783 889 844 populis
911 782 1074 827 multis.
1106 803 1125 825 α
1160 786 1216 827 Εῖ
1233 782 1410 841 vestigia
1432 790 1507 826 tua
1529 797 1620 825 non
1634 795 1812 839 cognos-

430 877 452 900 »
487 866 654 902 centur.
680 874 700 895 »
726 856 876 900 Nescio
911 870 1018 914 quos
1054 854 1218 913 tetigit,
1248 863 1292 897 et
1323 853 1481 896 mirum
1510 852 1592 896 nisi
1624 861 1668 895 et
1699 852 1811 911 ipsos

430 931 454 972 J
459 926 619 972 udaeos.
644 928 758 970 Ecce
773 927 863 986 jam
884 925 942 970 sic
966 924 1190 984 propalata
1208 933 1271 968 cst
1291 923 1503 968 Gentibus
1522 920 1812 966 misericordia

430 997 609 1051 Christi,
630 1006 680 1040 ut
701 1015 720 1038 «
744 999 795 1041 In
823 996 930 1039 mari
952 995 1005 1039 sit
1026 995 1094 1039 via
1124 1004 1220 1050 tua,
1255 1004 1298 1038 et
1325 994 1487 1038 semitae
1510 1001 1596 1037 tuae
1620 992 1665 1036 in
1689 992 1811 1052 aquis

431 1087 451 1110 >a
487 1066 656 1122 multis,
695 1076 737 1110 et
769 1066 944 1124 vestigia
969 1075 1042 1110 tua
1071 1080 1160 1109 non
1196 1072 1528 1123 cognoscentur.
1559 1079 1578 1102 »
1607 1060 1753 1117 Unde,
1787 1077 1812 1106 a

429 1137 588 1198 quibus
610 1152 698 1180 non
721 1145 1060 1195 cognoscentur,
1085 1135 1164 1178 nisi
1188 1134 1241 1178 ab
1272 1133 1337 1177 his
1361 1133 1435 1193 qui
1458 1131 1601 1176 adhuc
1632 1131 1808 1176 dicunt:

428 1205 633 1253 Nondum
667 1206 786 1250 venit
820 1206 1042 1250 Christus?
1074 1207 1218 1258 Quare
1250 1203 1403 1248 dicunt
1430 1202 1670 1248 :Nondum
1692 1201 1814 1247 venit

430 1277 645 1323 Christus?
655 1278 763 1329 Quia
773 1275 969 1318 nondum
981 1284 1220 1332 agnoscunt
1229 1290 1358 1333 super
1367 1289 1484 1317 mare
1497 1271 1808 1317 ambulantem.

486 1348 631 1390 XXII.
661 1364 681 1386 «
713 1345 937 1389 Deduxisti
971 1345 1082 1388 sicut
1108 1359 1208 1389 oves
1240 1343 1415 1403 plebem
1453 1352 1569 1388 tuam
1602 1343 1649 1386 in
1679 1357 1814 1386 manu

430 1435 450 1458 »
485 1414 626 1473 Moysi
645 1423 688 1458 et
709 1417 854 1458 Aaron
869 1416 901 1458 ².
930 1432 950 1457 »
972 1415 1115 1468 Quare
1137 1414 1222 1459 hoc
1237 1412 1473 1468 addiderit,
1504 1412 1711 1472 indagare
1732 1411 1814 1459 ali-

428 1494 642 1548 quantum
660 1483 836 1529 difficile
848 1493 926 1529 est.
945 1483 1161 1545 Adjuvate
1175 1500 1278 1544 ergo
1295 1499 1373 1529 nos
1390 1484 1632 1529 intentione
1643 1491 1811 1531 vestra:

428 1557 528 1617 quia
542 1564 641 1616 post
655 1554 767 1615 ipsos
783 1556 890 1599 duos
909 1570 1058 1600 versus
1073 1555 1168 1599 finis
1183 1556 1264 1600 erit
1280 1564 1323 1599 et
1340 1553 1500 1599 Psalmi
1520 1562 1563 1599 et
1579 1553 1812 1614 sermonis,

428 1643 484 1672 ne
505 1627 617 1671 forte
640 1641 741 1672 cum
776 1625 941 1687 aliquid
971 1636 1130 1672 restare
1153 1625 1446 1682 arbitramini,
1478 1626 1634 1671 timore
1653 1624 1814 1671 laboris

426 1698 570 1742 minus
593 1698 647 1741 ad
668 1712 852 1757 praesens
876 1696 1121 1742 attendatis.
1147 1698 1261 1742 Cum
1283 1696 1481 1742 dixisset:
1500 1715 1521 1739 «
1546 1699 1600 1740 In
1619 1695 1728 1740 mari
1749 1703 1816 1740 est

431 1787 451 1810 η
484 1768 553 1813 via
575 1777 650 1811 tua
665 1803 675 1822 ,
701 1785 721 1808 »
756 1766 876 1828 quod
897 1767 1176 1826 intelligimus
1193 1767 1239 1810 in
1263 1766 1486 1826 gentibus3
1522 1785 1543 1808 «
1565 1768 1625 1811 Et
1649 1765 1815 1812 semitae

431 1858 451 1880 »
488 1848 573 1883 tuae
606 1840 650 1883 in
681 1839 802 1899 aquis
831 1838 1006 1894 multis,
1039 1858 1058 1880 n
1092 1838 1213 1900 quod
1248 1837 1534 1897 intelligimus
1564 1837 1611 1881 in
1643 1836 1815 1897 populis

427 1908 575 1954 multis
601 1928 610 1954 z
637 1908 858 1968 adjunxit,
893 1928 913 1951 «
937 1912 994 1953 Et
1015 1910 1194 1968 vestigia
1224 1919 1300 1954 tua
1329 1925 1419 1953 non
1442 1917 1747 1968 agnoscentur.
1789 1926 1810 1950 »

425 1982 483 2024 Et
504 1980 805 2040 quaerebamus
828 1996 851 2024 a
873 1981 1032 2040 quibus
1054 1996 1144 2026 non
1169 1989 1528 2040 agnoscerentur,
1557 1989 1602 2025 et
1629 1979 1817 2041 subjecit

427 2051 635 2097 continuo
660 2069 669 2095 :
695 2071 715 2094 «
754 2051 978 2095 Deduxisti
1012 2052 1125 2096 sicut
1146 2067 1246 2096 oves
1268 2050 1444 2111 plebem
1466 2060 1586 2096 tuam
1613 2051 1660 2095 in
1680 2066 1816 2096 manu

428 2139 451 2164 >›
485 2121 626 2179 Moysi
642 2130 685 2166 et
698 2125 844 2167 Aaron
861 2141 870 2166 2
893 2140 914 2164 »
931 2122 978 2166 id
992 2131 1071 2178 est,
1093 2122 1147 2167 ab
1165 2122 1242 2167 ista
1257 2122 1386 2183 plebe
1400 2132 1491 2178 tua,
1512 2138 1612 2183 quae
1626 2122 1816 2167 deducta

427 2201 492 2237 est
523 2192 568 2235 in
590 2207 726 2236 manu
751 2191 892 2249 Moysi
924 2201 967 2237 et
988 2196 1156 2250 Aaron,
1190 2193 1370 2252 vestigia
1403 2202 1478 2237 tua
1508 2209 1599 2238 non
1628 2208 1815 2252 cognos-

427 2270 596 2306 centur.
620 2264 762 2314 Quare
782 2277 882 2321 ergo
904 2263 1092 2322 positum
1113 2272 1201 2319 est,
1223 2263 1304 2308 nisi
1324 2263 1579 2323 increpandi
1601 2273 1644 2307 et
1664 2278 1816 2324 expro-

427 2331 583 2377 brandi
602 2348 724 2376 causa
739 2369 750 2388 ,
782 2352 798 2373 «
825 2337 876 2378 In
898 2335 1006 2378 mari
1028 2344 1091 2379 est
1110 2336 1179 2379 via
1196 2337 1298 2379 tua?
1319 2353 1338 2376 n
1358 2334 1482 2379 Unde
1501 2354 1520 2377 «
1544 2338 1595 2378 In
1617 2335 1724 2379 mari
1743 2343 1807 2380 est

429 2421 449 2445 »
485 2403 551 2446 via
574 2411 669 2458 tua,
703 2421 722 2443 η
748 2404 828 2447 nisi
846 2404 946 2464 quia
969 2404 1139 2449 exclusa
1158 2415 1222 2449 est
1244 2422 1266 2449 a
1288 2415 1401 2449 terra
1420 2407 1520 2450 tua?
1539 2404 1817 2465 Expulerunt

427 2473 646 2517 Christum
659 2508 674 2528 ‚
695 2472 931 2518 noluerunt
945 2490 1035 2519 esse
1053 2491 1182 2519 suum
1202 2476 1468 2521 Salvatorem
1482 2477 1585 2536 aegri
1614 2496 1622 2521 z
1650 2475 1723 2520 ille
1742 2491 1817 2520 au-

425 2550 514 2586 tem
543 2543 676 2602 coepit
701 2559 789 2588 esse
811 2544 857 2588 in
879 2545 1102 2604 gentibus,
1140 2555 1183 2590 et
1214 2546 1261 2592 in
1291 2547 1494 2591 omnibus
1518 2546 1743 2606 gentibus,
1767 2545 1813 2590 in

476 2633 484 2648 ¹
502 2626 583 2659 Psal.
600 2637 684 2668 wa,
704 2637 737 2669 2,
765 2629 794 2661 3.
816 2636 891 2672 —j
907 2629 954 2662 Id.
973 2639 1083 2671 uxvz,
1101 2638 1156 2662 21.
