1926 3339
0 2360 2 2419 t

432 295 672 327 ENAnnAno
703 300 748 327 nv
781 298 984 329 PsALMUM
1016 304 1129 332 xcvi.
1355 296 1438 337 465

60 361 255 408 Christus
272 370 320 406 ut
341 362 495 407 vestias
516 377 773 423 pauperem,
797 373 840 408 et
854 381 943 410 non
962 364 1064 410 facis
1086 386 1094 411 :
1116 368 1242 426 jubet
1263 373 1439 419 avaritia

60 441 111 477 ut
131 433 262 478 facias
283 432 506 488 fraudem,
527 443 570 478 et
586 435 669 478 hoc
692 435 834 494 potius
857 434 974 481 facis.
1003 437 1045 482 Si
1068 438 1162 483 haec
1185 439 1243 483 ita
1260 452 1384 496 sunt,
1406 445 1439 488 si

59 502 155 548 talis
170 519 229 559 es,
245 503 335 548 noli
358 503 437 547 tibi
458 503 648 548 multum
667 505 918 565 promittere
940 508 1238 554 haereditatem
1260 512 1434 557 Christi.

61 572 146 619 Sed
165 573 270 619 dicis
297 593 305 618 :
325 573 466 633 Diligo
483 575 749 620 Christum«
764 577 848 630 Qui
870 577 1044 636 diligitis
1066 581 1442 637 Dominum,odite

61 663 82 686 »
116 644 373 704 malignum.
393 663 413 686 »
440 645 552 690 Hinc
570 656 748 706 apparet
772 656 813 691 te
835 647 1013 707 diligere
1031 649 1151 710 quod
1173 651 1339 697 bonum
1360 664 1439 710 cst,

59 716 93 759 si
120 715 323 760 inventus
352 713 484 759 fueris
513 716 651 761 odisse
671 717 791 778 quod
811 717 977 763 malum
999 729 1076 765 est.
1107 741 1127 764 «
1151 723 1231 775 Qui
1265 723 1441 783 diligitis

62 804 82 828 »
117 785 354 830 Dominum
370 820 381 841 ,
407 785 524 831 odite
545 786 801 846 malignum.
830 807 850 829 »

116 859 234 902 XVI.
274 857 359 903 Sed
391 874 493 903 cum
529 860 790 919 coeperimus
823 859 961 904 odisse
993 861 1232 920 malignum
1254 899 1265 917 ,
1290 865 1442 911 subse-

58 937 250 988 quentur
267 929 602 988 persecutiones.
614 929 795 975 Odimus
818 930 1058 991 malignum
1078 951 1087 976 ι
1105 932 1210 977 dicit
1224 935 1347 980 nobis
1365 936 1446 980 ali-

57 999 154 1059 quis
176 1009 447 1060 persecutor:
464 1003 550 1045 Fac
568 998 787 1059 fraudem3
803 1000 908 1045 dicit
928 1001 1053 1046 nobis
1067 1002 1232 1047 :Adora
1254 1004 1442 1065 idolum3

57 1069 164 1114 dicit
196 1070 323 1114 nobis
347 1089 355 1115 :
384 1071 501 1115 Thus
533 1086 648 1131 pone
680 1071 904 1117 daemoniis
926 1093 936 1129 3
973 1071 1049 1116 sed
1070 1089 1148 1117 nos
1165 1074 1408 1121 audivimus
1432 1098 1440 1123 :

63 1160 83 1183 «
118 1140 202 1194 Qui
231 1140 405 1199 diligitis
428 1142 659 1186 Dominum
678 1178 688 1198 ,
722 1143 838 1188 odite
858 1143 1112 1202 malignum.
1148 1163 1167 1185 »
1192 1145 1448 1192 Audivimus

59 1210 260 1272 quidem,
288 1211 362 1256 sed
383 1212 416 1256 si
445 1228 534 1257 non
556 1212 786 1258 fecerimus
802 1250 812 1269 ‚
846 1215 966 1259 saevit
991 1213 1078 1258 ille.
1109 1217 1342 1277 Usquequo
1364 1233 1447 1262 sae-

57 1282 152 1326 vit?
174 1281 286 1335 Quid
302 1291 366 1327 est
387 1283 642 1328 ablaturus?
660 1284 907 1344 Responde,
934 1300 1068 1345 quare
1085 1286 1353 1332 Christianus
1377 1304 1420 1334 es
1433 1292 1450 1332 ¹?

58 1363 238 1414 propter
259 1363 467 1399 aeternam
490 1355 809 1412 haereditatem,
835 1373 890 1401 an
913 1367 1090 1416 propter
1112 1367 1329 1403 terrenam
1351 1358 1449 1404 feli-

59 1425 234 1470 citatem
252 1427 269 1467 ?
293 1428 518 1485 Interroga
535 1426 667 1471 fidem
687 1436 807 1472 tuam
824 1463 835 1483 ‚
855 1444 970 1487 pone
988 1429 1033 1472 in
1054 1438 1212 1473 catasta
1232 1433 1326 1488 (10)
1345 1447 1450 1476 con-

58 1496 250 1541 scientiae
279 1497 466 1541 animam
493 1506 613 1541 tuam
635 1533 646 1553 ,
681 1508 833 1559 torque
858 1508 899 1543 te
921 1499 1062 1558 ipsum
1094 1500 1247 1544 timore
1264 1500 1418 1561 judicii
1436 1538 1446 1557 ‚

59 1567 273 1628 responde
295 1568 365 1612 cui
395 1568 651 1623 credideris,
675 1586 809 1629 quare
833 1569 1079 1614 credideris.
1101 1571 1212 1615 Dicis
1232 1572 1335 1616 mihi
1364 1591 1371 1616 :
1400 1577 1450 1617 In

60 1639 282 1684 Christum
305 1638 484 1683 credidi.
511 1639 626 1692 Quid
647 1640 725 1684 tibi
746 1640 942 1700 promisit
971 1640 1195 1695 Christus,
1228 1642 1307 1685 nisi
1331 1643 1452 1701 quod

62 1709 253 1754 ostendit
270 1710 315 1753 in
337 1712 410 1754 se?
433 1711 549 1763 Quid
567 1710 756 1755 ostendit
774 1712 817 1755 in
836 1714 904 1755 sc?
927 1715 1127 1756 Mortuus
1149 1722 1226 1767 est,
1252 1723 1296 1757 et
1314 1729 1452 1757 resur-

62 1779 173 1823 rexit
189 1814 200 1834 ,
226 1779 421 1824 ascendit
442 1781 486 1824 in
515 1780 693 1824 coelum.
722 1781 795 1824 Vis
818 1783 969 1841 sequi?
993 1782 1165 1826 Imitare
1182 1784 1447 1841 passionem,

62 1858 241 1910 expecta
267 1849 610 1909 promissionem.
649 1851 766 1905 Quid
798 1868 900 1911 ergo
924 1852 1004 1896 tibi
1032 1852 1256 1897 ablaturus
1285 1863 1348 1898 est
1371 1870 1448 1898 sac-

62 1922 206 1976 viens‚
233 1937 332 1966 cum
356 1922 540 1981 coeperis
562 1921 703 1966 odisse
732 1922 995 1981 malignum,
1017 1923 1118 1983 quia
1136 1923 1279 1982 diligis
1303 1925 1451 1969 Domi-

62 1995 199 2038 num?
217 1993 326 2054 quid
350 1991 603 2036 ablaturus?
634 1992 948 2037 Patrimonium
976 2012 984 2037 2
1010 1994 1226 2054 numquid
1256 1994 1451 2040 coelum?

62 2068 286 2110 Postremo
309 2064 624 2126 quidquidtibi
647 2063 767 2108 dedit
790 2068 903 2109 Deus
918 2100 928 2120 ,
954 2064 1079 2109 tollat
1102 2065 1176 2109 ille
1203 2085 1211 2110 :
1234 2069 1350 2121 (Non
1366 2066 1451 2111 tol-

62 2134 113 2179 lit
135 2135 313 2195 quidem
330 2170 341 2191 ,
366 2135 400 2179 si
422 2150 510 2179 non
533 2133 629 2179 vult
646 2138 783 2192 Deus3
803 2135 837 2179 si
860 2144 1006 2179 autem
1039 2135 1135 2179 vult
1161 2139 1273 2179 Deus
1289 2170 1299 2190 ‚
1335 2135 1449 2180 tollit

63 2204 184 2266 quod
201 2205 323 2249 dedit
345 2211 476 2260 Deus,
497 2220 608 2249 nese
631 2205 710 2249 tibi
732 2204 898 2249 auferat
918 2206 1008 2265 ipse
1026 2208 1187 2263 Deus.)
1207 2209 1346 2250 Deum
1370 2207 1448 2250 tihi
1516 2232 1522 2236 ·

62 2292 193 2322 nemo
211 2275 336 2321 tollet
356 2311 366 2331 ,
393 2285 443 2320 tu
459 2265 543 2320 't‘ibi
560 2275 685 2320 illum
708 2275 843 2331 tollis,
870 2277 903 2320 si
924 2276 1049 2320 illum
1071 2275 1199 2336 fugis.

121 2349 262 2392 XVII.
289 2350 420 2392 Forte
438 2347 671 2407 respondes
695 2366 702 2392 :
728 2349 826 2392 Non
848 2362 953 2392 curo
970 2346 1025 2391 de
1043 2347 1302 2407 patrimonio
1325 2363 1445 2407 me03

0 2433 1 2437 ¹
68 2437 90 2462 «
123 2420 333 2464 Dominus
362 2418 509 2473 dedit⁷
539 2419 749 2463 Dominus
787 2418 992 2475 abstulit3
1020 2436 1039 2460 »
1066 2435 1239 2479 possum
1269 2420 1410 2465 dicere
1437 2440 1446 2465 :

70 2509 91 2533 «
127 2492 246 2536 Sicut
267 2490 454 2535 Domino
476 2489 668 2550 placuit,
693 2490 752 2534 ita
776 2489 941 2534 sactum
961 2499 1025 2534 est
1042 2492 1051 2514 ¹
1070 2510 1078 2534 :
1102 2509 1120 2531 »
1147 2489 1222 2534 sed
1243 2491 1371 2535 timeo
1392 2507 1448 2534 ne

65 2560 236 2606 occidat
256 2563 446 2606 me.Hoc
464 2569 527 2605 est
551 2568 706 2605 totum.
722 2560 839 2605 Audi
861 2576 963 2620 ergo
986 2560 1205 2605 Psalmum
1227 2559 1448 2606 consolan—
1479 2601 1485 2607 .

113 2651 125 2670 ¹
143 2646 216 2680 Job.
235 2658 261 2690 1,
280 2654 334 2680 21.

255 2710 396 2743 cxvn.
1216 2701 1267 2741 30
