1926 3339
0 427 2 462 Ι

0 466 2 494 l

407 247 648 277 ENAnnAno
681 249 725 277 m
759 250 961 278 PsALML‘M
995 253 1104 278 acu.
1355 242 1432 282 461

53 318 160 360 Nam
188 322 233 358 et
260 314 346 358 Job
369 323 535 358 tentare
555 314 694 359 voluit
713 349 723 369 ,
745 323 788 358 et
807 315 979 359 nonnisi
998 325 1252 375 potestatem
1277 321 1437 378 quaesi-

53 386 169 443 vit13
195 394 238 429 et
262 384 373 429 nihil
395 386 585 440 faceret,
616 385 697 429 nisi
726 395 983 444 potestatem
1013 387 1258 447 accepisset.
1297 393 1439 442 Quare

53 471 143 500 non
164 471 267 514 ergo
289 470 465 499 securus
487 458 626 499 Deum
656 455 807 500 adoras
823 491 834 511 ,
859 472 948 516 quo
983 457 1159 502 nolente
1194 473 1323 503 nemo
1360 461 1440 503 tibi

0 541 2 570 ῑ
52 534 208 582 nocet,
233 535 277 570 et
298 541 387 585 quo
417 526 695 585 permittente
720 528 961 572 emendaris
981 563 992 583 ‚
1027 544 1115 573 non
1137 531 1375 583 everteris?
1400 531 1442 576 Si

53 597 169 641 enim
204 595 417 656 placuerit
454 597 640 640 Domino
678 601 768 642 Deo
799 607 876 643 tuo
903 599 1175 658 permittere,
1202 609 1251 644 ut
1287 600 1442 661 aliquis

51 668 184 712 homo
207 666 288 710 tibi
312 675 491 722 noceat,
518 676 592 711 aut
619 667 774 728 aliquis
797 669 970 728 spiritus
988 669 1067 713 tibi
1087 679 1268 728 noceat3
1295 686 1442 714 emen-

51 737 172 782 dabit
194 747 235 781 te
250 772 261 792 ,
287 746 337 781 ut
369 737 527 782 clames
545 737 600 782 ad
622 754 722 782 eum
745 758 755 785 2
785 758 805 781 «
827 740 1076 785 Emendans
1101 742 1350 785 emendavit
1372 756 1441 785 me

54 827 74 851 »
109 808 346 863 Dominus,
369 807 444 852 sed
466 808 593 852 morti
618 825 707 853 non
726 808 906 854 tradidit
929 814 1041 854 me‘2.
1073 831 1090 852 »
1116 813 1230 869 Ergo
1248 847 1258 866 ,
1279 831 1298 853 «
1325 814 1442 856 Con-

51 898 72 922 »
107 877 352 923 fundantur
369 893 545 934 omnes,
572 879 647 939 qui
670 880 853 925 adorant
874 880 1088 940 sculptilia
1111 916 1120 936 ‚
1147 883 1220 941 qui
1250 882 1440 939 glorian-

53 967 73 991 »
108 958 180 993 tur
196 951 242 993 in
259 948 496 994 simulacris
518 950 619 994 suis.
635 949 827 995 Adorate
845 967 946 995 eum
968 966 1116 995 omnes
1129 952 1283 1010 Angeli
1302 954 1438 1012 ejus.»

49 1020 223 1066 Discant
245 1020 406 1079 Pagani
439 1019 618 1065 adorare
653 1025 810 1066 Deum.
837 1021 1025 1080 Angelos
1050 1021 1205 1066 volunt
1229 1022 1407 1066 adorare
1430 1041 1438 1067 ε

48 1091 236 1150 Angelos
263 1091 512 1148 imitentur,
533 1101 578 1136 et
598 1091 723 1136 illum
758 1092 941 1137 adorent
962 1093 1038 1152 qui
1058 1092 1113 1136 ab
1142 1092 1319 1151 Angelis
1338 1093 1443 1137 ado-

47 1172 183 1207 ratur.
214 1182 234 1205 «
255 1163 446 1208 Adorate
470 1179 571 1207 eum
594 1179 744 1208 omnes
767 1163 922 1222 Angeli
944 1165 1051 1224 ejus.
1073 1182 1092 1205 η
1116 1165 1281 1208 Adoret
1300 1168 1443 1222 Ange-

47 1232 114 1278 lus
135 1234 208 1278 ille
230 1235 307 1295 qui
332 1235 485 1279 missus
508 1245 572 1279 est
594 1234 650 1279 ad
667 1235 918 1280 Cornelium
937 1256 947 1293 3
981 1251 1082 1279 nam
1102 1251 1202 1279 eum
1224 1234 1407 1279 adorans
1427 1270 1438 1290 ‚

47 1305 300 1350 Cornelium
324 1307 441 1350 misit
457 1305 513 1350 ad
530 1309 734 1350 Petrum3
755 1326 764 1351 :
786 1306 937 1351 adoret
959 1306 1182 1351 Christum
1208 1307 1442 1350 Dominum

47 1376 189 1431 Petri,
214 1386 258 1421 et
273 1377 365 1436 ipse
382 1392 614 1422 conservus
633 1377 766 1422 Petri.
799 1396 819 1420 «
844 1376 1036 1422 Adorate
1057 1392 1157 1421 eum
1181 1392 1329 1422 omnes
1348 1381 1442 1421 An·-

51 1466 69 1488 »
106 1447 192 1505 geli
214 1449 321 1508 ejus.
350 1467 370 1490 »

103 1519 229 1561 XIII.
257 1537 277 1560 «
302 1517 498 1574 Audivit‚
524 1527 567 1563 et
583 1518 827 1575 jucundata
845 1529 908 1564 est
930 1519 1032 1563 Sion
1047 1520 1078 1562 4.
1101 1538 1120 1561 »
1143 1519 1259 1572 Quid
1277 1517 1443 1563 audivit

49 1587 182 1633 Sion?
209 1589 292 1642 Qui
314 1588 499 1634 adorant
520 1605 621 1633 eum
644 1605 794 1633 omnes
816 1589 973 1647 Angeli
1005 1591 1111 1649 ejus.
1139 1589 1256 1643 Quid
1279 1588 1445 1633 audivit

48 1658 301 1704 Sion?Ecce
324 1659 433 1720 quid
456 1660 647 1704 audivit:
670 1679 689 1701 «
704 1660 1092 1704 Annuntiaverunt
1114 1659 1216 1704 coeli
1230 1660 1444 1719 justitiam

48 1747 70 1771 »
105 1730 196 1790 ejus
212 1765 223 1785 ‚
249 1739 292 1774 et
324 1729 529 1774 viderunt
550 1745 700 1774 omnes
724 1729 876 1789 populi
907 1730 1090 1788 gloriam
1110 1731 1200 1790 ejus
1222 1750 1229 1774 :
1253 1728 1444 1774 confun-

48 1819 69 1843 »
105 1802 267 1846 dantur
287 1817 438 1846 omnes
459 1802 535 1861 qui
559 1801 743 1845 adorant
765 1800 983 1860 sculptilia
1002 1836 1012 1851 ‚
1037 1801 1111 1860 qui
1136 1800 1377 1858 gloriantur
1399 1800 1445 1843 in

49 1889 70 1913 »
105 1873 345 1919 simulacris
365 1873 468 1917 suis.
491 1891 511 1914 »
534 1873 709 1916 Etenim
727 1872 919 1917 Ecclesia
939 1871 1129 1916 necdum
1149 1881 1240 1915 erat
1261 1871 1306 1914 in
1325 1873 1444 1914 Gen-

46 1942 165 1987 tibus
189 1962 200 1990 :
224 1943 271 1987 in
292 1943 447 1987 Judaea
470 1942 745 1987 crediderant
767 1958 819 1986 ex
849 1941 1012 1986 Judaeis
1031 1977 1041 1997 =
1068 1951 1110 1985 et
1128 1941 1344 2001 putabant
1366 1940 1445 2000 ipsi

46 2013 204 2069 Judaei‚
226 2014 303 2074 qui
332 2012 624 2068 crediderant,
658 2012 771 2057 solos
802 2028 845 2056 se
868 2012 1084 2072 pertinere
1109 2011 1164 2055 ad
1187 2012 1408 2056 Christum
1434 2029 1444 2054 2

46 2085 163 2129 missi
185 2095 287 2130 sunt
304 2085 502 2145 Apostoli
532 2086 586 2129 ad
609 2087 769 2129 Gentes
786 2120 796 2138 ‚
816 2084 1103 2144 praedicatum
1127 2092 1190 2126 est
1207 2081 1411 2127 Cornelio
1433 2099 1442 2124 z

45 2155 230 2200 credidit
259 2156 514 2211 Cornelius,
554 2155 798 2215 baptizatus
829 2164 918 2210 est,
954 2153 1160 2213 baptizati
1192 2162 1294 2196 sunt
1317 2161 1360 2195 et
1383 2149 1446 2193 illi

46 2227 123 2287 qui
145 2242 247 2270 cum
272 2226 476 2271 Cornelio
500 2235 637 2270 erant.
668 2225 751 2270 Sed
776 2234 826 2270 ut
844 2225 1171 2284 baptizarentur
1187 2258 1197 2278 ‚
1224 2221 1333 2283 quid
1355 2221 1446 2265 fac-

47 2306 141 2341 tum
164 2307 249 2352 est,
282 2297 394 2341 scitis
423 2316 432 2341 :
464 2313 555 2341 non
587 2296 766 2358 quidem
788 2297 876 2340 huc
899 2311 1038 2355 usque
1063 2293 1261 2354 pervenit
1282 2292 1442 2346 lector,

48 2367 124 2412 sed
149 2376 292 2411 tamen
316 2367 450 2427 aliqui
473 2367 759 2411 recordantur
780 2387 790 2424 3
827 2375 870 2410 et
901 2366 977 2425 qui
1011 2381 1100 2409 non
1131 2362 1416 2407 recordantur
1432 2396 1443 2416 ‚

49 2437 231 2482 audiant
253 2454 276 2482 a
296 2453 364 2481 me
386 2439 589 2482 breviter.
613 2439 768 2482 Missus
791 2446 854 2480 est
872 2435 1063 2493 Angelus
1086 2434 1141 2478 ad
1163 2432 1412 2478 Cornelium
1433 2467 1443 2486 ‚

50 2507 241 2566 Angelus
259 2507 514 2552 Cornelium
534 2508 650 2551 misit
665 2507 720 2551 ad
739 2511 932 2561 Petrum,
945 2509 1098 2550 Petrus
1122 2504 1242 2549 venit
1260 2502 1315 2547 ad
1337 2504 1446 2546 Cor-

99 2599 107 2616 ¹
129 2593 204 2626 Job.
223 2605 248 2636 ι,
272 2605 323 2625 11.
349 2611 388 2616 --
413 2600 425 2616 ²
443 2594 524 2626 Psal.
545 2604 638 2635 cxvii,
665 2593 713 2625 18.
735 2610 775 2615 -—-
797 2591 810 2615 3
828 2595 891 2624 Act
924 2602 956 2634 x,
977 2592 1007 2623 3.
1029 2608 1069 2613 —
1090 2589 1106 2620 4
1125 2589 1204 2621 Psal,
1224 2600 1310 2630 xcw,
1331 2591 1361 2620 8.
