1926 3339
406 279 650 310 ENARRATro
682 282 727 308 m
759 279 963 308 PsALMUM
998 280 1140 308 Lxxvr.
1441 273 1466 309 7

79 349 211 394 modo
244 362 333 393 non
371 349 426 393 sit
463 346 688 392 tribulatio
708 381 719 401 ,
756 361 856 406 quae
888 346 1005 391 dieta
1036 355 1100 390 cst
1130 354 1221 391 tota
1255 348 1468 392 tentatio?

82 420 225 465 Habes
247 420 455 478 scriptum
478 419 522 461 in
540 417 653 462 libro
676 417 782 461 Job:
812 435 829 456 «
851 416 1074 476 Numquid
1097 431 1185 461 non
1201 418 1383 462 tentatio
1405 427 1468 462 est

81 508 102 532 υ
135 490 225 534 vita
247 490 436 533 humana
457 503 586 547 super
607 488 817 531 terr31111?
836 486 1094 546 »Numquid
1110 485 1240 531 dixit:
1259 489 1468 532 Tentatur

76 561 165 606 vita
183 561 375 604 humana
397 575 528 619 super
553 559 744 603 terram?
782 577 801 599 «
829 560 925 616 Ipsa
956 557 1045 602 vita
1067 558 1250 602 tentatio
1270 567 1347 602 est.
1380 579 1397 600 »
1426 559 1468 604 Si

76 646 180 690 ergo
194 630 380 674 tentatio
392 665 402 685 ‚
418 630 572 690 utique
590 627 830 673 tribulatio.
853 631 905 672 In
921 628 1002 672 hac
1015 628 1147 688 igitur
1162 628 1442 674 tribulatione
1453 665 1465 686 ,

75 702 159 746 hoc
193 709 277 756 est,
312 701 357 744 in
388 701 469 745 hac
505 700 614 756 vita,
658 703 795 744 Deum
832 699 1060 759 exquisivit
1093 700 1172 744 iste
1204 700 1468 745 transiliens.

76 770 335 825 Quomodo?
357 789 374 810 «
397 771 624 825 Manibus,
648 770 818 830 inquit,
840 770 961 814 meis.
990 787 1010 811 »
1038 770 1155 824 Quid
1172 780 1258 826 est,
1288 790 1305 812 «
1332 772 1468 816 Mani-

78 861 97 885 »
132 842 215 887 bus
237 843 369 887 meis?
390 861 410 884 »
440 842 655 902 Operibus
677 841 798 885 meis.
832 844 931 887 Non
963 841 1080 886 enim
1110 841 1277 903 aliquid
1309 858 1468 902 corpo-

73 927 196 957 reum
208 913 449 973 quaerebat,
461 920 511 956 ut
525 911 838 956 contrectando
849 912 1063 957 inveniret
1072 911 1193 973 quod
1202 911 1466 972 perdiderat,

73 991 122 1027 ut
144 982 347 1026 manibus
365 991 581 1042 quaereret
608 997 838 1027 nummum
852 1018 862 1037 ,
884 997 1062 1038 aurum,
1097 992 1324 1042 argentum
1339 1018 1350 1039 ‚
1375 998 1471 1029 ves-

74 1062 184 1108 tem,
207 1052 426 1114 quidquid
445 1053 529 1097 tale
547 1062 612 1097 est
633 1052 754 1113 quod
774 1052 976 1097 manibus
998 1053 1137 1097 teneri
1154 1053 1303 1113 possit.
1329 1058 1470 1107 Quan-

73 1139 207 1185 quam
243 1133 287 1168 et
316 1124 408 1183 ipse
437 1124 651 1169 Dominus
679 1131 826 1168 noster
864 1125 986 1168 Jesus
1023 1124 1220 1169 Christus
1259 1123 1401 1169 voluit
1426 1139 1471 1169 se

73 1193 277 1238 manibus
311 1194 496 1254 inquiri,
531 1194 710 1254 quando
744 1192 966 1238 dubitanti
997 1194 1217 1252 Discipulo
1252 1195 1471 1239 cicatrices

73 1263 280 1309 ostendit.
305 1263 388 1309 Sed
416 1263 636 1325 numquid
657 1279 760 1308 cum
791 1264 865 1308 ille
891 1264 1170 1309 exclamasset
1200 1274 1381 1324 tangens
1404 1266 1470 1311 ci-

73 1336 251 1380 catrices
272 1334 507 1380 vulnerum
530 1336 621 1395 ejus
636 1370 647 1391 ,
673 1354 692 1376 «
719 1335 930 1380 Dominus
953 1351 1075 1380 meus
1087 1344 1130 1380 et
1144 1339 1258 1380 Deus
1274 1351 1397 1381 meus
1416 1355 1424 1382 :
1448 1357 1466 1379 »

73 1421 221 1451 nonne
254 1405 446 1461 audivit,
468 1425 486 1448 «
519 1406 631 1459 Quia
654 1405 828 1461 vidisti,
856 1405 1101 1465 credidisti,
1134 1407 1250 1451 beati
1276 1406 1353 1467 qui
1380 1423 1472 1452 non

78 1494 100 1518 »
119 1475 325 1520 viderunt
342 1485 386 1520 et
405 1475 726 1520 crediderunt2?
748 1494 768 1517 »
785 1476 829 1521 Si
843 1491 945 1535 ergo
956 1475 1028 1520 ille
1049 1477 1250 1521 manibus
1272 1493 1473 1537 quaerens

73 1546 299 1592 Christum
312 1582 322 1602 ,
342 1547 427 1591 hoc
448 1546 599 1591 audire
620 1547 779 1591 meruit
795 1582 805 1602 ,
826 1556 877 1591 ut
899 1547 1184 1607 opprobrium
1198 1547 1236 1591 ei
1259 1546 1393 1591 fuerit
1411 1548 1472 1592 ita

76 1617 280 1678 quaesisse
308 1636 317 1661 ε
336 1633 415 1661 nos
436 1617 513 1678 qui
531 1617 649 1661 beati
671 1616 776 1662 dicti
799 1633 972 1674 sumus,
997 1618 1074 1678 qui
1107 1634 1197 1662 non
1220 1618 1409 1663 vidimus
1427 1627 1472 1663 et

73 1687 289 1733 credimus
308 1723 318 1742 ,
339 1687 448 1748 quid
469 1703 596 1747 ergo,
618 1687 673 1732 ad
695 1704 774 1733 nos
801 1704 891 1733 non
912 1689 1103 1749 pertinet
1123 1689 1326 1734 manibus
1347 1705 1472 1750 quae-

74 1760 195 1803 rere?
229 1759 422 1802 Pertinet
436 1793 447 1812 ‚
485 1759 597 1803 sicut
633 1757 746 1814 dixi,
790 1760 996 1819 operibus
1033 1775 1243 1821 quaerere.
1282 1759 1470 1814 Quando

72 1830 185 1874 hoc?
201 1847 221 1871 «
250 1831 401 1874 Nocte.
430 1846 450 1870 »
472 1828 589 1882 Quid
611 1838 675 1873 est
691 1865 702 1885 ,
733 1848 753 1872 «
777 1832 944 1875 Nocte?
969 1850 986 1872 »
1013 1833 1065 1874 In
1085 1830 1169 1876 hoc
1189 1830 1472 1877 saeculo.Nox

74 1900 188 1944 enim
209 1908 274 1943 est
303 1908 538 1959 antequam
567 1900 776 1958 effulgeat
813 1900 904 1946 dies
934 1902 979 1945 in
1008 1902 1200 1946 adventu
1235 1901 1470 1947 clarificato

75 1970 248 2015 Domini
262 1969 398 2015 nostri
410 1972 434 2014 J
438 1985 513 2013 esu
525 1970 701 2015 Christi.
722 1973 831 2016 Nam
846 1970 978 2016 vultis
989 1971 1139 2017 videre
1157 1972 1260 2032 quia
1274 1988 1359 2017 nox
1374 1981 1438 2017 est
1451 1974 1470 2018 Ρ

73 2041 160 2088 Nisi
182 2040 407 2085 lucernam
424 2040 496 2085 hic
519 2041 801 2096 haberemus,
823 2042 868 2085 in
889 2042 1079 2086 tenebris
1096 2057 1465 2102 permaneremus.

75 2105 229 2156 Petrus
251 2112 367 2155 enim
391 2110 498 2156 dicit
524 2129 534 2156 ε
560 2130 581 2154 «
604 2114 662 2155 Et
686 2127 765 2156 nos
797 2111 1009 2156 habemus
1032 2113 1261 2157 certiorem
1283 2114 1470 2174 prophe-

80 2203 98 2225 »
133 2183 271 2227 ticum
299 2197 566 2238 sermonem,
596 2182 669 2227 cui
700 2183 813 2227 bene
842 2182 981 2228 facitis
1009 2183 1312 2240 intendentes,
1348 2183 1469 2229 velut

78 2272 98 2296 »
123 2253 316 2299 lucernas
337 2253 503 2299 lucenti
520 2254 565 2298 in
582 2254 768 2299 obscuro
788 2253 903 2310 loco,
927 2254 1069 2300 donec
1085 2255 1176 2299 dies
1197 2254 1408 2311 lucescat,
1425 2264 1468 2300 et

79 2342 101 2367 »
135 2324 292 2370 lucifer
315 2325 479 2369 oriatur
499 2325 545 2368 in
556 2325 763 2369 cordibus
776 2325 971 2370 vestrisss.
996 2344 1016 2368 »
1041 2327 1264 2371 Venturus
1282 2336 1346 2371 est
1362 2341 1465 2386 ergo

76 2395 166 2441 dies
188 2405 287 2456 post
302 2397 427 2441 istam
449 2405 646 2452 noctem,
671 2397 845 2441 interim
867 2397 913 2441 in
934 2398 1017 2442 hac
1038 2407 1166 2443 nocte
1178 2399 1356 2443 lucerna
1379 2414 1469 2444 non

78 2467 203 2512 desit.
235 2470 293 2512 Et
317 2468 401 2512 hoe
422 2477 487 2512 est
499 2466 678 2513 sortasse
711 2467 833 2528 quod
851 2484 969 2513 nune
991 2468 1174 2514 facimus
1191 2489 1200 2515 z
1215 2470 1292 2514 has
1304 2469 1467 2514 litteras

79 2538 361 2598 exponendo,
385 2538 609 2583 lucernam
625 2537 877 2596 inferimus,
901 2549 953 2585 ut
972 2540 1019 2584 in
1033 2540 1116 2585 hac
1132 2549 1262 2586 nocte
1284 2540 1471 2600 gaudea-

127 2628 136 2645 ¹
158 2621 230 2656 Job.
253 2633 312 2664 vu,
334 2633 364 2656 1.
384 2638 426 2647 —-
446 2629 459 2647 ²
480 2624 574 2657 Joan.
596 2633 653 2665 xx,
671 2631 792 2666 27-29.
811 2639 854 2647 —
873 2621 887 2647 3
907 2634 926 2656 2
946 2625 1035 2657 Petr.
1060 2634 1107 2666 xi,
1129 2634 1180 2666 ¹9·

366 2765 381 2783 ts
