1926 3339
366 285 608 315 nunna-rm
640 288 687 314 m
718 284 922 315 PsALMUM
954 288 1098 316 Lxxvt.
1397 283 1424 320 9

42 361 358 413 mus‚sumptus
376 367 618 411 erogemus,
640 361 690 396 ut
710 353 935 412 pervenire
962 354 1189 412 possimus.
1221 356 1424 401 Manibus

42 440 288 488 quaeramus
300 427 453 468 Deum.
467 423 558 467 Etsi
567 431 693 466 nocte
705 423 940 482 quaerimus
952 439 1083 483 quem
1096 425 1297 469 manibus
1309 442 1428 485 quae-

42 500 174 544 rimus
192 531 203 551 ‚
238 511 328 540 non
349 493 591 552 decipimur
608 527 619 547 ‚
654 493 755 552 quia
782 512 802 534 «
827 495 983 537 Coram
1011 493 1104 552 ipso
1125 511 1145 533 »
1171 495 1422 553 quaerimus.

42 569 160 624 Quid
191 576 278 622 est,
308 568 503 611 «Coram
526 564 644 623 ipso?
676 563 819 609 Nolite
842 564 982 608 facere
999 564 1211 624 justitiam
1240 575 1426 610 vestram

44 659 65 683 »
100 654 244 684 coram
278 635 552 689 hominibus,
588 643 638 678 ut
668 633 902 679 videamini
935 635 990 679 ab
1022 635 1107 693 cis3
1144 635 1307 696 alioqui
1337 652 1427 681 non

44 729 65 753 »
99 709 316 755 habebitis
347 706 593 751 mercedem
624 704 741 765 apud
770 709 940 749 Patrem
961 715 1167 750 vestrum.
1191 709 1303 751 Cum
1326 722 1427 765 ergo

43 800 65 824 ))
99 780 203 825 facis
240 779 558 836 eleemosynam
573 812 583 832 ‚
627 777 711 831 ait,
747 791 901 820 manus
931 776 1016 820 illae
1055 786 1157 821 sunt
1185 788 1429 837 quaerentes

44 870 65 894 »
100 854 263 905 Deum,
283 849 375 894 noli
400 848 644 892 tubicinare
664 856 764 891 ante
777 856 841 902 te,
858 847 969 891 sicut
981 848 1223 907 hypocritae
1238 847 1426 907 faciunt3

44 941 65 966 »
100 922 175 968 sed
192 922 246 966 sit
274 920 548 978 eleemosyna
583 929 658 964 tua
687 919 734 963 in
762 918 963 977 occulto3
992 928 1035 963 et
1066 923 1192 964 Pater
1223 929 1325 964 tuus
1353 921 1430 980 qui

44 1011 65 1035 »
98 992 218 1038 videt
246 992 293 1036 in
316 990 510 1046 occulto,
530 989 684 1034 reddet
696 989 818 1034 tibi1.
849 1007 869 1031 n
895 992 1038 1049 Ergo,
1068 1009 1085 1030 «
1104 990 1305 1036 Manibus
1326 991 1431 1035 meis

43 1081 64 1106 n
99 1072 227 1108 nocte
250 1077 394 1107 coram
417 1077 489 1117 eo,
514 1070 557 1105 et
579 1076 669 1106 non
691 1075 787 1105 sum
803 1060 1026 1120 deceptus.
1049 1079 1070 1102 »

99 1136 154 1179 V.
181 1136 352 1187 Quanta
374 1141 522 1176 tamen
546 1132 626 1176 iste
654 1130 836 1175 Idithun
858 1130 1086 1190 pertulerit
1108 1131 1155 1175 in
1182 1131 1265 1176 hac
1287 1140 1400 1176 terra
1416 1166 1428 1187 ‚

42 1204 147 1249 etin
168 1204 249 1248 hac
263 1211 407 1257 nocte,
425 1211 468 1246 et
484 1202 708 1262 quomodo
727 1201 932 1246 habuerit
952 1200 1146 1262 quodam
1167 1201 1300 1247 modo
1312 1211 1433 1246 tran-

42 1274 213 1320 siliendi
247 1274 547 1318 necessitatem
581 1273 934 1332 impengentibus
971 1282 1103 1333 atque
1133 1273 1432 1332 pungentibus

42 1346 247 1391 deorsum
270 1344 651 1399 tribulationibus,
677 1353 728 1388 ut
749 1359 919 1388 necesse
942 1342 1074 1388 fuerit
1095 1344 1328 1399 transilire,
1362 1345 1432 1388 in-

42 1417 278 1462 tentissime
306 1415 549 1460 audiamus.
588 1434 605 1455 «
636 1414 821 1473 Negavit
844 1414 1057 1458 consolari
1079 1415 1224 1458 anima
1244 1418 1379 1459 mea2.
1411 1435 1428 1455 »

45 1490 232 1532 Tantum
253 1485 434 1530 taedium
455 1486 527 1529 hic
546 1500 616 1529 me
633 1485 886 1544 occupavit,
905 1494 956 1528 ut
973 1494 1124 1529 contra
1144 1500 1319 1528 omnem
1332 1499 1433 1528 con·

42 1559 297 1604 solationem
325 1556 548 1602 clauderet
574 1572 618 1600 se
640 1556 784 1600 anima
804 1571 916 1600 mea.
950 1556 1063 1601 Huic
1098 1555 1184 1600 tale
1215 1555 1334 1600 unde
1355 1565 1435 1599 tae-

43 1628 193 1673 dium?
217 1632 418 1673 Fortasse
446 1628 548 1689 quia
570 1627 695 1672 vinea
720 1626 976 1686 grandinata
999 1636 1084 1682 est,
1120 1636 1195 1671 aut
1217 1626 1320 1688 quia
1341 1625 1435 1670 olea

42 1716 133 1745 non
150 1699 353 1760 provenit
367 1735 378 1754 ‚
407 1708 482 1743 aut
503 1698 606 1759 quia
633 1697 850 1743 vindemia
873 1713 896 1741 a
913 1697 1061 1757 pluvia
1082 1698 1321 1757 intercepta
1343 1698 1437 1741 est?

45 1769 169 1815 Unde
190 1770 293 1814 huic
317 1770 524 1814 taedium?
545 1768 662 1814 Audi
684 1769 767 1813 hoc
785 1784 835 1812 ex
857 1767 941 1813 alio
958 1767 1144 1813 Psalmo.
1166 1769 1302 1827 Ipsius
1320 1768 1436 1811 enim

42 1850 86 1886 et
106 1841 167 1885 ibi
188 1856 272 1885 vox
295 1849 358 1884 est
384 1859 392 1884 :
422 1859 439 1880 «
470 1839 669 1884 Taedium
696 1838 881 1883 detinuit
904 1855 975 1883 me
998 1855 1021 1883 a
1044 1839 1344 1899 peccatoribus
1368 1853 1437 1881 re-

47 1931 65 1953 »
95 1910 398 1972 linquentibus
419 1909 563 1968 legem
582 1919 703 1953 tuam
719 1911 752 1953 ³.
781 1929 799 1951 »
829 1913 968 1954 Tanto
991 1925 1094 1969 ergo
1122 1909 1254 1954 taedio
1277 1908 1331 1953 de
1349 1910 1437 1952 hu·-

36 1981 228 2041 jusmodi
246 1980 363 2025 malo
392 1980 599 2024 affectum
622 1995 666 2023 se
690 1979 770 2023 iste
794 1979 924 2035 dicit,
949 1989 999 2024 ut
1021 1989 1201 2039 negaret
1222 1979 1437 2023 consolari

44 2053 184 2096 anima
206 2052 356 2112 ipsius.
380 2055 519 2111 Prope
536 2050 824 2095 absorbuerat
841 2052 876 2111 ej
885 2067 932 2095 us
952 2051 1131 2094 taedium
1146 2086 1157 2106 ,
1177 2051 1438 2110 tristitiaque

46 2138 146 2166 eum
175 2122 355 2166 omnino
377 2120 716 2181 irreparabiliter
738 2130 969 2173 merserat,
994 2130 1123 2178 negat
1144 2136 1188 2165 se
1206 2119 1434 2165 consolari.

45 2192 161 2247 Quid
182 2193 315 2251 igitur
337 2191 557 2236 restabat?

104 2266 179 2308 VI.
207 2263 353 2308 Primo
369 2262 470 2308 vide
486 2263 605 2307 unde
621 2261 887 2307 consoletur.
908 2265 1064 2308 Nonne
1083 2262 1344 2306 sustinuerat
1363 2261 1440 2322 qui

50 2334 182 2379 simul
202 2335 553 2390 contristaretur,
578 2343 622 2378 et
644 2350 732 2378 non
746 2334 972 2378 invenerat
985 2335 1027 2378 ⁴?
1044 2338 1138 2387 Quo
1154 2334 1266 2377 enim
1283 2348 1326 2377 se
1349 2347 1442 2377 ver-

46 2414 160 2450 teret
194 2406 251 2450 ad
279 2407 644 2460 consolationem,
682 2421 816 2466 quem
850 2415 1137 2465 occupaverat
1176 2404 1357 2449 taedium
1386 2404 1441 2448 de

47 2477 348 2535 peccatoribus
376 2476 727 2536 relinquentibus
749 2475 890 2535 legem
920 2472 1021 2519 Dei?
1045 2480 1139 2529 Quo
1162 2491 1205 2519 se
1228 2477 1442 2519 verteret?

48 2546 117 2590 Ad
136 2547 359 2590 hominem
386 2547 462 2591 Dei
485 2545 749 2606 quemlibet?
773 2549 824 2590 In
846 2545 993 2590 multis
1013 2547 1104 2606 jam
1128 2545 1241 2589 forte
1264 2545 1344 2589 iste
1367 2560 1442 2588 ex-

99 2639 104 2653 ¹
127 2632 239 2663 matth.
257 2643 301 2673 vi,
327 2630 387 2672 1-4.
409 2648 448 2654 0—
465 2639 475 2653 2
495 2632 574 2662 Psal.
591 2642 695 2669 uxvr,
715 2632 744 2662 3.
763 2648 803 2653 --
824 2629 1242 2671 31‹1.‹÷x>v111‚53.--41d.
1265 2637 1436 2670 txvni,¹.>t.
