1926 3339
387 245 629 273 ENARnAno
664 248 704 273 m·
740 247 939 274 PSALMUM
976 249 1127 275 Lxxxr.
1345 243 1424 279 125

37 310 123 354 cari
141 319 285 353 autem
310 311 445 369 magis
459 319 522 354 est
535 311 749 354 utentium
767 312 948 364 ratione,
972 311 1083 355 sicut
1100 313 1423 358 sunthomines.

39 380 162 426 Unde
184 396 235 424 ex
266 396 448 440 persona
480 381 612 440 ipsius
644 381 788 440 Asaph
825 382 870 425 in
907 381 990 426 alio
1014 382 1184 426 Psalmo
1223 384 1422 439 canitur,

40 470 60 493 «
94 450 225 504 Quasi
240 466 371 509 pecus
386 448 525 495 factus
539 466 636 495 sum
648 450 765 510 apud
778 461 821 496 te
832 485 843 506 ‚
863 460 906 495 et
919 466 1000 510 ego
1013 467 1183 511 semper
1206 461 1350 497 tecum
1364 456 1423 496 ¹.»

37 520 219 574 Quando
241 521 393 581 utique
419 521 616 581 quamvis
644 521 720 564 uni
745 536 847 566 vero
879 524 970 566 Deo
998 522 1270 581 mancipatus
1298 524 1427 567 vide-

37 600 156 636 retur
170 626 181 646 ‚
206 607 285 651 pro
297 591 463 650 magnis
479 600 624 635 tamen
647 608 695 636 ac
717 592 894 636 summis
916 593 1040 637 bonis
1058 593 1112 637 ab
1126 593 1202 638 illo
1219 593 1426 650 carnalia‚

37 671 223 716 terrena,
238 662 491 721 temporalia
508 662 771 722 requirebat.
797 663 1049 707 Invenimus
1071 679 1143 708 eos
1173 679 1285 724 saepe
1300 665 1430 709 etiam

37 732 147 777 filios
167 731 421 792 appellatos,
445 748 534 777 non
551 748 600 777 ea
623 733 759 792 gratia
782 749 882 794 quae
912 734 967 778 ad
986 736 1160 779 Novum
1184 738 1430 780 Testamen-

39 812 133 847 tum
155 802 364 862 pertinet,
390 802 462 847 sed
487 802 558 847 illa
584 820 683 864 quae
709 803 764 848 ad
792 806 928 848 Vetus
953 823 962 848 :
992 805 1093 864 quia
1115 814 1158 849 et
1185 806 1272 864 ipsa
1300 806 1433 863 gratia

38 882 123 927 est,
147 888 236 933 qua
257 872 388 931 elegit
410 874 626 917 Abraham
643 909 654 929 ‚
686 882 729 917 et
762 889 812 917 ex
838 875 928 934 ejus
949 889 1079 918 carne
1101 883 1190 918 tam
1222 890 1432 934 magnum

39 941 251 1003 populum
264 943 518 1002 propagavit
533 963 544 1000 3
563 959 650 1002 qua
676 942 875 987 nondum
889 952 1012 988 natos
1030 979 1041 998 ‚
1077 963 1093 983 «
1113 944 1247 989 Jacob
1264 943 1430 999 dilexit,

42 1030 64 1054 »
97 1013 215 1058 Esaii
236 1021 383 1057 autem
404 1012 505 1058 odio
526 1013 681 1058 habuit
695 1015 738 1071 23
765 1034 782 1055 »
809 1028 895 1073 qua
906 1012 1107 1058 liberavit
1134 1030 1185 1058 ex
1206 1017 1401 1073 AEgypto
1418 1049 1429 1069 ,

39 1099 128 1144 qua
157 1083 204 1127 in
233 1093 394 1128 terram
425 1083 718 1144 promissionis
752 1084 897 1144 ejectis
928 1084 1140 1129 Gentibus
1167 1085 1429 1129 introduxit.

40 1154 131 1201 Nisi
151 1155 267 1199 enim
288 1164 332 1200 et
352 1155 444 1215 ipsa
466 1165 576 1200 esset
598 1155 734 1214 gratia
750 1189 761 1210 ‚
786 1170 877 1199 non
899 1155 1053 1215 utique
1079 1155 1134 1199 de
1157 1156 1302 1211 nobis,
1334 1156 1433 1216 qui-

41 1226 124 1271 bus
145 1241 236 1271 non
256 1226 313 1271 ad
332 1236 555 1272 terrenum
573 1262 584 1282 ,
608 1225 685 1271 sed
701 1225 758 1271 ad
778 1242 964 1285 regnum
985 1227 1201 1272 coelorum
1214 1243 1436 1287 capessen-

42 1296 150 1342 dum
176 1297 277 1343 data
310 1308 376 1343 est
407 1308 596 1358 potestas
624 1298 735 1343 filios
766 1298 843 1343 Dei
882 1298 1000 1342 fieri3
1026 1334 1037 1354 ‚
1073 1300 1118 1342 in
1150 1299 1304 1343 eodem
1338 1315 1436 1343 mox

41 1368 279 1428 Evangelio
295 1369 512 1415 diceretur
528 1406 539 1426 ‚
560 1370 681 1431 quod
696 1370 940 1429 accepimus
958 1371 1137 1429 gratiam
1153 1387 1232 1430 pro
1249 1371 1382 1429 gratia
1400 1371 1432 1415 ⁴.

43 1440 92 1485 id
108 1449 187 1496 est,
203 1456 282 1500 pro
303 1442 567 1486 Testamenti
595 1442 762 1485 Veteris
783 1441 1143 1501 promissionibus
1173 1442 1438 1486 Testamenti

43 1511 154 1557 Novi
174 1512 491 1571 promissiones.
509 1512 668 1572 Liquet
684 1512 816 1570 igitur
833 1521 1048 1572 quantum
1065 1512 1275 1567 existimo,
1293 1512 1339 1555 in
1352 1528 1439 1572 qua

45 1580 228 1626 deorum
250 1597 470 1641 synagoga
491 1582 656 1626 steterit
677 1585 808 1627 Deus.

105 1654 165 1696 ΙΙ.
190 1652 400 1712 Deinceps
421 1652 735 1713 requirendum
756 1662 845 1709 est⁷
881 1662 1030 1697 utrum
1056 1657 1228 1697 Patrem
1249 1688 1259 1709 ,
1286 1669 1339 1697 au
1364 1652 1440 1696 Fi-

45 1721 183 1778 lium,
208 1739 264 1767 an
299 1723 506 1782 Spiritum
530 1733 758 1779 sanctum,
785 1739 840 1768 an
872 1724 1007 1784 ipsam
1041 1724 1293 1768 Trinitatem
1327 1724 1440 1767 acci—

47 1808 149 1854 pere
176 1792 414 1839 debeamus
437 1813 457 1836 «
484 1795 658 1838 Stetisse
674 1795 720 1838 in
745 1809 967 1853 synagoga
995 1794 1200 1849 deorum,
1229 1794 1275 1838 in
1296 1793 1442 1838 medio

50 1882 72 1906 »
107 1873 253 1908 autem
269 1864 372 1909 deos
385 1863 644 1909 discernere.
664 1865 813 1918 »Quia
831 1874 875 1909 et
893 1865 1091 1924 singulus
1110 1870 1294 1925 quisque
1310 1868 1438 1919 Deus,

49 1944 94 1979 et
113 1935 204 1995 ipsa
222 1934 406 1980 Trinitas
420 1951 535 1980 unus
552 1939 682 1980 Deus.
707 1937 806 1979 Non
827 1935 1006 1996 quidem
1028 1934 1155 1980 facile
1177 1944 1241 1979 est
1262 1936 1345 1979 hoc
1363 1934 1442 1978 eli-

50 2021 185 2065 quare
223 2025 232 2050 :
272 2005 377 2066 quia
410 2014 453 2050 et
484 2021 574 2050 non
611 2005 880 2066 corporalem
914 2041 924 2061 ‚
961 2006 1036 2049 sed
1067 2004 1335 2064 spiritualem
1368 2005 1444 2049 Dei

48 2076 324 2135 praesentiam
342 2111 353 2132 ‚
385 2091 484 2136 quae
515 2076 718 2135 congruit
749 2077 841 2136 ejus
875 2075 1152 2131 substantiae,
1178 2074 1325 2133 negari
1355 2089 1443 2118 non

50 2155 193 2206 potest
204 2146 350 2191 adesse
367 2146 554 2192 conditis
567 2147 714 2202 rebus,
735 2145 924 2191 mirabili
939 2144 1142 2191 videlieet
1154 2154 1199 2189 et
1211 2145 1284 2189 vix
1297 2144 1445 2204 paucis

53 2216 316 2277 intelligibili
337 2217 486 2273 modo,
513 2218 583 2262 cui
606 2216 795 2262 dicitur:
824 2236 845 2260 «
871 2217 914 2262 Si
934 2215 1168 2262 ascendero
1190 2216 1236 2260 in
1259 2215 1442 2269 coelum,

59 2307 79 2330 »
112 2297 164 2333 tu
195 2288 258 2333 ibi
285 2304 351 2347 es3
381 2290 414 2333 si
442 2288 707 2333 descendero
738 2289 784 2332 in
817 2287 1059 2343 infernum,
1095 2287 1238 2331 ades⁵.
1264 2304 1284 2327 ³)
1322 2285 1447 2330 Unde

55 2358 210 2404 merito
225 2359 480 2418 perhibetur
509 2368 621 2403 stare
644 2362 758 2404 Deus
780 2359 827 2402 in
862 2357 1196 2416 congregatione
1218 2357 1448 2401 hominum

56 2428 329 2474 invisibiliter
346 2465 356 2486 ‚
372 2430 483 2475 sicut
503 2429 666 2475 coelum
682 2439 725 2474 et
742 2439 901 2473 terram
920 2429 1010 2488 ipse
1034 2427 1185 2488 implet
1203 2463 1213 2481 ‚
1235 2425 1355 2488 quod
1374 2442 1449 2486 per

107 2531 114 2547 ¹
138 2525 219 2557 Psal.
242 2537 350 2562 run,
369 2526 423 2558 23.
442 2543 484 2548 —-·
503 2533 515 2549 2
536 2526 703 2567 Malac.1‚
731 2534 772 2566 2,
793 2525 823 2557 3.
845 2542 885 2547 —-
913 2523 925 2547 3
955 2526 1094 2565 Joan.1‚
1118 2533 1168 2556 12.
1196 2540 1236 2546 —
1257 2522 1370 2555 41bid.
1396 2521 1447 2553 16.

62 2598 99 2603 ——-
129 2579 141 2603 5
162 2581 240 2612 psal.
265 2593 416 2623 cuman,
438 2585 469 2613 S».
