1926 3339
1900 170 1903 242 ἒ

447 319 531 359 244
881 333 914 358 s.
950 330 1181 360 Ancus‘nm
1214 334 1394 362 EPISCOPI

444 398 561 442 mine
582 398 658 458 qui
680 406 723 441 te
744 396 1039 442 obliviscendo
1063 398 1165 442 vitae
1187 398 1338 444 lumen
1360 400 1501 446 amisit
1519 418 1528 444 :
1551 418 1569 441 «
1585 402 1676 444 Tua
1699 398 1830 442 mira-
1898 390 1901 456 ξ

447 487 468 511 >›
503 468 606 513 bilia
625 478 667 513 et
683 468 852 529 justitia
873 472 1215 527 cognoscentur?
1234 489 1253 512 »
1898 458 1900 472 ¹

502 542 629 584 XIII.
660 540 928 584 Occurrebat
954 549 1099 584 autem
1122 542 1306 600 quaestio
1323 577 1334 597 ‚
1361 542 1558 602 quisnam
1580 541 1635 586 sit
1653 555 1755 585 usus
1776 539 1833 583 is·
1897 590 1900 594 Δ

443 622 588 657 torum
624 620 919 667 mortuorum3
947 611 1056 670 quid
1090 627 1140 654 ex
1163 612 1227 656 his
1257 622 1356 671 agat
1385 616 1495 656 Deus
1520 612 1574 656 ad
1602 611 1834 656 utilitatem
1897 652 1899 655 .

441 681 634 741 corporis
656 681 838 735 Christi,
865 680 987 740 quod
1008 690 1072 725 est
1094 681 1285 726 Ecclesia
1310 702 1318 726 :
1340 692 1390 727 ut
1411 683 1457 726 in
1484 684 1542 726 eis
1563 682 1835 726 demonstre-

442 763 529 807 tur,
562 768 661 812 quae
694 752 747 796 sit
779 752 857 796 Dei
889 752 1023 809 gratia
1051 752 1098 796 in
1120 752 1459 812 praedestinatis,
1487 753 1563 814 qui
1591 752 1833 798 secundum
1896 786 1898 813 ;

439 823 715 884 propositum
737 823 877 867 vocati
898 832 1014 867 sunt.
1033 823 1158 867 Unde
1174 825 1315 883 ipsum
1332 840 1489 884 corpus
1502 826 1546 869 in
1560 824 1644 869 alio
1664 823 1834 868 Psalmo
1896 875 1898 878 ,

440 894 548 938 dicit
572 908 581 933 :
619 912 639 935 «
666 896 779 937 Deus
812 908 934 937 meus
953 928 964 948 ,
1008 893 1301 938 misericordia
1331 886 1423 955 ejus
1451 894 1689 954 praeveniet
1726 908 1796 937 me
1819 909 1828 935 :
1896 893 1897 896 ’

442 983 462 1006 »
498 968 612 1009 Deus
630 980 752 1009 meus
775 962 1093 1008 demonstrabit
1111 965 1218 1008 mihi
1241 965 1286 1008 in
1308 965 1492 1010 inimicis
1514 966 1658 1008 meis1.
1679 983 1699 1005 »
1718 967 1834 1023 Ergo
1895 964 1897 1003 ζ

439 1044 484 1079 et
513 1035 585 1078 hic
613 1034 826 1094 sequitur,
866 1051 914 1078 ac
936 1033 1043 1078 dicit
1068 1054 1076 1078 :
1113 1054 1131 1075 «
1156 1037 1214 1079 Et
1244 1051 1324 1094 ego
1347 1035 1401 1079 ad
1423 1045 1490 1088 te,
1518 1034 1722 1089 Domine,
1752 1033 1836 1078 cla·
1894 1071 1896 1094 ζ

443 1124 462 1146 »
498 1105 655 1149 mavi2.
672 1123 690 1145 »
711 1108 762 1148 In
780 1105 940 1165 quibus
955 1105 1097 1149 verbis
1110 1107 1201 1165 jam
1223 1105 1532 1166 intelligendus
1545 1114 1609 1149 est
1625 1105 1835 1150 Dominus

439 1176 636 1221 Christus
660 1191 711 1219 ex
731 1191 836 1220 voce
859 1176 1050 1235 corporis
1073 1177 1137 1219 sui
1155 1176 1293 1236 loqui,
1319 1176 1364 1220 id
1381 1186 1460 1231 est,
1481 1176 1700 1221 Ecclesiae.
1717 1174 1834 1229 Quid

438 1255 501 1290 est
529 1246 645 1289 enim
671 1265 680 1289 :
712 1265 731 1287 <c
756 1248 814 1290 Et
834 1261 940 1303 ego:
971 1264 990 1286 »
1018 1246 1098 1289 nisi
1119 1247 1221 1306 quia
1249 1246 1410 1290 fuimus
1433 1256 1476 1291 et
1497 1263 1575 1291 nos
1597 1244 1832 1306 aliquando

435 1326 590 1360 natura
612 1316 690 1359 filii
716 1316 806 1365 irae,
829 1317 940 1360 sicut
962 1326 1005 1360 et
1026 1317 1223 1361 caeteriss?
1249 1317 1348 1372 Sed,
1374 1337 1392 1359 «
1420 1316 1489 1362 Ad
1510 1327 1552 1361 te
1575 1316 1786 1371 clamavi,
1807 1334 1827 1358 ν)
1891 1357 1893 1360 ⁴

437 1395 486 1431 ut
508 1385 650 1430 salvus
673 1402 823 1430 essem.
846 1386 952 1440 Quis
972 1387 1086 1430 enim
1108 1400 1177 1431 me
1201 1386 1407 1432 discernit
1429 1388 1483 1432 ab
1501 1387 1592 1431 aliis
1614 1386 1710 1430 filiis
1734 1386 1831 1442 irae,
1891 1391 1893 1393 ’

437 1472 538 1501 cum
561 1456 823 1516 Apostolum
847 1457 1022 1501 audiam
1044 1459 1234 1516 ingratos
1257 1458 1510 1503 terribiliter
1535 1458 1845 1516 increpantem.
1878 1471 1892 1514 ·‡

437 1544 486 1572 ac
508 1528 726 1572 dicentem
746 1544 753 1568 :
779 1548 797 1569 «
815 1529 917 1581 Quis
939 1529 1054 1572 enim
1076 1539 1117 1573 te
1140 1528 1343 1572 discernit
1357 1530 1374 1570 ‘?
1388 1528 1504 1582 Quid
1523 1538 1667 1573 autem
1681 1528 1831 1582 habes,

441 1617 460 1640 »
496 1597 616 1659 quod
639 1614 728 1642 non
751 1599 981 1658 accepisti?
998 1600 1040 1644 Si
1054 1608 1200 1643 autem
1218 1609 1260 1643 et
1278 1600 1495 1658 accepisti,
1515 1599 1621 1660 quid
1640 1598 1834 1657 gloriaris

441 1688 460 1710 n
497 1670 619 1729 quasi
640 1685 729 1713 non
747 1670 962 1728 acceperis
976 1671 1017 1711 4?
1038 1688 1056 1710 »
1077 1669 1249 1713 Domini
1268 1680 1331 1713 est
1351 1669 1465 1713 salus
1482 1672 1512 1713 ⁵.
1537 1670 1663 1727 Gigas
1687 1678 1834 1713 autem

436 1740 481 1783 in
506 1739 786 1783 multitudine
808 1741 978 1783 virtutis
1001 1756 1090 1783 suae
1127 1756 1214 1784 non
1245 1741 1325 1784 crit
1361 1740 1533 1784 salvusG
1561 1755 1568 1780 :
1596 1738 1671 1783 sed
1687 1775 1697 1794 ,
1722 1739 1833 1783 sicut
1886 1749 1890 1766 ¹
1919 1777 1921 1779 ,

435 1809 644 1868 scriptum
673 1818 737 1853 est
763 1826 771 1850 :
810 1829 830 1851 «
856 1810 941 1863 Qui
973 1810 1239 1855 invocaverit
1271 1826 1433 1854 nomen
1462 1810 1666 1865 Domini,
1692 1808 1834 1853 salvus

439 1899 459 1921 »
495 1880 618 1923 erit⁷.
649 1879 882 1933 Quomodo
912 1889 1058 1924 autem
1083 1880 1379 1935 invocabunt,
1407 1881 1453 1923 in
1475 1895 1604 1940 quem
1628 1895 1717 1923 non
1739 1895 1835 1924 crc-

440 1968 458 1990 »
495 1948 734 1993 didcrunt?
757 1959 832 1994 aut
854 1950 1077 2010 quomodo
1109 1950 1290 1995 credent
1313 1951 1351 1994 ei
1363 1986 1378 2006 ,
1407 1966 1539 2011 quem
1562 1966 1648 1994 non
1678 1950 1832 1994 audie-

441 2039 459 2061 »
497 2022 629 2064 runt?
659 2019 882 2080 quomodo
917 2030 1064 2065 autem
1103 2020 1283 2065 audient
1312 2021 1403 2065 sine
1432 2020 1729 2080 praedicante?
1757 2029 1833 2064 aut
1884 2060 1886 2076 y
1914 2051 1915 2055 ,

440 2110 460 2132 »
497 2091 719 2152 quomodo
765 2090 1096 2150 praedicabunt,
1147 2091 1182 2135 si
1232 2107 1322 2135 non
1355 2091 1586 2134 mittantur
1615 2092 1632 2116 8
1650 2093 1668 2134 Ρ
1712 2091 1832 2135 Sicut
1883 2099 1885 2124 ἱ

494 2161 704 2220 scriptum
735 2170 798 2205 est
824 2178 833 2202 z
860 2165 998 2214 Quam
1019 2162 1197 2220 speciosi
1221 2162 1351 2221 pedes
1371 2177 1523 2205 eorum
1552 2162 1629 2221 qui
1651 2177 1830 2204 annun-

438 2251 458 2274 »
495 2233 606 2276 tiant
622 2248 794 2292 pacem,
820 2233 892 2291 qui
912 2232 1177 2276 annuntiant
1203 2232 1316 2276 bona
1331 2234 1363 2276 9.
1388 2251 1407 2272 >›
1440 2232 1525 2290 Ipsi
1546 2241 1648 2275 sunt
1672 2231 1830 2276 medici
1881 2250 1884 2282 f
1907 2268 1916 2275 ,.

435 2313 636 2348 curantes
660 2319 683 2347 a
703 2303 948 2346 latronibus
976 2302 1216 2346 sauciatum
1236 2323 1246 2360 3
1272 2301 1347 2346 sed
1377 2302 1586 2347 Dominus
1609 2318 1709 2345 eum
1731 2318 1830 2362 per-

438 2373 561 2418 duxit
578 2373 632 2417 ad
649 2373 910 2417 stabulum10
925 2392 934 2417 :
951 2374 1052 2433 quia
1066 2373 1146 2432 ipsi
1159 2382 1260 2417 sunt
1273 2374 1403 2416 etiam
1419 2382 1646 2432 operantes
1662 2374 1706 2416 in
1725 2388 1828 2432 agro
1903 2388 1915 2414 r

437 2444 656 2489 dominico
684 2460 692 2484 :
723 2463 743 2486 «
765 2447 854 2489 Nec
875 2453 1023 2488 tamen
1043 2444 1118 2504 qui
1141 2443 1311 2503 plantat
1338 2453 1402 2488 est
1433 2444 1597 2505 aliquid
1612 2479 1622 2499 ,
1653 2453 1729 2488 aut
1751 2445 1829 2504 qui
1878 2465 1881 2475 2
1902 2459 1914 2487 t

439 2180 448 2201 >

450 2181 458 2201 υ

484 2563 493 2579 ¹
516 2556 594 2588 Psal.
616 2567 680 2595 Lu,
706 2567 756 2597 11,
783 2566 835 2589 12.
865 2574 902 2579 -—-
923 2563 935 2579 ²
959 2557 1006 2588 Id.
1028 2566 1172 2598 Lxxxvn,
1197 2556 1310 2599 14'.—
1330 2555 1342 2579 3
1369 2557 1484 2599 Ephes.
1505 2569 1540 2598 u,
1567 2557 1597 2589 3.
1617 2574 1657 2579 -—
1677 2555 1693 2586 4
1715 2569 1726 2588 1
1751 2559 1822 2589 Cor.
1877 2546 1907 2574 Ι·-

434 2623 480 2652 iv,
499 2622 531 2655 7.
552 2629 593 2634 -
614 2611 629 2634 5
648 2613 726 2644 Psal.
750 2624 811 2653 m,
830 2623 862 2655 9.
885 2629 928 2635 —-
946 2610 1148 2653 61d.xxx11‚
1172 2613 1221 2645 16.
1241 2630 1283 2635 —
1303 2619 1315 2645 7
1336 2613 1418 2645 Jofil.
1447 2624 1482 2654 11,
1506 2613 1559 2645 32.
1581 2629 1622 2634 —
1637 2610 1652 2634 8
1670 2615 1762 2645 Rom.
1782 2623 1826 2654 x,

440 2667 551 2700 13-15.
572 2675 639 2700 —9
662 2669 722 2699 Isai'
752 2678 806 2709 ιιι,
829 2678 860 2709 7.
877 2683 918 2689 —-—
940 2673 969 2690 ¹⁰
983 2668 1059 2701 Luc·
1081 2679 1114 2708 x,
1134 2665 1187 2709 34.

1892 3175 1899 3209 ...-
