1926 3339
471 332 550 370 168
903 341 936 368 5.
976 343 1199 368 ,1υο0511111
1234 341 1411 368 Ειη50ονι

466 407 522 451 ad
543 422 587 451 se
609 407 855 466 pertinent,
881 414 923 449 ct
957 414 1157 464 parentes
1184 404 1238 448 ad
1270 419 1314 448 se
1350 404 1583 463 pertinent.
1611 406 1764 463 Itaque
1784 402 1849 447 illi

466 479 543 539 qui
565 479 656 522 nati
680 487 802 532 sunt,
825 478 858 521 si
882 477 1102 521 tenuerint
1123 477 1209 520 vias
1230 484 1461 534 parentum
1482 490 1658 519 suorum
1684 475 1817 518 malas
1832 509 1844 529 ‚

463 564 636 593 necesse
662 557 725 593 est
746 557 921 607 portent
944 556 986 590 et
1008 547 1158 589 merita
1180 547 1371 604 ipsorum
1390 565 1398 590 ε
1424 546 1457 589 51
1480 554 1623 589 autem
1646 554 1843 589 mutave-

462 621 549 663 rint
583 634 649 673 se,
676 627 718 661 ct
739 633 826 661 non
850 616 1013 660 fuerint
1040 616 1194 659 imitati
1225 626 1423 675 parentes
1447 615 1605 670 malos,
1630 616 1844 675 incipiunt
1899 639 1902 644 ·

461 689 623 733 habere
644 687 846 731 meritum
870 702 995 730 suum
1013 721 1023 741 ,
1051 702 1140 730 non
1165 686 1370 730 meritum
1395 695 1626 745 parentum
1645 702 1839 730 suorum.

463 763 608 819 Usque
637 758 743 802 adeo
771 767 915 802 autem
938 773 1027 802 non
1046 757 1124 801 tibi
1147 758 1270 801 obest
1290 767 1519 817 peccatum
1541 757 1673 817 patris
1695 758 1784 812 tui,
1809 757 1843 801 si
1898 760 1902 772 ¹

461 838 504 873 te
526 829 756 873 mutaveris
771 864 781 882 ⁷
803 838 853 872 ut
875 843 954 872 nec
976 828 1056 887 ipsi
1074 828 1184 887 patri
1206 837 1282 872 tuo
1306 828 1440 882 obsit,
1468 829 1499 871 si
1523 843 1566 871 se
1596 828 1838 871 mutaverit.

463 898 548 944 Sed
564 900 654 959 jam
671 898 792 959 quod
812 899 976 958 accepit
995 897 1051 941 ad
1073 897 1378 942 mortalitatem
1396 899 1520 942 istam
1538 898 1657 941 radix
1678 906 1839 953 nostra,

460 968 586 1013 duxit
609 969 662 1013 de
684 969 839 1013 Adam.
873 969 990 1022 Quid
1021 968 1174 1013 duxit?
1204 972 1335 1013 Istam
1366 968 1644 1028 fragilitatem
1673 968 1839 1024 carnis,

459 1040 544 1084 1100
566 1049 833 1084 tormentum
854 1039 1055 1083 dolorum
1071 1075 1081 1094 ,
1105 1040 1218 1083 hanc
1241 1039 1418 1083 domum
1447 1039 1713 1098 paupertatis
1728 1074 1739 1094 ,
1760 1039 1843 1084 hoe
1900 1036 1906 1087 ἓ

458 1110 685 1154 vinculum
707 1110 855 1154 mortis
872 1145 883 1164 ,
909 1118 952 1153 et
966 1109 1145 1169 laqueos
1164 1110 1468 1154 tentationum.
1496 1113 1723 1153 Portamus
1746 1123 1843 1153 om-
1902 1127 1905 1150 ;

457 1181 530 1224 nia
552 1181 631 1224 ista
647 1181 692 1224 in
709 1196 838 1225 carne
855 1181 936 1225 hac
954 1200 963 1225 ε
987 1190 1030 1224 et
1050 1181 1112 1225 ira
1134 1181 1211 1225 Dei
1234 1189 1298 1224 est
1318 1182 1412 1234 ista,
1432 1181 1534 1240 quia
1554 1180 1745 1225 vindicta
1767 1181 1844 1224 Dei
1902 1189 1906 1213 ’-

457 1260 535 1294 est.
556 1250 639 1296 Sed
656 1251 757 1311 quia
776 1250 975 1295 futurum
997 1261 1089 1295 erat
1109 1261 1159 1295 ut
1177 1266 1546 1310 regeneraremur,
1563 1260 1606 1295 et
1626 1250 1844 1295 credendo
1903 1254 1910 1304 23

459 1322 561 1366 novi
583 1322 876 1377 efficeremur,
909 1332 1040 1383 atque
1061 1322 1107 1366 in
1130 1323 1443 1366 resurrectione
1465 1323 1604 1367 omnis
1630 1321 1704 1367 illa
1732 1337 1844 1366 mor·
1907 1319 1911 1342 ²

457 1391 600 1436 talitas
622 1391 948 1447 absumeretur,
985 1401 1028 1436 et
1060 1392 1228 1436 novitas
1260 1393 1392 1437 totius
1419 1392 1607 1436 hominis
1629 1407 1846 1452 reparare·

459 1471 531 1507 tur
552 1482 562 1507 ι
593 1481 610 1502 (ι
639 1463 759 1507 Sicut
780 1463 897 1507 enim
928 1463 975 1506 in
997 1463 1138 1507 Adam
1168 1479 1317 1508 omnes
1349 1464 1622 1519 moriuntur,
1648 1463 1708 1508 sic
1730 1473 1774 1508 et
1799 1464 1845 1508 in
1910 1503 1912 1517 s

461 1551 482 1574 »
517 1533 692 1578 Christo
715 1548 864 1577 omnes
880 1534 1245 1578 vivificabuntur¹
1271 1553 1280 1578 ε
1308 1552 1328 1575 »
1354 1535 1437 1578 1100
1453 1533 1605 1578 videns
1628 1535 1845 1594 Propheta
1909 1542 1912 1563 ³

458 1603 519 1647 ait
541 1620 554 1647 .·
583 1622 604 1645 «
626 1606 725 1648 Non
746 1604 792 1647 in
809 1613 1020 1647 aeternum
1038 1605 1230 1648 irascaris
1249 1603 1375 1648 nobis
1390 1639 1400 1659 ,
1425 1603 1495 1649 vel
1511 1603 1715 1648 extendas
1735 1605 1844 1648 iram

460 1690 481 1714 »
517 1682 639 1717 tuam
663 1690 686 1717 a
705 1674 983 1732 generatione
1005 1674 1051 1718 in
1076 1675 1413 1734 generationem.
1445 1693 1464 1716 »
1490 1675 1591 1719 Fuit
1609 1675 1745 1735 prima
1768 1689 1843 1733 ge-

456 1745 622 1789 neratio
645 1744 837 1789 mortalis
859 1743 913 1788 de
941 1745 1003 1788 ira
1031 1754 1127 1800 tua,
1153 1745 1235 1790 erit
1256 1744 1390 1790 altera
1420 1745 1640 1804 generatio
1663 1746 1844 1791 immor-

457 1814 553 1858 talis
574 1815 629 1858 de
651 1813 944 1858 misericordia
967 1824 1058 1858 tua.

515 1888 637 1929 VIII.
662 1884 775 1938 Quid
797 1901 900 1944 ergo
917 1921 927 1940 ‚
960 1887 1045 1930 hoc
1073 1886 1153 1929 tibi
1175 1895 1224 1930 tu
1258 1886 1494 1946 praestitisti
1512 1922 1522 1941 ,
1557 1902 1583 1931 o
1605 1887 1763 1943 homo,
1793 1896 1844 1932 ut
1883 1893 1891 1905 ¹
1912 1909 1914 1916 >

455 1957 559 2016 quia
576 1972 809 2001 conversus
831 1973 874 2000 es
897 1957 952 2001 ad
967 1960 1122 2013 Deum,
1135 1959 1310 2002 mereris
1328 1957 1667 2002 misericordiam
1684 1959 1840 2018 ipsius,

456 2027 532 2086 qui
555 2036 699 2071 autem
722 2028 916 2071 conversi
938 2043 1027 2072 non
1045 2037 1169 2083 sunt,
1197 2044 1287 2072 non
1308 2038 1410 2072 sunt
1431 2028 1576 2088 adepti
1597 2029 1841 2074 misericor-
1906 2049 1910 2059 ·

456 2096 573 2140 diam
592 2132 602 2151 ‚
635 2096 707 2140 sed
743 2098 1006 2141 invenerunt
1037 2098 1186 2142 iram?
1219 2098 1335 2151 Quid
1369 2108 1541 2154 autem,
1578 2109 1628 2143 ut
1659 2115 1842 2144 conver·
1906 2090 1914 2132 {³

455 2168 626 2222 tei-eris,
665 2183 834 2227 posses,
863 2168 943 2211 nisi
965 2169 1203 2213 vocareris?
1236 2172 1389 2215 Nonne
1411 2169 1483 2213 ille
1511 2170 1586 2230 qui
1605 2180 1648 2214 te
1669 2172 1841 2216 vocavit
1906 2164 1914 2179 ⁰

454 2253 671 2292 aversum,
689 2239 779 2297 ipse
792 2239 992 2296 praestitit
1015 2247 1063 2282 ut
1079 2241 1421 2283 convertereris?
1439 2240 1536 2284 Noli
1554 2241 1634 2284 tibi
1648 2256 1750 2299 ergo
1769 2258 1840 2285 ar—

452 2323 601 2365 rogare
626 2323 706 2352 nec
729 2309 867 2367 ipsam
889 2309 1215 2353 conversionem
1239 2330 1247 2354 :
1273 2310 1374 2369 quia
1401 2311 1480 2353 nisi
1507 2321 1546 2354 te
1568 2310 1642 2354 ille
1665 2323 1840 2358 vocaret

452 2377 696 2436 fugientem
711 2413 721 2432 ‚
744 2393 833 2421 non
856 2394 999 2437 posses
1022 2381 1232 2424 converti.
1259 2384 1491 2440 Propterea
1514 2392 1557 2426 et
1580 2383 1712 2442 ipsius
1730 2399 1838 2427 con-

450 2448 656 2493 versionis
679 2448 942 2491 beneficium
966 2452 1054 2493 Deo
1076 2450 1272 2494 tribuens
1291 2452 1522 2510 Propheta,
1548 2453 1632 2497 1100
1649 2463 1744 2497 orat
1758 2489 1769 2508 ,
1795 2463 1839 2498 et

455 2518 559 2562 dicit
578 2538 586 2562 :
617 2521 765 2561 «Deus
788 2527 836 2561 tu
859 2528 1113 2563 convertens
1135 2521 1370 2564 vivificabis
1393 2537 1484 2565 1105.
1500 2525 1588 2565 »Et
1612 2539 1699 2567 non
1713 2525 1836 2583 quasi

456 2604 533 2633 nos
557 2589 637 2647 ipsi
666 2597 811 2632 nostra
834 2598 987 2648 sponte
1016 2591 1106 2633 sine
1131 2591 1421 2635 misericordia
1447 2602 1519 2636 tua
1541 2594 1835 2638 convertimxzi=

505 2679 513 2694 ¹
539 2684 549 2703 1
571 2675 641 2705 Cor.
664 2684 718 2713 xv,
739 2681 792 2704 ¹2⁴2.
