1926 3339
461 273 515 311 96
897 278 929 306 s.
966 278 1195 306 AUGUSTINI
1227 276 1407 303 EPISCOPI

459 367 478 389 η
505 361 652 392 omnes
665 353 932 390 transeuntes
944 344 1057 387 viam
1069 345 1087 386 P
1103 360 1122 384 »
1136 341 1249 395 Quid
1261 348 1340 395 est,
1350 339 1501 383 «Viam
1515 341 1833 383 transeuntes?»

460 415 768 476 Temporaliter
781 413 1066 458 dominantes.

514 490 594 531 XI.
620 484 865 530 Devastavit
889 497 984 526 eam
1006 496 1107 540 aper
1132 478 1186 523 de
1204 478 1323 536 sylva
1349 480 1379 522 1.
1407 496 1428 519 »
1450 481 1617 538 Aprum
1638 476 1693 522 de
1719 477 1841 536 sylva

456 556 562 618 quid
580 555 884 613 intelligimus?
899 556 921 596 J
929 551 1060 596 udaeis
1077 565 1234 610 porcus
1257 549 1460 594 adversus
1482 560 1571 604 est,
1592 549 1694 593 etin
1705 564 1839 608 porco

455 635 626 687 ponunt
649 634 859 683 tanquam
885 619 1208 666 immunditiam
1231 620 1449 664 Gentium.
1477 622 1515 663 A
1532 619 1744 664 Gentibus
1766 635 1840 664 au-

456 707 542 742 tem
560 711 704 740 eversa
727 703 790 738 est
811 709 915 752 gens
932 696 957 737 J
962 692 1086 737 udaea
1113 711 1122 736 :
1151 691 1226 736 sed
1247 706 1322 735 rex
1342 690 1415 734 ille
1436 690 1513 750 qui
1535 690 1690 735 evertit
1713 724 1724 746 ‚
1749 706 1840 735 non

454 777 624 812 tantum
643 780 799 825 porcus
816 762 1067 808 immundus
1082 798 1093 819 ‚
1114 762 1190 807 sed
1212 763 1340 806 etiam
1363 776 1464 821 aper
1475 760 1574 805 fuit.
1594 760 1706 814 Quid
1723 761 1841 806 enim

454 853 556 897 aper
569 836 648 880 nisi
664 850 821 896 porcus
838 850 992 889 saevus,
1013 849 1168 894 porcus
1190 832 1435 892 superbus?
1462 851 1482 873 «
1507 834 1623 890 Aper
1644 831 1699 875 de
1719 831 1840 890 sylva

457 927 477 949 »
512 907 695 951 vastavit
709 922 819 950 eam.
835 909 898 950 De
913 904 1049 963 sylva,
1067 923 1088 946 n
1105 904 1160 948 de
1175 903 1400 948 Gentibus.
1426 901 1603 946 Etenim
1620 901 1693 946 illa
1713 902 1841 947 vinea

453 987 570 1033 erat,
597 978 754 1022 Gentes
776 986 923 1021 autem
943 975 1078 1034 sylvae
1101 983 1237 1019 erant.
1262 972 1345 1019 Sed
1367 971 1543 1033 quando
1559 971 1842 1017 crediderunt

455 1050 634 1102 Gentes,
652 1046 761 1108 quid
778 1046 940 1091 dictum
968 1047 1062 1090 est?
1085 1064 1106 1088 «
1132 1047 1254 1089 Tunc
1283 1043 1543 1087 exultabunt
1562 1043 1707 1088 omnia
1723 1042 1841 1101 ligna

458 1137 477 1159 »
513 1118 773 1176 sylvarum2.
795 1117 1036 1161 Devastavit
1057 1132 1150 1160 eam
1173 1131 1276 1175 aper
1294 1113 1348 1159 de
1370 1114 1491 1173 sylva
1519 1133 1527 1158 ;
1547 1123 1591 1158 et
1613 1113 1839 1172 singularis

458 1207 477 1230 »
512 1189 628 1232 ferus
640 1187 842 1248 depastus
861 1197 925 1232 est
939 1202 1049 1232 eam.
1070 1205 1090 1228 »
1109 1185 1225 1240 Quid
1245 1194 1333 1240 est,
1359 1205 1379 1227 «
1397 1185 1632 1244 Singularis
1654 1183 1799 1229 ferus?
1813 1202 1834 1226 »

455 1262 551 1318 lpse
575 1274 675 1318 aper
697 1259 773 1319 qui
795 1258 1034 1303 devastavit
1050 1273 1143 1302 eam
1166 1256 1392 1315 singularis
1413 1254 1543 1300 ferus.
1571 1255 1808 1314 Singularis
1823 1290 1835 1308 ,

454 1332 554 1390 quia
578 1331 805 1390 superbus.
822 1333 916 1375 Hoc
939 1331 1056 1375 enim
1072 1329 1177 1375 dicit
1194 1328 1332 1374 omnis
1351 1328 1586 1388 superbus:
1607 1330 1701 1387 Ego
1721 1342 1834 1383 sum,

450 1416 530 1460 ego
553 1417 671 1456 sum,
695 1411 737 1446 et
754 1417 898 1446 nemo.

510 1474 613 1516 XII.
638 1471 723 1516 Sed
743 1488 831 1532 quo
854 1471 1004 1517 fructu
1028 1472 1148 1516 haec?
1173 1491 1194 1514 «
1214 1475 1328 1515 Deus
1349 1470 1562 1515 virtutum
1583 1478 1835 1515 convertere

455 1561 475 1583 »
510 1558 627 1587 vero.
667 1561 687 1583 »
723 1544 927 1596 Quamvis
954 1543 1049 1587 haec
1080 1542 1193 1587 facta
1221 1543 1327 1595 sint,
1367 1559 1386 1582 »
1418 1543 1680 1586 Convertere
1712 1555 1833 1585 vero.

454 1632 473 1655 »
510 1613 692 1672 Respice
722 1613 777 1657 de
810 1613 944 1669 coelo,
976 1623 1019 1658 et
1045 1612 1164 1668 vide,
1191 1622 1236 1657 et
1258 1613 1380 1656 visita
1413 1612 1584 1655 vineam
1616 1611 1757 1655 istam.
1778 1614 1837 1655 Et

455 1702 475 1725 »
510 1684 668 1743 perfice
691 1699 808 1739 eam,
825 1700 956 1744 quam
977 1683 1191 1743 plantavit
1210 1683 1385 1727 dextera
1406 1683 1521 1726 tuass.
1546 1700 1565 1723 »
1587 1684 1682 1727 Non
1705 1681 1834 1726 aliam

449 1754 647 1809 institue,
668 1753 743 1799 sed
764 1754 876 1798 hanc
898 1755 1071 1814 perfice.
1106 1757 1255 1813 Ipsum
1282 1763 1346 1797 est
1378 1753 1493 1796 enim
1522 1768 1670 1797 semen
1691 1752 1836 1796 Abra-

449 1825 551 1869 ham
569 1860 580 1880 ,
600 1825 743 1884 ipsum
762 1834 825 1868 est
846 1840 992 1868 semen
1013 1825 1058 1868 in
1089 1840 1178 1885 quo
1200 1824 1520 1869 benedicuntur
1541 1839 1692 1868 omnes
1714 1825 1834 1868 Gen-

450 1896 542 1939 tes4
563 1915 570 1939 :
597 1895 657 1938 ibi
677 1904 740 1939 est
757 1894 901 1950 radix,
926 1895 1004 1938 ubi
1034 1904 1233 1954 portatur
1260 1894 1441 1938 oleaster
1463 1895 1663 1939 insertus.
1689 1913 1708 1936 «
1735 1897 1836 1938 Per-

452 1983 471 2005 »
506 1966 587 2009 fiee
608 1965 780 2008 vineam
802 1966 926 2009 istam
947 2000 957 2019 ,
979 1980 1111 2024 quam
1136 1965 1348 2023 plantavit
1371 1965 1544 2008 dextera
1567 1973 1658 2008 tua.
1691 1982 1711 2005 »
1749 1963 1833 2009 Sed

447 2036 524 2078 ubi
547 2035 745 2094 perficit?
765 2054 785 2077 «
806 2037 863 2078 Et
883 2050 1012 2093 super
1026 2034 1165 2078 filium
1184 2035 1386 2089 hominis,
1412 2050 1544 2095 quem
1567 2034 1832 2079 confirmasti

450 2124 470 2147 »
506 2105 600 2149 tibi.
630 2124 649 2146 »
676 2104 790 2158 Quid
811 2104 1077 2149 evidentius?
1102 2105 1213 2158 Quid
1235 2105 1378 2150 adhuc
1400 2106 1653 2166 expectatis,
1679 2115 1729 2150 ut
1749 2121 1831 2150 vo-

449 2176 514 2220 bis
529 2175 794 2236 disputando
825 2192 1114 2235 exponamus,
1154 2186 1197 2221 et
1218 2192 1307 2221 non
1333 2177 1477 2237 potius
1502 2177 1730 2222 vobiscum
1752 2176 1831 2222 ad—

445 2247 644 2290 mirando
657 2246 907 2291 clamemus:
919 2266 938 2289 «
956 2246 1119 2291 Perfice
1127 2247 1297 2291 vineam
1310 2247 1451 2303 istam,
1471 2263 1603 2308 quam
1617 2247 1831 2307 plantavit

447 2335 468 2359 »
504 2316 677 2362 dextera
704 2327 800 2372 tua,
839 2326 882 2362 et
908 2333 1036 2377 super
1067 2317 1207 2361 filium
1229 2318 1414 2362 hominis
1453 2337 1473 2359 »
1512 2333 1606 2362 eam
1642 2319 1830 2378 perfice?

445 2390 585 2440 Quem
600 2388 739 2432 filium
754 2388 968 2432 hominis?
988 2407 1008 2430 «
1031 2393 1167 2441 Quem
1181 2389 1444 2433 confirmasti
1466 2389 1561 2432 tibi.
1582 2407 1602 2430 »
1616 2392 1828 2448 Magnum

444 2459 763 2503 firmamentum
796 2479 805 2503 ε
837 2459 1003 2504 aedifica
1024 2468 1237 2520 quantum
1259 2469 1396 2519 potes.
1427 2479 1447 2502 «
1472 2460 1826 2505 Fundamentum

490 2561 498 2578 ¹
526 2554 606 2587 Psal.
627 2566 718 2588 Lxxix
733 2580 742 2597 ‚
767 2554 818 2597 1⁴¹-
835 2571 877 2578 —
897 2562 910 2579 2
929 2555 975 2587 Id.
994 2566 1056 2588 xcv
1072 2580 1081 2597 ‚
1106 2566 1156 2589 12.
1189 2572 1230 2579 --
1257 2553 1460 2599 31d.1.xx1x,
1478 2555 1516 2589 15
1531 2580 1540 2598 ‚
1565 2556 1617 2590 16.
1643 2573 1685 2580 —
1702 2554 1720 2587 4
1743 2559 1823 2592 Gen.

443 2621 522 2653 xxu,
544 2614 595 2644 18.

1915 198 1919 280 Ξ

1916 285 1920 324 1

1917 345 1921 414 ἱ

1918 417 1922 464 ἓ

1918 465 1922 513 ξ

1920 693 1924 717 ἰ

1921 723 1924 749 l

1921 787 1924 864 ἐ
