1926 3339
434 327 674 356 ENARRATIO
706 331 749 356 11⁸1
783 330 985 357 PsALMUM
1020 333 1100 357 xci.
1376 324 1460 361 339

73 391 134 434 ait
165 390 276 445 illis,
312 407 511 451 quaerens
537 393 652 452 ipse,
692 394 780 438 imo
809 409 1067 439 conservans
1100 396 1274 438 nomina
1302 411 1454 440 eorum

73 460 192 520 apud
213 476 257 505 se
278 480 287 506 ι
314 478 334 504 (ι
353 462 494 508 Nolite
516 462 703 520 gaudere
727 464 831 518 hoc,
857 464 1041 521 gaudete
1065 473 1210 508 autem
1233 465 1353 523 quod
1371 481 1453 509 no-

75 547 96 572 »
130 531 247 576 mina
267 541 407 577 vestra
441 532 598 592 scripta
619 542 722 578 sunt
751 534 798 578 in
828 534 986 578 coelo².
1018 552 1037 575 »
1069 537 1181 579 Ecce
1213 535 1291 578 ubi
1321 535 1454 579 habes

70 615 257 656 nomen,
282 601 318 645 si
338 611 388 646 tu
414 618 575 647 nomen
608 604 683 647 Dei
712 619 802 648 non
834 604 1038 662 negligas.
1080 604 1217 649 Psalle
1240 619 1343 663 ergo
1373 620 1455 650 no-

70 671 177 714 mini
195 671 298 727 Dei,
323 681 373 716 ut
389 672 523 716 fixum
545 675 599 717 sit
615 673 732 733 apud
756 677 893 719 Deum
915 689 1077 721 nomen
1100 684 1240 719 tuum.
1268 674 1455 719 Psallere

71 749 219 786 autem
245 742 352 802 quid
386 753 472 799 est,
505 744 688 788 fratres?
725 744 981 789 Psalterium
1012 746 1161 803 organi
1193 760 1328 804 genus
1365 755 1454 800 est,

71 811 255 857 chordas
288 813 434 857 habet.
466 815 586 874 Opus
611 824 833 871 nostrum,
871 816 1122 875 psalterium
1144 827 1343 861 nostrum
1374 825 1452 860 est.

73 883 348 944 Quicumque
370 885 570 930 manibus
591 896 796 946 operatur
816 902 948 946 opera
976 888 1114 942 bona,
1151 887 1297 947 psallit
1330 891 1420 932 Deo
1448 907 1457 932 2

73 954 342 1015 quicumque
364 972 438 1001 ore
454 958 687 1002 confitetur
702 993 713 1013 ‚
739 967 886 1002 cantat
908 961 1012 1003 Deo.
1034 961 1173 1004 Canta
1195 974 1269 1003 ore
1289 994 1301 1014 ‚
1326 958 1462 1018 psalle

75 1025 295 1085 operibus.
320 1025 391 1071 Ad
407 1043 540 1088 quam
561 1043 653 1072 rem
672 1029 690 1070 ?

134 1098 209 1140 IV.
235 1116 256 1139 «
280 1097 349 1141 Ad
371 1097 724 1143 annuntiandum
745 1114 872 1144 mane
889 1099 1231 1150 misericordiam
1250 1110 1372 1145 tuam
1387 1136 1398 1156 ,
1425 1110 1470 1145 et

77 1185 98 1209 n
131 1165 358 1211 veritatem
382 1177 499 1213 tuam
536 1184 613 1229 per
649 1178 823 1214 noctem
841 1174 872 1212 ².
897 1189 918 1211 »
951 1170 1070 1224 Quid
1096 1171 1177 1215 sibi
1203 1171 1328 1228 vult,
1360 1172 1464 1232 quia

75 1252 200 1281 mane
231 1238 532 1284 annuntianda
559 1249 622 1284 est
651 1239 944 1284 misericordia
979 1241 1083 1294 Dei,
1113 1251 1156 1285 et
1188 1257 1265 1302 per
1287 1252 1463 1287 noctem

75 1307 230 1352 veritas
254 1309 360 1352 Dei?
381 1312 510 1354 Mane
536 1309 720 1366 dicitur,
750 1311 927 1371 quando
956 1312 1080 1356 nobis
1106 1312 1221 1356 bene
1243 1322 1307 1357 est
1334 1332 1342 1357 :
1377 1329 1465 1357 nox

75 1377 258 1435 dicitur,
284 1379 462 1440 quando
480 1381 651 1437 tristitia
672 1381 964 1426 tribulationis
987 1393 1064 1427 est.
1088 1383 1203 1436 Quid
1226 1399 1329 1442 ergo
1354 1384 1463 1427 dixit

6 1499 12 1502 ,
77 1449 295 1496 breviter?
312 1450 494 1504 Quando
521 1452 601 1495 tibi
620 1452 731 1496 bene
754 1463 844 1507 est,
871 1453 1012 1512 gaude
1038 1457 1125 1498 Deo
1143 1490 1155 1510 ‚
1181 1455 1285 1515 quia
1302 1454 1469 1498 miseri-

78 1521 224 1566 cordia
244 1523 374 1582 ipsius
392 1532 469 1567 est.
486 1526 510 1567 J
515 1538 583 1567 am
605 1532 655 1567 tu
671 1522 785 1568 forte
802 1523 966 1569 diceres
985 1544 993 1570 :
1014 1525 1056 1570 Si
1075 1540 1153 1583 ego
1172 1525 1341 1584 gaudeo
1362 1530 1466 1580 Deo,

79 1593 257 1653 quando
275 1594 382 1637 mihi
396 1594 508 1638 bene
525 1604 602 1650 est,
616 1595 717 1655 quia
734 1595 1025 1640 misericordia
1043 1596 1176 1655 ipsius
1192 1605 1255 1641 est
1272 1597 1469 1657 3quando

79 1663 124 1708 in
145 1664 337 1720 tristitia,
362 1664 409 1709 in
431 1664 714 1710 tribulatione
737 1682 855 1721 sum,
881 1667 989 1727 quid
1007 1666 1148 1712 facio?
1170 1668 1470 1713 Misericordia

79 1735 213 1794 ipsius
234 1745 298 1780 est
316 1767 327 1792 9
353 1736 532 1796 quando
554 1737 661 1780 mihi
683 1737 796 1781 hene
818 1746 905 1795 est3
928 1737 1161 1782 erudelitas
1184 1753 1286 1797 ergo
1309 1739 1440 1798 ipsius
1455 1775 1467 1795 ‚

79 1806 257 1868 quando
286 1806 398 1853 male
428 1809 522 1852 est?
553 1809 595 1853 Si
616 1807 750 1853 laudo
772 1808 1133 1864 misericordiam,
1160 1809 1338 1869 quando
1357 1811 1470 1856 bene

80 1888 170 1937 est3
196 1878 511 1938 reprehendam
543 1895 646 1939 ergo
669 1879 968 1924 crudelitatem
988 1917 998 1934 ‚
1025 1881 1203 1941 quando
1239 1883 1353 1927 male
1377 1885 1472 1928 est?

79 1954 192 1997 Non.
207 1951 291 1996 Sed
308 1950 486 2011 quando
509 1950 620 1993 bene
639 1959 728 2005 est,
752 1949 881 1994 lauda
903 1952 1263 2011 misericordiam;
1289 1955 1467 2013 quando

79 2022 192 2066 male
208 2056 219 2077 ,
244 2020 374 2065 lauda
405 2021 632 2065 veritatem
658 2039 667 2064 ε
693 2021 795 2080 quia
815 2031 991 2080 peccata
1019 2022 1238 2080 flagellat,
1279 2040 1369 2068 non
1402 2034 1466 2069 est

25 2092 31 2098 ’
79 2093 270 2153 iniquus.
298 2095 350 2135 In
370 2100 498 2136 nocte
520 2100 612 2135 erat
633 2091 806 2146 Daniel,
832 2091 1009 2152 quando
1032 2093 1197 2138 orabat.
1224 2097 1330 2138 Erat
1351 2096 1468 2140 enim

79 2165 126 2209 in
142 2164 389 2224 captivitate
411 2161 651 2207 Jerusalem
669 2197 680 2216 ‚
701 2172 793 2206 erat
814 2163 860 2206 in
881 2173 1093 2222 potestate
1110 2165 1317 2218 hostium.
1346 2170 1469 2220 Tunc

80 2234 219 2279 multa
249 2233 363 2278 mala
390 2233 526 2278 sancti
550 2232 828 2292 patiebantur
851 2253 859 2278 :
886 2242 993 2278 tunc
1013 2234 1102 2294 ipse
1129 2235 1175 2279 in
1203 2235 1347 2281 lacum
1374 2237 1467 2282 leo-

80 2322 189 2351 num
209 2306 362 2350 missus
379 2313 458 2360 est,
475 2313 582 2349 tuuc
595 2313 680 2348 tres
695 2305 819 2364 pueri
834 2305 879 2348 in
900 2305 1047 2364 iguem
1068 2307 1325 2367 praecipitati
1347 2318 1463 2354 sunt„

81 2379 186 2421 Haec
207 2375 453 2436 patiebatur
481 2375 526 2417 in
547 2374 796 2433 captivitate
819 2375 1008 2434 populus
1041 2377 1174 2420 Israel
1197 2396 1206 2422 ε
1238 2394 1325 2422 nox
1356 2388 1462 2423 erat.

82 2452 164 2493 Per
184 2456 358 2492 noctem
374 2445 666 2490 confitebatur
687 2446 838 2490 Daniel
860 2447 1084 2491 veritatem
1104 2449 1180 2491 Dei
1197 2467 1205 2492 :
1228 2448 1402 2494 dicebat
1423 2450 1469 2494 in

83 2519 304 2564 oratione:
329 2537 349 2559 «
370 2517 647 2561 Peccavimus
663 2552 673 2570 ,
700 2517 832 2576 impie
854 2517 1035 2575 egimus,
1061 2519 1335 2578 iniquitatem
1358 2520 1466 2565 feci-

89 2610 108 2632 »
141 2605 266 2634 mus:
291 2588 395 2642 tibi,
421 2587 623 2641 Domine,
650 2587 784 2646 gloria
801 2623 811 2642 ‚
837 2588 962 2631 nobis
984 2587 1222 2633 confusiosss.
1250 2609 1268 2630 n
1297 2592 1465 2635 Verita-

132 2680 141 2697 ¹
158 2676 234 2706 Luc.
253 2684 286 2714 x,
305 2683 341 2714 17
361 2676 395 2704 et
411 2680 464 2702 20.
492 2687 535 2693 —-
556 2677 568 2693 ²
588 2670 665 2702 Psal.
687 2682 746 2711 xm,
767 2672 797 2702 3,
818 2688 859 2693 -
882 2670 895 2694 3
916 2675 992 2703 Dan*
1019 2684 1061 2713 m,
1082 2673 1114 2712 5,
1136 2685 1165 2714 7·

1221 2728 1269 2754 ἃ)
