1926 3339
450 288 535 328 454
864 303 897 328 s.
933 299 1163 330 Auovsmrm
1198 302 1375 330 museom

444 365 608 410 >ardere
632 374 780 408 sancto
802 365 922 422 igno,
948 375 998 409 ut
1023 366 1143 410 foeno
1164 375 1444 426 consumpto,
1471 365 1695 426 splendeat
1717 382 1833 427 prae-

461 437 617 480 tiosum
655 434 775 494 quod
809 435 991 479 redimit
1017 438 1226 481 Christus.
1264 440 1403 495 Ergo,
1433 457 1451 479 «
1476 438 1589 496 Ignis
1614 447 1712 482 ante
1734 454 1835 483 eum

456 526 476 548 n
513 505 700 566 praeibit,
722 514 764 548 et
782 505 1071 549 inflammabit
1087 508 1129 550 in
1147 508 1328 551 circuitu
1350 508 1545 553 inimicos
1568 510 1673 569 ejus.
1688 527 1709 550 »
1726 511 1837 554 Sunt

453 578 529 638 qui
561 575 790 619 salubriter
817 585 1034 630 arserunt,
1067 577 1197 621 hodie
1226 577 1373 621 fideles
1395 581 1488 639 ejus
1513 589 1642 637 sunt3
1671 580 1836 624 inimici

451 651 542 708 ejus
556 657 699 702 erant,
721 656 764 690 et
781 663 898 691 nunc
911 648 998 707 jam
1016 647 1163 692 fideles
1185 650 1276 709 ejus
1299 658 1422 694 sunt:
1443 651 1601 710 quaeris
1617 651 1829 706 inimicos,

449 735 539 763 non
561 727 688 767 sunt;
708 718 954 777 consumpti
975 727 1097 773 sunt,
1121 729 1341 764 arserunt:
1362 721 1545 764 charitas
1566 722 1836 781 consumpsit

449 790 495 833 in
518 789 576 832 eis
601 787 722 849 quod
751 789 1126 848 persequebantur
1147 790 1391 843 Christum,
1416 799 1460 834 et
1484 791 1687 850 purgavit
1708 792 1753 835 in
1775 793 1834 836 eis

448 860 568 922 quod
590 858 817 904 crederent
838 860 882 903 in
904 860 1146 905 Christum:
1168 864 1258 906 «Et
1275 861 1567 906 inflammabit
1587 863 1632 906 in
1649 862 1836 907 circuitu

453 950 474 974 »
510 931 706 975 inimicos
726 932 832 991 ejus.
860 950 880 972 »

505 1005 630 1046 VIII.
660 1022 679 1044 «
698 1005 1006 1061 Apparuerunt
1028 1002 1200 1062 fulgura
1221 1005 1313 1064 ejus
1334 1005 1428 1049 orbi
1447 1013 1571 1049 terrae
1586 1006 1616 1048 ¹.
1636 1023 1657 1046 n
1678 1006 1836 1063 Magna

448 1073 670 1118 exultatio.
688 1076 843 1117 Nonne
864 1072 1095 1117 videmus?
1116 1090 1262 1118 nonne
1284 1074 1563 1119 manifestum
1584 1077 1835 1135 estPAppa-

445 1154 629 1188 ruerunt
658 1144 831 1202 fulgura
866 1145 956 1204 ejus
989 1145 1201 1189 universae
1236 1156 1396 1189 terrae:
1439 1146 1696 1190 inflammati
1733 1155 1836 1190 sunt

445 1214 632 1269 inimici,
661 1214 825 1258 incensi
851 1223 954 1258 sunt
975 1215 1153 1259 inimici.
1182 1216 1297 1259 Arsit
1324 1216 1541 1276 quidquid
1568 1217 1836 1261 contradice—

444 1285 536 1339 bat,
559 1293 602 1328 et
624 1303 641 1324 «
655 1287 966 1344 Apparuerunt
988 1284 1162 1345 fulgura
1177 1288 1267 1346 ejus
1287 1287 1382 1331 orbi
1405 1296 1545 1331 terrae.
1565 1305 1585 1328 »
1605 1286 1837 1340 Quomodo

440 1358 772 1415 apparuerunt?
796 1359 851 1400 Ut
868 1358 959 1416 jam
982 1356 1224 1401 crederent.
1248 1357 1374 1402 Unde
1396 1357 1598 1416 fulgura?
1619 1361 1681 1402 De
1706 1358 1837 1402 nubi-

443 1428 541 1471 bus.
569 1430 677 1480 Quae
705 1436 809 1472 sunt
837 1428 976 1472 nubes
1006 1429 1112 1472 Dei?
1142 1428 1449 1473 Praedicatores
1472 1430 1678 1474 veritatis.
1706 1430 1836 1474 Vides

443 1508 590 1543 autem
612 1499 776 1543 nubem
793 1535 804 1552 ‚
830 1500 876 1543 in
898 1500 1010 1544 coelo
1038 1501 1293 1545 nebulosam
1312 1537 1322 1556 ‚
1350 1502 1579 1546 obscuram
1593 1537 1604 1554 ,
1637 1511 1680 1545 et
1702 1501 1838 1545 habet

441 1571 560 1614 intus
595 1570 740 1614 nescio
769 1569 879 1630 quid.
914 1570 1068 1615 latens.
1105 1572 1148 1616 Si
1183 1581 1381 1616 coruscet
1412 1571 1467 1616 de
1497 1573 1640 1627 nube,
1675 1573 1836 1616 emicat

442 1641 648 1701 splendor
676 1661 685 1686 ε
718 1658 768 1685 ex
798 1658 848 1686 eo
880 1643 972 1701 ipso
1001 1642 1122 1703 quod
1153 1644 1490 1700 contemnebas,
1532 1644 1635 1688 inde
1676 1643 1836 1689 exilivit

443 1712 564 1773 quod
578 1728 847 1772 expavescas.
866 1714 982 1757 Misit
999 1730 1101 1773 ergo
1116 1716 1326 1759 Dominus
1341 1724 1486 1760 noster
1500 1718 1524 1759 J
1527 1731 1624 1759 esus
1638 1715 1835 1760 Christus

442 1783 673 1843 Apostolos
694 1800 809 1839 suos,
831 1783 1136 1844 praedicatores
1155 1802 1273 1841 suos,
1297 1785 1420 1831 velut
1436 1786 1576 1831 nubes
1599 1805 1607 1831 :
1627 1785 1835 1831 videban-

437 1862 510 1897 tur
533 1855 730 1898 homines
754 1864 797 1898 et
826 1856 1253 1915 contemnebantur3
1279 1857 1504 1918 quomodo
1525 1856 1732 1902 videntur
1752 1872 1834 1900 nu-

437 1924 541 1979 bes,
586 1934 632 1969 et
667 1935 1033 1982 contemnuntur,
1074 1937 1308 1988 antequam
1350 1929 1405 1972 de
1441 1928 1500 1972 eis
1534 1927 1680 1972 exiliat
1714 1926 1836 1987 quod

439 1996 622 2040 mireris.
640 1999 777 2040 Erant
796 1998 912 2040 enim
926 1997 989 2041 illi
1011 1998 1199 2057 primum
1212 1999 1410 2043 homines
1424 2013 1599 2043 carnem
1613 2007 1835 2058 portantes

434 2067 623 2124 infirmi3
655 2067 814 2112 deinde
849 2068 998 2113 idiotae
1018 2105 1028 2124 ‚
1063 2069 1253 2123 indocti,
1285 2070 1530 2129 ignobiles:
1566 2068 1642 2112 sed
1677 2068 1835 2113 eratin

438 2137 522 2181 illis
545 2138 665 2198 quod
686 2138 949 2198 fulguraret,
976 2149 1067 2184 erat
1084 2141 1129 2184 in
1150 2140 1234 2185 illis
1257 2139 1377 2201 quod
1407 2149 1667 2184 coruscaret.
1695 2142 1834 2184 Acce-

441 2208 574 2252 debat
603 2213 754 2253 Petrus
785 2211 919 2255 homo
948 2211 1159 2270 piscator,
1200 2212 1373 2266 orabat,
1406 2220 1451 2255 et
1480 2210 1686 2270 surgebat
1713 2226 1833 2254 mor-

439 2288 541 2324 tuus
559 2284 591 2324 ².
616 2284 773 2325 Forma
796 2282 987 2326 humana
1011 2283 1150 2327 nubes
1173 2293 1286 2337 erat,
1318 2282 1524 2342 splendor
1543 2281 1739 2327 miraculi
1755 2297 1833 2327 co—

439 2352 628 2396 ruscatio
660 2362 765 2396 erat.
810 2353 877 2398 Sic
906 2354 951 2397 in
984 2354 1152 2409 verbis,
1178 2355 1238 2399 sic
1260 2355 1305 2398 in
1330 2354 1474 2409 factis,
1512 2369 1613 2399 cum
1636 2353 1833 2398 miranda

437 2421 591 2466 dicunt
608 2457 618 2477 ‚
645 2431 688 2466 et
709 2422 905 2467 miranda
932 2422 1122 2479 faciunt,
1153 2444 1172 2467 «
1200 2429 1510 2485 Apparuerunt
1533 2424 1708 2483 fulgura
1739 2425 1832 2484 ejus

441 2492 571 2537 »orbi
597 2502 734 2536 terrae.
759 2492 893 2548 Vidit,
910 2504 1180 2540 etcommota
1203 2505 1404 2540 estterra.
1430 2515 1450 2537 »
1467 2495 1509 2540 Si
1525 2495 1639 2539 enim
1664 2511 1754 2539 non
1767 2503 1832 2539 est

437 2579 619 2619 verum3
644 2564 677 2607 si
699 2579 788 2607 non
812 2574 901 2608 tota
931 2575 1042 2609 terra
1070 2566 1160 2625 jam
1183 2567 1413 2610 christiana
1442 2566 1626 2620 clamat,
1653 2568 1794 2620 Amen
1811 2600 1823 2620 ,

495 2655 503 2669 ¹
520 2647 601 2678 Psal.
623 2659 705 2687 xcvr,
732 2646 764 2687 4.
787 2665 825 2670 —
845 2655 857 2669 2
881 2650 950 2680 Act.
971 2661 1014 2689 ix,
1034 2649 1062 2689 4.
