1926 3339
433 380 517 420 344
869 392 901 420 s.
939 393 1166 422 Aticus'rnw
1200 396 1378 423 EPISCOPI

430 461 528 504 Non
547 458 715 502 distulit
737 460 1092 503 resurrectionem
1114 475 1250 514 suam,
1267 475 1322 503 ne
1339 469 1388 504 tu
1408 460 1550 505 adhuc
1569 460 1806 505 dubitares.

430 532 495 574 Eo
528 544 628 588 ergo
662 531 748 573 fine
779 539 927 589 patere
955 540 999 574 et
1032 530 1166 575 tolera
1200 531 1498 576 tribulationes
1535 532 1581 576 in
1611 531 1807 588 mundo,

429 616 561 661 quem
583 600 803 644 attendisti
819 601 864 644 in
877 601 1068 646 Christo:
1086 611 1129 645 et
1150 618 1239 647 non
1260 611 1302 646 te
1323 611 1527 647 moveant
1548 604 1624 664 qui
1645 603 1812 648 faciunt

427 671 565 726 mala,
591 679 634 714 et
655 670 700 713 in
735 671 815 714 isto
841 670 1001 715 saeculo
1028 671 1201 716 florent.
1231 692 1252 715 «
1275 673 1411 718 Nimis
1433 672 1664 732 profundae
1686 673 1812 718 factae

431 759 451 782 υ
487 750 589 784 sunt
610 740 893 799 cogitationes
916 741 1007 784 Dei.
1026 759 1044 782 »
1071 741 1155 786 Ubi
1178 751 1241 786 est
1262 743 1466 802 cogitatio
1490 743 1593 787 Dei?
1609 743 1678 787 Ad
1699 760 1813 804 prae-

427 825 522 854 sens
541 810 732 854 habenas
755 810 892 868 laxat3
916 809 991 854 sed
1012 820 1161 870 postea
1183 812 1404 870 astringet.
1430 812 1528 859 Noli
1546 814 1734 872 gaudere
1757 813 1814 859 ad

426 881 611 940 piscem,
635 882 711 941 qui
737 880 784 924 in
808 896 903 926 esca
925 896 999 925 sua
1028 881 1220 940 exultat3
1251 883 1451 927 nondum
1473 884 1601 928 traxit
1630 885 1813 929 hamum

424 951 612 1010 piscator
629 970 638 996 :
656 966 755 995 nam
770 952 860 1011 jam
883 950 955 996 ille
974 952 1156 996 hamum
1178 952 1309 997 habet
1327 954 1372 997 in
1389 952 1604 998 faucibus.
1619 957 1676 999 Et
1693 954 1814 1015 quod

427 1021 508 1065 tibi
527 1021 702 1066 videtur
722 1021 921 1081 longum,
937 1024 1068 1068 breve
1091 1033 1154 1068 est
1171 1043 1180 1069 :
1199 1025 1343 1069 omnia
1361 1026 1440 1069 ista
1462 1025 1548 1070 cito
1569 1035 1809 1070 transeunt.

426 1091 544 1146 Quid
565 1102 628 1137 est
649 1091 779 1152 longa
801 1095 888 1138 vita
910 1091 1097 1140 hominis
1114 1095 1169 1139 ad
1191 1096 1479 1141 aeternitatem
1502 1097 1609 1141 Dei?
1634 1098 1703 1141 Vis
1725 1113 1815 1141 esse

425 1162 684 1221 longanimis
703 1166 720 1207 Ξ)
744 1163 854 1208 Vide
878 1166 1164 1209 aeternitatem
1187 1166 1294 1210 Dei?
1317 1169 1425 1212 Nam
1444 1166 1630 1212 attendis
1652 1167 1707 1211 ad
1724 1166 1814 1212 dies

425 1241 522 1277 tuos
545 1249 722 1292 paucos,
744 1243 785 1277 et
808 1233 963 1278 diebus
987 1235 1072 1279 tuis
1094 1237 1240 1295 paucis
1259 1236 1322 1280 vis
1343 1235 1515 1296 impleri
1532 1237 1814 1290 omnia.Quae

424 1303 602 1347 omnia?
626 1306 680 1347 Ut
703 1303 968 1349 damnentur
989 1321 1138 1350 omnes
1162 1306 1298 1365 impii,
1315 1316 1358 1350 et
1380 1317 1645 1352 coronentur
1665 1322 1814 1352 omnes

421 1373 544 1416 boni.
572 1374 667 1418 Istis
691 1373 846 1419 diebus
870 1376 955 1420 tuis
981 1376 1046 1420 vis
1080 1376 1175 1420 haec
1197 1376 1396 1436 impleri?
1420 1377 1579 1437 Implet
1599 1377 1673 1422 illa
1701 1381 1814 1422 Deus

422 1452 620 1503 tempore
655 1460 749 1488 suo.
780 1445 896 1498 Quid
931 1455 980 1490 tu
1001 1445 1182 1490 taedium
1208 1447 1365 1506 pateris
1387 1457 1430 1491 et
1451 1446 1586 1492 facis?
1609 1450 1814 1492 AEternus

422 1524 509 1570 est,
531 1515 699 1571 tardat,
721 1516 982 1575 longanimis
1003 1528 1091 1563 est:
1113 1527 1160 1562 tu
1180 1528 1327 1562 autem
1344 1519 1470 1563 dicis:
1499 1520 1604 1564 Ideo
1626 1535 1707 1578 ego
1724 1535 1814 1564 non

421 1601 518 1630 sum
551 1586 835 1645 longanimis,
869 1589 972 1649 quia
1005 1590 1254 1649 temporalis
1277 1607 1388 1634 sum.
1420 1590 1505 1636 Sed
1525 1592 1577 1635 'in
1599 1600 1813 1650 potestate

419 1657 555 1701 habes
576 1674 587 1701 .·
609 1659 745 1717 junge
768 1674 842 1702 cor
864 1668 990 1703 tuum
1011 1661 1242 1704 aeternitati
1273 1661 1372 1716 Dei,
1399 1671 1441 1705 et
1463 1677 1561 1705 cum
1587 1661 1662 1705 illo
1683 1671 1813 1706 aeter-

420 1742 503 1771 nus
521 1727 617 1771 eris.
636 1727 747 1781 Quid
772 1729 888 1772 enim
912 1729 1079 1774 dictum
1103 1740 1166 1775 est
1189 1730 1243 1774 de
1260 1730 1605 1790 temporalibus?
1623 1750 1642 1772 «
1664 1731 1813 1776 Omnis

425 1815 445 1839 »
482 1813 582 1841 caro
599 1797 787 1853 foenum,
809 1808 853 1843 et
870 1800 1009 1844 omnis
1035 1799 1205 1844 claritas
1228 1801 1367 1844 carnis
1391 1810 1439 1844 ut
1462 1802 1540 1845 flos
1561 1799 1670 1845 foeni
1697 1821 1705 1846 ;
1731 1801 1812 1845 foe-

425 1886 446 1909 »
482 1883 589 1911 num
613 1869 748 1924 aruit,
776 1879 819 1913 et
842 1870 921 1914 flos
944 1870 1151 1915 decidit1.
1181 1889 1201 1912 »
1233 1872 1389 1915 Omnia
1420 1887 1521 1930 ergo
1549 1882 1750 1917 arescunt
1771 1882 1815 1918 et

421 1937 633 1982 decidunt
655 1958 662 1982 :
683 1955 772 1983 non
793 1940 979 1984 verbum
1001 1940 1126 1985 illud.
1151 1942 1379 1986 «Verbum
1393 1943 1507 1986 enim
1526 1943 1699 1987 Domini
1716 1959 1812 1988 ma-

423 2026 444 2049 »
479 2018 556 2053 net
572 2009 618 2053 in
641 2019 901 2056 aeternum.»
917 2012 1085 2056 Transit
1105 2011 1293 2068 foenum,
1310 2013 1464 2058 transit
1480 2013 1650 2058 claritas
1673 2013 1808 2061 foeni:

420 2079 497 2123 sed
518 2080 650 2124 habes
667 2097 755 2141 quo
774 2091 817 2125 te
838 2091 1007 2141 teneas3
1028 2083 1248 2127 «Verbum
1274 2084 1446 2128 Domini
1465 2094 1611 2128 manet
1633 2085 1678 2129 in
1691 2095 1813 2129 aeter-

421 2167 442 2191 >›
477 2166 600 2195 num.
621 2171 641 2192 »
668 2153 744 2196 Dic
772 2168 875 2212 ergo
897 2153 960 2197 illi
984 2174 992 2198 :
1017 2173 1037 2196 «
1062 2155 1197 2200 Nimis
1215 2154 1449 2214 profundae
1468 2153 1593 2199 factae
1616 2165 1719 2200 sunt
1740 2172 1813 2201 co-

421 2238 442 2262 »
478 2222 706 2280 gitationes
744 2232 847 2267 tuae.
877 2242 896 2265 »
923 2224 1117 2268 Tenuisti
1152 2224 1321 2282 lignum
1335 2260 1346 2280 ‚
1387 2225 1539 2269 transis
1572 2241 1650 2285 per
1684 2227 1812 2272 istam

416 2290 779 2350 profunditatem.
812 2293 944 2338 Vides
974 2295 1034 2338 ibi
1057 2293 1256 2355 aliquid?
1291 2294 1496 2354 intelligis
1519 2295 1580 2340 ihi
1613 2295 1811 2356 aliquid?

418 2362 620 2420 Intelligo
636 2398 647 2418 ,
673 2363 792 2408 dicis.
823 2364 865 2409 Si
881 2366 971 2424 jam
991 2365 1262 2410 Christianus
1280 2380 1323 2409 es
1341 2401 1352 2420 ,
1387 2375 1430 2409 et
1448 2366 1560 2410 bene
1583 2366 1779 2412 eruditus
1794 2402 1806 2424 ,

418 2430 550 2487 dicis,
591 2434 703 2476 Deus
727 2434 893 2493 judicio
921 2451 998 2479 suo
1028 2444 1215 2480 reservat
1247 2435 1407 2479 omnia.
1445 2436 1555 2480 Boni
1575 2436 1805 2493 laborant,

415 2502 515 2562 quia
538 2503 813 2561 flagellantur
835 2514 883 2548 ut
898 2504 995 2550 filii:
1017 2505 1118 2549 mali
1135 2506 1345 2561 exultant,
1362 2508 1462 2567 quia
1479 2506 1745 2552 damnantur
1757 2518 1808 2553 ut

415 2573 557 2617 alieni.
587 2578 702 2618 Duos
721 2575 830 2619 filios
850 2576 981 2620 habet
1000 2578 1156 2634 homo3
1183 2578 1366 2622 alterum
1389 2580 1596 2637 castigat,
1619 2579 1805 2624 alterum

415 2643 622 2690 dimittit:
644 2645 746 2691 facit
769 2663 882 2691 unus·
901 2647 1028 2702 male,
1050 2657 1092 2692 et
1111 2664 1197 2693 non
1216 2649 1447 2708 corripitur
1470 2665 1489 2694 a
1516 2659 1665 2708 patre3
1690 2649 1804 2693 alter

469 2736 474 2751 ¹
494 2730 563 2761 lsai,
587 2741 636 2770 xii,
656 2730 725 2762 6-8.
