1926 3339
463 243 484 281 4
853 249 884 276 s.
923 250 1149 276 ALGusl'm‘l
1183 249 1360 275 emscom

459 318 566 380 quid
586 317 700 361 visco
734 315 924 376 quodam
958 313 1094 371 illigat
1117 347 1127 367 ,
1163 322 1206 356 et
1243 327 1374 355 onere
1407 319 1612 370 aggravat
1642 308 1837 353 volatum

459 398 677 440 nostrum,
702 386 839 430 donec
867 384 1167 444 perveniamus
1199 383 1254 427 ad
1281 382 1326 426 id
1358 381 1477 442 quod
1510 380 1695 435 sufficit,
1726 378 1839 423 ultra

459 458 577 519 quod
601 456 709 501 nihil
727 466 813 509 est,
849 454 962 498 infra
991 453 1111 513 quod
1143 461 1244 496 sunt
1277 452 1445 506 omnia,
1471 460 1514 494 et
1542 467 1592 494 ex
1619 465 1707 510 quo
1737 456 1840 492 sunt

459 528 619 572 onmia.
646 530 815 570 Patrem
836 524 998 584 quippe
1030 523 1171 581 ipsum
1194 521 1369 566 volebat
1401 520 1626 579 Philippus
1648 518 1836 571 intueri,

457 607 499 641 et
519 596 691 640 dicebat
713 593 898 638 Domino
916 595 1018 636 Jesu
1032 591 1224 636 Christo:
1248 610 1268 633 «
1289 590 1480 635 Ostende
1503 590 1627 633 nobis
1646 593 1836 642 Patrem,

462 686 482 708 »
518 676 561 710 ct
582 666 742 710 suflicit
770 663 895 707 nobis
921 681 929 706 :
958 681 979 703 »
1011 672 1217 721 tanquam
1248 660 1402 705 tandiu
1424 660 1487 703 illi
1510 658 1841 703 transiliendum

459 744 568 780 esset
591 733 805 794 quidquid
844 732 963 776 aliud
984 740 1118 786 esset,
1144 731 1283 775 donec
1305 731 1553 789 perveniret
1569 728 1624 773 ad
1649 732 1838 784 Patrem,

457 805 534 849 ubi
549 806 641 864 jam
671 818 846 847 securus
868 801 1106 856 assisteret,
1131 809 1173 844 et
1195 800 1303 861 quid
1325 800 1364 843 ei
1384 799 1499 843 ultra
1529 797 1842 859 requirendum

457 884 567 920 esset
589 890 678 918 non
697 874 890 918 haberet.
910 875 1002 917 Hoc
1020 881 1083 916 est
1107 872 1244 926 enim,
1271 890 1290 912 «
1315 871 1497 916 Sufficit.
1526 888 1547 911 »
1572 872 1738 913 Verum
1768 867 1842 912 ille

458 946 534 1007 qui
554 944 769 990 verissime
803 943 993 987 dixerat:
1037 961 1056 983 «
1087 944 1179 999 Ego
1205 950 1248 984 et
1282 944 1407 985 Pater
1429 955 1570 984 unum
1601 940 1796 993 sumus1,
1816 955 1837 979 »

459 1015 686 1061 admonuit
719 1013 996 1073 Philippum,
1017 1012 1253 1072 docuitque
1281 1027 1455 1056 omnem
1483 1011 1729 1065 hominem,
1765 1008 1844 1068 qui

457 1086 679 1132 Christum
712 1082 999 1141 intelligeret,
1035 1083 1163 1126 etiam
1192 1082 1238 1125 in
1269 1097 1320 1126 eo
1354 1081 1514 1125 habere
1547 1081 1679 1124 finem
1705 1114 1715 1134 ,
1739 1078 1843 1139 quia

457 1155 547 1215 ipse
569 1164 612 1198 et
634 1158 759 1198 Pater
786 1168 925 1196 unum
949 1161 1076 1196 sunt:
1104 1171 1124 1193 «
1145 1155 1284 1196 Tanto
1302 1187 1312 1206 ,
1344 1152 1514 1212 inquit,
1546 1160 1742 1210 tempore
1767 1165 1843 1194 vo-

460 1246 480 1268 »
517 1227 683 1270 biscum
705 1239 817 1277 sum,
836 1233 878 1267 et
900 1239 988 1267 non
1005 1223 1169 1267 vidistis
1183 1225 1278 1266 me?
1293 1221 1506 1281 Philippe,
1528 1222 1603 1282 qui
1618 1236 1687 1264 mc
1704 1219 1838 1276 videt,

458 1295 578 1339 videt
600 1304 644 1338 et
666 1298 838 1337 Patrem
852 1296 883 1335 2.
909 1311 928 1333 »
955 1293 1158 1351 Quisquis
1180 1308 1282 1351 ergo
1316 1291 1473 1335 Psalmi
1495 1292 1626 1350 liujus
1646 1291 1841 1334 animum

456 1366 638 1419 sentire,
667 1363 852 1415 imitari,
891 1373 1037 1406 tenere
1071 1362 1191 1417 vult,
1229 1363 1375 1406 onmia
1408 1362 1620 1406 desideria
1658 1360 1845 1406 carnalia

455 1435 687 1488 transiliat,
712 1432 943 1491 saeciiliqiie
968 1433 1098 1492 hujus
1124 1447 1329 1491 pompam
1347 1441 1390 1475 et
1411 1431 1659 1476 illecebram
1678 1431 1842 1487 calcet,

458 1504 653 1564 nihilque
677 1503 757 1547 sibi
791 1501 908 1546 aliud
942 1511 1157 1561 proponat
1186 1502 1263 1545 ubi
1303 1502 1530 1557 consistat,
1567 1502 1723 1546 nisiex
1756 1517 1845 1562 quo

458 1584 559 1618 sunt
581 1574 738 1617 omnia.
763 1576 814 1616 In
836 1572 996 1632 quibus
1016 1572 1219 1615 omnihus
1242 1572 1370 1615 etiam
1388 1573 1475 1631 ipse
1491 1572 1682 1626 laborat,
1705 1572 1845 1617 donec

458 1644 513 1688 ad
532 1645 661 1686 finem
679 1641 1037 1702 perveiiiat'.Quid
1050 1642 1174 1685 nobis
1189 1656 1289 1699 ergo
1308 1641 1470 1686 indicat
1482 1641 1559 1685 iste
1576 1641 1846 1686 transiliens?

518 1717 576 1757 ΙΙ.
607 1734 626 1755 «
647 1716 763 1757 Voce
785 1728 904 1767 mea,
930 1712 1073 1772 inquit
1090 1747 1100 1766 ,
1127 1711 1183 1756 ad
1202 1712 1434 1756 Dominum
1458 1712 1639 1756 clamavi
1655 1714 1686 1756 ³.
1713 1732 1732 1754 »
1760 1712 1847 1757 Sed

459 1784 585 1828 multi
607 1783 796 1828 clamant
817 1783 874 1826 ad
895 1784 1128 1826 Dominum
1149 1797 1226 1841 pro
1249 1781 1407 1826 divitiis
1424 1782 1698 1842 acquirendis
1721 1782 1847 1826 dam-

457 1854 610 1913 nisque
633 1851 875 1897 devitandis
889 1887 900 1906 ,
925 1868 1003 1911 pro
1031 1867 1210 1896 suorum
1228 1852 1366 1896 salute
1381 1887 1391 1907 ,
1412 1868 1491 1911 pro
1513 1851 1747 1896 stabilitate
1769 1852 1848 1897 do-

459 1939 554 1967 mus
572 1939 660 1967 suae
675 1957 688 1977 ,
712 1938 789 1982 pro
812 1921 1016 1966 felicitate
1030 1921 1273 1981 temporali,
1289 1936 1368 1980 pro
1382 1921 1592 1979 dignitate
1612 1920 1810 1966 saeculari
1830 1943 1842 1982 3

459 2002 678 2052 postremo
712 2007 790 2051 pro
817 1992 908 2050 ipsa
932 1991 1063 2034 etiam
1085 1990 1224 2034 salute
1256 1991 1448 2050 corporis
1465 2027 1475 2045 ,
1508 2007 1607 2051 quae
1634 1993 1845 2051 patrimo-

457 2063 577 2107 nium
603 2071 666 2106 cst
696 2062 909 2121 pauperis.
938 2065 1020 2105 Pro
1048 2061 1112 2104 his
1135 2070 1265 2121 atque
1287 2061 1538 2121 hujusmodi
1565 2062 1694 2106 rebus
1716 2062 1845 2107 multi

457 2132 647 2176 clamant
668 2131 724 2175 ad
746 2131 1006 2188 Dominum3
1031 2131 1103 2174 vix
1124 2129 1356 2191 quisquam
1385 2141 1562 2191 propter
1584 2133 1726 2192 ipsum
1756 2136 1845 2178 Do—

458 2203 642 2246 minum.
663 2201 806 2246 Facile
829 2202 990 2261 quippe
1012 2202 1178 2244 homini
1212 2212 1275 2245 est
1297 2201 1527 2261 quodlibet
1555 2202 1798 2247 desiderare
1819 2220 1844 2248 a

458 2273 642 2317 Domino
663 2307 673 2325 ,
699 2281 742 2315 et
762 2271 903 2330 ipsum
926 2271 1155 2314 Dominum
1178 2287 1267 2314 non
1289 2270 1532 2315 desiderare
1558 2292 1567 2316 :
1597 2274 1719 2333 quasi
1738 2289 1842 2318 vero

458 2342 629 2386 suavius
667 2356 755 2384 csse
784 2342 915 2400 possit
940 2341 1061 2401 quod
1083 2340 1182 2395 dat,
1214 2357 1347 2401 quain
1376 2341 1466 2401 ipse
1488 2342 1563 2402 qui
1596 2344 1685 2387 dat.
1713 2344 1843 2397 Quis-

455 2412 552 2472 quis
574 2427 675 2470 ergo
698 2427 776 2470 pro
802 2411 883 2454 alia
905 2426 950 2454 re
974 2410 1169 2470 qualibet
1185 2411 1344 2455 clamat
1363 2411 1418 2455 ad
1440 2413 1672 2456 Dominum
1692 2449 1702 2468 ,
1730 2430 1842 2458 non-

458 2484 565 2526 dum
582 2491 645 2525 cst
658 2480 912 2525 transiliens.
937 2483 1015 2524 Hic
1028 2497 1129 2526 vero
1155 2481 1394 2526 transiliens
1413 2483 1520 2543 quid
1532 2483 1667 2528 dicit?
1684 2504 1701 2525 (ι
1722 2487 1840 2530 Voce

507 2574 515 2590 ¹
540 2569 631 2599 Joan.
656 2577 685 2607 xl,
709 2568 759 2599 30.
783 2584 822 2588 —
846 2575 855 2588 2
879 2568 922 2598 iti,
951 2578 1015 2607 xiv,
1043 2569 1071 2597 9.
1096 2583 1135 2587 ——
1164 2565 1175 2587 3
1193 2568 1258 2597 Psal
1294 2578 1401 2609 Lxxvr,
1419 2577 1448 2599 2.
