1926 3339
459 231 543 270 496
906 240 939 269 s.
977 241 1062 270 ,1υο
1069 244 1206 270 usum
1238 243 1419 270 El’lSCOPl

456 309 501 351 in
529 308 648 352 omni
682 321 837 366 genere
867 307 1039 352 artium.
1077 309 1221 353 Primo
1239 307 1438 368 judicant
1475 306 1585 351 illud
1603 308 1693 368 jam
1717 308 1842 368 quasi

456 378 701 438 perfectum
718 395 822 434 esse,
843 389 893 423 ut
915 379 1031 424 oculi
1056 394 1206 424 eorum
1229 379 1413 439 amplius
1435 378 1545 424 nihil
1566 378 1838 423 desiderent:

457 449 533 493 sed
556 449 675 493 aliud
692 449 861 509 judicat
884 449 1037 494 oculus
1056 449 1303 509 imperitus,
1327 448 1625 510 aliudjudicat
1649 449 1749 493 artis
1771 463 1842 493 re-

458 519 572 577 gula.
602 521 670 563 Sic
692 527 735 562 et
762 519 825 562 illi
846 519 980 564 sancti
1007 519 1292 564 versabantur
1320 530 1420 564 ante
1442 520 1590 565 oculos
1620 520 1720 574 Dei,
1746 528 1845 564 tan-

457 603 590 648 quam
612 589 702 632 sine
729 587 883 648 culpa,
924 598 1131 649 tanquam
1165 588 1371 648 perfecti,
1411 599 1619 649 tanquam
1650 589 1804 648 Angeli
1832 608 1841 634 ε

458 667 639 702 noverat
661 667 806 702 autem
828 658 935 718 quid
958 658 1041 702 illis
1063 658 1244 715 deesset,
1269 660 1346 719 qui
1364 659 1616 704 vindicabat
1632 659 1678 703 in
1697 674 1846 704 omnes

458 731 708 774 affectiones
732 746 898 775 eorum.
926 731 1186 775 Vindicabat
1220 741 1365 776 autem
1398 748 1488 776 non
1524 732 1725 786 irascens,
1769 730 1847 775 sed

458 800 675 859 propitius
698 820 707 845 ι
733 800 788 845 ad
811 801 895 845 hoc
917 800 1166 846 vindicabat
1192 811 1243 846 ut
1270 803 1496 861 perficeret
1517 810 1731 861 coeptum,
1755 816 1846 845 non

458 879 508 915 ut
528 870 755 916 damnaret
777 872 979 931 ejectum.
1002 871 1237 917 Vindicans
1261 888 1363 932 ergo
1391 873 1450 931 111τ
1465 887 1614 917 omnes
1649 871 1847 916 affectio-

457 956 533 986 nes
551 957 703 985 eorum
724 951 814 986 erat
839 945 967 987 Deus.
994 944 1225 996 Quomodo
1245 943 1483 988 vindicavit
1505 944 1551 987 in
1571 942 1847 988 Samuelem?

458 1011 536 1055 ubi
559 1021 621 1056 est
642 1011 833 1057 vindicta
855 1014 976 1072 ipsa?
1000 1017 1093 1058 Hoc
1122 1015 1236 1069 dico,
1272 1024 1321 1058 ut
1351 1014 1552 1059 noverint
1589 1013 1843 1068 Christiani,

458 1084 534 1143 qui
549 1085 639 1143 jam
662 1084 732 1128 hic
755 1094 1056 1141 cognoverunt
1073 1086 1312 1140 Christum,
1341 1085 1395 1129 ad
1417 1101 1526 1145 quos
1552 1085 1731 1129 venitin
1750 1099 1846 1128 sca-

459 1154 575 1198 bello
601 1154 764 1214 pedum
785 1171 980 1211 suorum,
1007 1171 1116 1216 quos
1134 1156 1191 1200 ita
1207 1155 1370 1210 dilexit,
1389 1172 1471 1219 pro
1488 1156 1647 1216 quibus
1669 1156 1847 1214 sangui-

458 1241 557 1269 nem
600 1226 737 1283 fudit,
768 1227 970 1270 noverint
1003 1226 1226 1287 quomodo
1262 1226 1495 1287 vapulent,
1532 1242 1633 1271 cum
1656 1226 1846 1270 multum

457 1295 736 1356 profecerint.
763 1298 1008 1350 Quaerimus
1025 1298 1261 1342 vindictam
1276 1298 1321 1341 in
1338 1301 1505 1356 Moyse,
1527 1312 1661 1357 prope
1679 1296 1847 1341 nullam

458 1368 607 1423 habet,
633 1368 711 1411 nisi
745 1368 865 1428 quod
899 1367 953 1412 ad
982 1377 1222 1413 extremum
1245 1369 1303 1412 ait
1328 1368 1408 1412 illli
1430 1372 1566 1423 Deus,
1600 1388 1620 1410 «
1652 1368 1847 1413 Ascende
1908 1377 1911 1379 ’

460 1455 481 1479 »
516 1438 562 1481 111
591 1448 806 1493 montem,
834 1448 878 1483 et
899 1442 1106 1483 morere¹.
1136 1457 1157 1481 »
1192 1439 1265 1484 Ait
1295 1439 1407 1494 seni,
1436 1442 1649 1484 «Morere
1674 1457 1682 1482 :
1716 1440 1848 1498 »jam

457 1518 681 1567 peregerat
702 1517 848 1553 aetates
872 1525 985 1564 suas,
1003 1508 1220 1569 numquid
1238 1525 1465 1569 nunquam
1482 1518 1574 1553 erat
1586 1508 1848 1553 moriturus?

458 1581 607 1635 Qualis
628 1582 700 1626 issa
722 1581 945 1626 vindicta?
970 1580 1171 1625 Ostendit
1197 1581 1259 1624 ibi
1281 1580 1520 1625 vindictam
1543 1595 1679 1635 suam,
1706 1589 1757 1623 ut
1777 1578 1847 1622 di-

457 1661 595 1706 ceret,
621 1672 637 1691 «
665 1654 762 1697 Non
793 1651 973 1695 intrabis
997 1652 1042 1694 in
1066 1660 1225 1695 terram
1246 1649 1543 1709 promissionis
1559 1653 1592 1703 ²,
1620 1668 1639 1691 »
1667 1665 1756 1709 quo
1776 1649 1847 1692 in-

458 1731 649 1766 traturus
668 1731 758 1765 erat
776 1721 989 1781 populus?
1005 1721 1250 1774 Quamdam
1267 1720 1451 1779 figuram
1468 1718 1756 1780 quorumdam
1774 1734 1848 1778 ge-

456 1792 579 1835 rebat
617 1795 801 1849 Moyses.
833 1795 942 1837 Nam
983 1792 1058 1852 qui
1094 1792 1139 1834 111
1179 1806 1363 1849 regnum
1401 1789 1615 1834 coelorum
1650 1790 1843 1845 intravit,

457 1877 613 1920 magna
636 1861 849 1921 illifpoena
873 1871 964 1906 erat
986 1861 1040 1905 ad
1057 1871 1215 1905 terram
1233 1860 1350 1905 illam
1375 1877 1465 1905 non
1486 1860 1648 1914 venire,
1674 1875 1773 1920 quae
1791 1859 1847 1903 ad

456 1942 629 1991 tempus
647 1941 737 1976 erat
762 1933 983 1991 promissa,
1011 1941 1060 1976 ut
1083 1932 1282 1976 umbram
1295 1932 1542 1976 ostenderet
1553 1940 1596 1974 et
1620 1931 1846 1974 transiret?

456 2006 610 2047 Nonne
637 2002 760 2046 inulti
785 2004 938 2062 perfidi
971 2003 1191 2047 intrarunt
1211 2003 1256 2046 111
1279 2003 1396 2046 1113111
1421 2003 1610 2046 terram?
1631 2016 1778 2045 nonne
1799 2001 1845 2044 in

455 2073 528 2116 illa
552 2084 662 2117 terra
686 2074 878 2117 viventes
913 2073 1048 2117 multa
1079 2073 1190 2117 mala
1216 2072 1435 2127 fecerunt,
1462 2083 1505 2116 et
1538 2076 1676 2116 Deum
1699 2071 1844 2115 offen-

456 2147 646 2189 derunt?
670 2161 815 2190 nonne
838 2154 881 2189 et
902 2144 1353 2204 idololatria111500uti
1376 2153 1476 2188 sunt
1498 2144 1543 2187 in
1579 2144 1667 2202 ipsa
1704 2144 1845 2187 terra?

456 2219 665 2274 Magnum
688 2226 778 2260 erat
795 2232 882 2260 11011
906 2215 1071 2259 dedisse
1095 2225 1252 2259 terram
1271 2215 1394 2258 istam
1416 2214 1587 2271 Moysi?
1607 2214 1691 2258 Sed
1713 2217 1843 2270 Moy-

455 2302 529 2329 sen
557 2287 695 2330 volnit
731 2296 896 2345 gestare
928 2287 1112 2344 figuram
1141 2301 1293 2329 eorum
1325 2286 1398 2345 qui
1438 2285 1518 2329 sub
1551 2288 1665 2344 Lege
1701 2293 1839 2339 erant,

455 2358 555 2417 quia
579 2374 656 2416 per
674 2362 854 2414 Moysen
878 2357 977 2400 data
1001 2366 1063 2400 est
1093 2359 1203 2400 Lex3
1235 2376 1243 2400 ;
1281 2366 1324 2400 et
1352 2356 1539 2400 ostendit
1569 2372 1640 2399 eos
1662 2356 1737 2415 qui
1759 2355 1842 2399 sub

455 2431 568 2486 Lege
584 2444 672 2472 esse
694 2427 872 2482 vellent,
899 2437 940 2471 et
966 2427 1199 2485 sub'gratia
1224 2444 1312 2471 csse
1333 2428 1516 2479 nollent,
1543 2443 1631 2471 non
1655 2428 1842 2470 intratu-

455 2515 522 2545 ros
553 2500 599 2544 in
628 2509 786 2544 terram
810 2500 1115 2559 promissionis.
1153 2502 1267 2558 Ergo
1302 2498 1411 2543 illud
1439 2498 1560 2559 quod
1581 2498 1748 2543 dictum
1777 2506 1842 2542 est

502 2593 510 2609 ¹
534 2588 626 2620 Dent.
652 2596 751 2628 xxxii,
770 2584 824 2628 49.
846 2601 887 2609 -
909 2592 920 2609 ²
940 2584 1020 2618 lbid.
1043 2585 1099 2626 52,
1117 2589 1149 2619 et
1168 2595 1277 2628 xxxx,
1305 2584 1336 2627 4.
1358 2602 1398 2608 --
1425 2583 1545 2618 3Joan.
1564 2596 1589 2627 1,
1618 2595 1668 2626 17.
