1926 3339
441 334 522 373 4227.
861 344 895 372 s.
931 347 1163 375 Avccsnm
1196 348 1378 374 Eriscopl

439 411 558 455 nino.
588 410 631 456 Si
652 410 769 453 enirn
798 425 1014 456 recusares
1035 411 1319 455 tentationem
1334 446 1345 465 ,
1381 423 1597 453 recusares
1620 408 1821 453 refectio-

439 495 555 524 nem.
594 482 710 538 Ergo
748 481 932 524 reficeris
953 500 962 524 :
996 491 1038 525 et
1059 482 1092 525 si
1114 480 1300 525 reficeris
1315 515 1326 535 ,
1351 480 1396 524 in
1418 478 1616 523 manibus
1650 478 1823 525 artificis

440 566 498 594 es.
516 549 694 609 Aliquid
716 549 797 592 tibi
819 549 948 604 tollit,
974 549 1140 610 aliquid
1160 550 1352 608 corrigit,
1368 549 1533 609 aliquid
1555 547 1820 607 complanat,

439 619 605 680 aliquid
636 619 817 663 mundat
842 638 851 664 z
883 621 970 678 agit
991 620 1255 680 quibusdam
1294 619 1564 664 ferramentis
1586 618 1703 675 suis;
1733 618 1824 677 ipsa

438 700 539 735 sunt
563 688 766 734 scandala
792 690 924 748 hujus
946 689 1116 747 saeculi3
1138 699 1186 734 tu
1209 698 1380 736 tantum
1408 688 1464 733 de.
1492 703 1626 737 manu
1654 688 1825 733 artificis

436 760 527 804 noli
543 760 711 803 cadere.
724 757 841 803 Nihil
863 759 1114 805 tentationis
1133 759 1310 808 accedet
1331 757 1446 802 ultra
1466 758 1576 804 vires
1597 768 1708 803 tuas.
1730 759 1824 802 Hoc

439 829 650 889 permittit
678 831 793 873 Deus
815 828 871 872 ad
901 829 1134 878 utilitatem
1157 839 1278 878 tuam
1295 864 1306 884 ‚
1327 828 1447 874 unde
1469 838 1517 872 tu
1533 828 1668 888 possis
1691 829 1826 888 profi-

437 915 549 945 cere.
566 900 763 958 Denique
786 899 928 958 ipsum
949 899 1206 959 Apostolum
1231 898 1334 943 audi
1354 900 1438 949 hoc
1461 900 1822 959 conjungentem:

440 989 461 1012 α
497 969 580 1015 Sed
603 969 732 1013 faciet
753 984 855 1018 cum
876 970 1118 1014 tentatione
1139 970 1272 1019 etiam
1285 970 1463 1024 exitum,
1478 978 1529 1012 ut
1545 969 1713 1028 possitis
1729 983 1826 1013 sus-

439 1060 460 1083 »
495 1042 647 1085 tinere.
663 1044 814 1099 »Ergo
837 1056 956 1085 mare
978 1039 1090 1085 forte
1107 1041 1394 1085 metuendum
1416 1040 1495 1084 tibi
1518 1043 1639 1088 erat?
1659 1039 1760 1085 Noli
1778 1040 1826 1084 ti-

436 1128 555 1157 mere
573 1131 582 1156 :
612 1131 631 1153 «
657 1112 874 1164 Quoniam
895 1112 1026 1170 ipsius
1048 1121 1112 1155 est
1132 1127 1249 1155 mare
1266 1147 1276 1166 ‚
1303 1120 1346 1155 et
1366 1111 1457 1170 ipse
1476 1110 1577 1155 fecit
1600 1110 1724 1155 illud.
1753 1130 1771 1152 υ
1785 1114 1824 1155 A

438 1183 640 1242 gentibus
662 1183 785 1225 times
807 1180 1040 1226 scandala?
1064 1184 1120 1225 Et
1146 1181 1258 1240 ipsas
1280 1191 1428 1240 gentes
1449 1181 1540 1239 ipse
1572 1179 1676 1224 fecit
1701 1202 1714 1238 3
1738 1197 1827 1226 non

437 1254 661 1313 permittet
681 1252 775 1296 illas
796 1251 909 1300 ultra
937 1268 1031 1296 eam
1054 1252 1202 1297 saevire
1219 1286 1230 1306 ,
1256 1267 1385 1311 quam
1415 1251 1538 1299 novit
1557 1251 1629 1295 ille
1652 1267 1828 1301 mensu-

438 1338 528 1367 ram
546 1358 558 1377 ,
586 1338 636 1365 ex
658 1338 744 1381 qua
761 1322 974 1381 proficias.
995 1325 1151 1368 Nonne
1173 1322 1280 1366 dicit
1300 1321 1408 1366 alius
1426 1321 1646 1367 Psalmus:
1675 1341 1695 1364 (ι
1720 1323 1827 1367 Om-

441 1411 462 1434 »
497 1408 573 1436 nes
591 1401 739 1450 gentes
757 1401 976 1452 quotquot
998 1391 1153 1447 fecisti,
1168 1392 1346 1437 venient
1358 1401 1402 1441 et
1415 1392 1663 1437 adorabunt
1680 1407 1826 1437 coram

444 1480 464 1503 »
502 1471 565 1517 te⁷
601 1462 784 1505 Domine
799 1463 846 1504 1?
866 1480 886 1503 »
911 1461 952 1506 Si
975 1477 1123 1506 omues
1144 1471 1292 1520 gentes
1309 1471 1528 1522 quotquot
1550 1461 1710 1517 fecisti,
1729 1477 1826 1506 ma-

441 1531 647 1576 nifestum
687 1541 751 1576 est
782 1533 884 1592 quia
911 1542 955 1576 et
976 1542 1122 1591 gentes
1144 1533 1234 1592 ipse
1269 1531 1384 1577 feeit.
1417 1533 1522 1577 Ideo
1549 1553 1570 1575 «
1598 1533 1735 1592 Ipsius
1763 1542 1827 1578 est

441 1623 462 1646 ))
498 1619 616 1648 mare
634 1639 644 1659 ,
670 1613 714 1648 et
737 1604 828 1663 ipsc
850 1603 952 1648 fecit
970 1603 1101 1658 illud,
1128 1613 1171 1647 et
1193 1603 1357 1647 aridam
1378 1613 1539 1648 terram
1561 1619 1714 1648 manus
1735 1605 1827 1663 ejus

441 1695 462 1718 »
498 1678 730 1720 finxerunt.
761 1694 780 1716 n
804 1679 909 1720 Esto
947 1685 996 1719 tu
1019 1675 1136 1719 arida
1172 1685 1285 1719 terra
1302 1710 1312 1729 ‚
1339 1675 1408 1719 siti
1446 1675 1625 1732 gratiam
1648 1675 1752 1728 Dei,
1777 1683 1829 1719 ut

438 1747 584 1791 veniat
605 1762 734 1805 super
753 1755 794 1789 te
816 1746 956 1791 imber
977 1745 1116 1790 dulcis
1131 1780 1141 1800 ,
1164 1746 1358 1789 inveniat
1379 1745 1424 1789 in
1446 1754 1489 1788 te
1510 1743 1829 1795 sructum‚Non

440 1817 654 1876 permittit
669 1817 829 1860 ssuctus
848 1816 1015 1875 operire
1035 1815 1158 1875 quod
1184 1815 1314 1859 servit
1332 1834 1341 1859 z
1367 1833 1387 1857 «
1407 1817 1464 1859 Et
1486 1814 1651 1859 aridam
1669 1824 1828 1864 terram

443 1907 461 1929 »
499 1903 650 1931 manus
672 1888 764 1947 ejus
780 1887 1015 1930 finxerunt.
1044 1905 1064 1927 »
1082 1889 1198 1945 Ergo
1217 1895 1261 1930 et
1276 1886 1379 1930 hinc
1395 1884 1635 1946 jubilemus
1656 1885 1736 1930 illi.

499 1961 555 2001 X.
582 1960 691 2002 Nam
716 1957 923 2017 quoniam
945 1957 1041 2001 haec
1068 1956 1127 2000 ita
1159 1965 1288 2012 sunt,
1320 1957 1530 2017 quoniam
1551 1965 1674 2000 tanta
1694 1955 1830 2016 expli-

443 2029 635 2073 cavimus
659 2028 713 2072 ad
733 2027 909 2072 laudem
931 2027 1010 2071 Dei
1031 2027 1290 2087 pertinentia
1305 2063 1317 2082 ‚
1348 2027 1486 2071 redite
1507 2026 1564 2072 ad
1581 2025 1692 2072 illud
1710 2027 1828 2072 unde

440 2109 632 2159 coeperat
657 2119 666 2143 :
697 2118 716 2140 «
740 2099 896 2143 Venite
911 2134 922 2153 ,
943 2099 1195 2153 adoremus,
1221 2109 1265 2143 et
1281 2097 1558 2158 procidamus
1577 2098 1643 2153 ei,
1668 2108 1711 2143 et
1728 2099 1827 2158 plo—

446 2191 464 2212 »
500 2185 644 2214 remus
667 2179 767 2215 ante
789 2169 1041 2221 Dominum,
1057 2169 1130 2229 qui
1155 2167 1257 2213 iecit
1278 2172 1390 2213 nos2.
1410 2169 1549 2213 »Ideo
1571 2170 1687 2216 enim
1709 2168 1828 2218 exul·

442 2250 604 2295 temus,
629 2240 731 2300 quia
754 2239 859 2284 fecit
874 2238 986 2285 illud
1008 2249 1051 2283 et
1069 2238 1193 2285 illud.
1215 2242 1271 2283 Et
1291 2239 1648 2284 commemoravit
1668 2239 1822 2294 multa,

441 2321 485 2356 et
508 2327 626 2355 nunc
648 2311 804 2369 repetit
832 2310 1178 2357 exhortationem
1204 2329 1214 2354 :
1251 2329 1272 2351 (ι
1295 2310 1477 2365 Venite,
1504 2309 1732 2365 adoremus
1748 2345 1760 2365 ,
1785 2320 1829 2359 et

444 2400 464 2422 »
498 2382 776 2441 procidamus
798 2381 866 2435 ei,
898 2389 941 2425 et
960 2379 1180 2440 ploremus
1202 2388 1302 2427 ante
1330 2380 1567 2424 Dominum
1583 2415 1594 2435 ‚
1625 2381 1702 2441 qui
1721 2379 1828 2425 fecit

444 2470 464 2493 η
499 2467 593 2496 nos.
622 2470 641 2493 »
675 2454 771 2495 Jam
794 2451 1140 2494 commemoratis
1163 2466 1187 2493 a
1219 2465 1291 2493 me
1324 2449 1529 2495 laudibus
1562 2451 1664 2505 Dei,
1691 2451 1827 2499 nolite

436 2523 546 2581 pigri
568 2537 657 2566 esse
673 2557 684 2576 ‚
711 2530 754 2565 ct
769 2520 898 2579 longe
918 2521 1007 2565 vita
1026 2530 1068 2565 et
1090 2519 1284 2565 moribus
1304 2529 1416 2565 stare
1438 2541 1448 2567 ε
1477 2540 1497 2563 «
1521 2521 1700 2576 Venite,
1724 2520 1828 2566 ado-

441 2612 460 2632 »
496 2608 654 2646 remus,
670 2603 713 2636 et
729 2590 1005 2651 procidamus
1026 2592 1079 2635 ei.
1100 2609 1120 2632 »
1140 2591 1224 2636 Sed
1242 2590 1351 2636 forte
1367 2590 1423 2636 de
1446 2592 1632 2651 peccatis
1654 2593 1821 2647 vestris,

493 2673 499 2687 ¹
527 2666 604 2697 Psal.
625 2677 742 2706 mxxv,
756 2677 789 2707 9.
811 2682 852 2687 --
867 2672 880 2687 ²
900 2666 946 2696 Id.
966 2675 1051 2703 xcrv,
1070 2664 1103 2695 6.
