1926 3339
389 253 630 282 ENARRAno
661 257 707 283 IN
740 254 942 284 PSALMUM
977 260 1123 286 xcviii.
1360 251 1439 290 481

63 319 288 374 audimus,
311 319 487 379 quando
516 321 800 379 Prophetam‚
829 321 1005 380 quando
1024 326 1184 381 Legem
1200 359 1210 378 ,
1235 341 1334 384 quae
1352 342 1446 370 om-

63 392 134 436 nia
148 400 382 451 antequam
399 391 565 435 veniret
577 391 622 434 in
640 406 769 434 carne
783 393 991 436 Dominus
1005 403 1150 437 noster
1162 397 1185 437 J
1189 410 1283 438 esus
1301 398 1445 442 Chris-

64 471 133 506 tus
150 497 160 516 ‚
197 462 440 520 conscripta
463 470 579 515 sunt,
608 461 829 505 Christum
862 462 924 506 ibi
953 463 1120 519 videre,
1146 465 1365 509 Christum
1389 468 1448 510 ibi

62 531 320 590 intelligere.
348 531 554 574 Intendat
585 546 688 590 ergo
721 533 945 577 nobiscum
978 535 1172 579 Charitas
1210 538 1360 580 Vestra
1394 536 1450 580 ad

63 603 193 647 istum
214 601 433 646 Psalmum
450 637 460 657 ‚
483 611 526 646 et
547 618 793 662 quaeramus
814 605 885 648 hic
915 605 1136 650 Christum
1159 626 1167 650 :
1195 607 1347 667 utiquc
1371 624 1450 668 ap-

31 673 33 675 ’
63 673 235 733 parebit
266 671 590 733 quaerentibus,
619 674 695 733 qui
718 674 858 734 primo
887 677 1190 735 apparuitnon
1214 679 1452 737 quaerenti-

64 745 173 802 bus3
199 753 242 788 et
271 759 360 788 non
387 743 555 788 deseret
589 744 882 791 desiderantes
910 763 953 791 se
972 783 982 803 ‚
1009 748 1085 807 qui
1107 749 1291 793 redemit
1313 749 1455 808 negli-

66 824 214 875 gentes
236 830 294 858 se.
321 817 432 858 Ecce
450 813 504 857 de
524 813 599 858 illo
616 817 750 875 coepit
771 816 964 861 Psalmus
979 853 989 872 ‚
1016 818 1070 862 de
1092 818 1166 863 illo
1188 819 1346 863 dicitur
1367 840 1374 863 :

126 889 184 930 ΙΙ.
219 904 239 927 «
270 885 479 929 Dominus
506 886 728 944 regnavit,
766 888 1006 932 irascantur
1026 889 1178 948 populi
1196 891 1226 932 ¹.
1255 909 1274 930 υ
1310 890 1457 950 Coepit

65 955 183 1000 enim
201 970 382 1014 regnare
406 956 616 1000 Dominus
639 966 785 1001 noster
807 961 929 1002 Jesus
953 959 1163 1013 Christus,
1190 961 1325 1018 coepit
1346 976 1458 1019 prae-

66 1027 199 1072 dicari
217 1063 227 1082 ,
255 1036 486 1086 postquam
506 1030 738 1072 resurrexit
762 1045 785 1073 a
806 1031 988 1074 mortuis
1010 1040 1052 1074 et
1076 1031 1269 1075 ascendit
1290 1032 1335 1074 in
1365 1048 1458 1075 ccc-

64 1098 173 1154 lum‚
191 1108 477 1159 posteaquam
495 1099 694 1158 implevit
710 1101 952 1161 Discipulos
974 1118 1073 1146 suos
1094 1103 1254 1146 fiducia
1275 1103 1458 1161 Spiritus

65 1172 230 1225 sancti,
254 1178 305 1214 ut
322 1185 412 1214 non
431 1170 636 1214 timerent
657 1180 841 1215 mortem
859 1207 869 1226 ,
893 1188 1024 1232 quam
1048 1171 1120 1215 ille
1131 1173 1221 1232 jam
1244 1173 1461 1218 occiderat

66 1242 112 1286 in
134 1258 192 1286 se.
215 1243 362 1301 Coepit
379 1257 482 1301 ergo
500 1242 724 1301 praedicari
738 1244 948 1287 Dominus
967 1243 1180 1297 Christus,
1202 1253 1252 1287 ut
1273 1244 1318 1287 in
1335 1243 1460 1288 illum

67 1312 295 1358 crederent
329 1314 405 1372 qui
441 1312 626 1357 salutem
648 1314 810 1358 habere
832 1314 996 1358 vellent
1023 1334 1031 1358 :
1057 1324 1100 1358 et
1135 1314 1232 1357 irati
1259 1324 1360 1358 sunt
1382 1331 1463 1374 po-

67 1384 161 1444 puli
184 1383 261 1444 qui
290 1382 408 1427 idola
429 1383 648 1428 colebant.
682 1384 982 1428 Irascebantur
1009 1385 1086 1443 qui
1116 1384 1319 1429 colebant
1340 1384 1462 1445 quod

68 1454 291 1509 fecerant,
329 1453 430 1514 quia
453 1454 796 1499 annuntiabatur
818 1453 890 1498 ille
917 1470 940 1498 a
962 1470 1051 1514 quo
1081 1452 1184 1498 facti
1215 1464 1331 1498 sunt.
1364 1457 1461 1499 Uti-

69 1541 157 1586 que
185 1524 258 1569 ille
296 1524 587 1568 annuntiabat
615 1540 691 1584 per
727 1524 967 1584 Discipulos
991 1540 1089 1569 suos
1112 1540 1155 1569 se
1174 1525 1342 1584 ipsum,
1384 1526 1462 1585 qui

69 1595 167 1641 illos
198 1594 375 1640 volebat
397 1595 591 1639 converti
615 1594 670 1638 ad
692 1610 792 1639 eum
811 1611 834 1639 a
856 1611 945 1654 quo
965 1594 1069 1639 facti
1090 1604 1238 1648 erant,
1264 1604 1307 1639 et
1329 1596 1463 1638 averti

71 1667 127 1711 ab
147 1668 206 1711 eis
238 1683 339 1727 quae
365 1665 447 1726 ipsi
470 1664 677 1710 fecerant.
705 1665 774 1710 Illi
797 1681 876 1725 pro
907 1665 1024 1710 idolo
1058 1682 1136 1710 suo
1169 1666 1463 1709 irascebantur

70 1737 258 1782 Domino
280 1752 358 1781 suo
374 1771 385 1791 ,
404 1735 481 1795 qui
503 1737 536 1779 si
559 1752 638 1795 pro
661 1735 779 1780 idolo
800 1751 878 1779 suo
899 1736 1186 1780 irascerentur
1207 1751 1330 1779 servo
1357 1751 1434 1779 suo
1449 1770 1460 1790 ,

71 1808 310 1853 damnandi
340 1816 478 1851 erant.
511 1807 666 1851 Melior
696 1808 811 1850 enim
835 1821 981 1851 servus
1005 1821 1181 1861 eorum,
1210 1821 1342 1866 quam
1364 1806 1464 1849 ido-

71 1879 164 1923 lum
182 1894 334 1923 eorum
355 1897 363 1922 :
399 1892 572 1921 servum
595 1878 712 1920 enim
743 1893 893 1921 eorum
914 1880 1026 1920 Deus
1045 1876 1174 1930 fecit⁷
1196 1876 1364 1920 idolum
1387 1891 1464 1919 co-

72 1966 168 1994 rum
192 1948 316 1993 faber
338 1947 455 1992 fecit.
500 1948 568 1992 Sic
590 1947 888 1991 irascebantur
915 1963 993 2006 pro
1015 1946 1132 1990 idolo
1161 1962 1239 1990 suo
1269 1956 1318 1989 ut
1339 1945 1463 1989 irasci

72 2037 163 2065 non
185 2020 387 2064 timerent
409 2018 594 2062 Domino
617 2034 710 2062 suo.
745 2017 828 2062 Sed
847 2053 857 2072 ‚
889 2037 908 2059 «
936 2020 1203 2071 nascantur,
1233 2035 1252 2057 »
1279 2015 1465 2076 praedic-

73 2101 168 2136 tum
191 2099 276 2145 est⁷
312 2105 401 2133 non
419 2090 588 2148 jussum
613 2108 621 2132 ε
644 2090 687 2132 in
715 2088 942 2147 prophetia.
965 2088 1079 2130 enim
1105 2087 1264 2131 dicitur
1291 2107 1298 2131 :
1328 2107 1348 2128 (ι
1374 2090 1462 2130 Do-

76 2181 97 2204 »
133 2162 276 2206 minus
312 2160 531 2218 regnavit,
570 2160 810 2203 irascantur
834 2157 999 2218 populi.
1030 2176 1049 2199 ›>
1081 2161 1155 2201 Est
1183 2158 1302 2218 quod
1325 2158 1399 2200 fiat
1422 2166 1465 2201 ct

75 2233 129 2278 de
151 2230 322 2293 populis
343 2230 628 2274 irascentibus
652 2249 661 2274 2
686 2229 748 2273 illi
771 2231 1009 2273 irascantur
1024 2263 1034 2283 ,
1060 2238 1103 2271 et
1126 2229 1169 2271 in
1192 2228 1253 2271 ira
1273 2230 1466 2287 ipsorum

74 2308 289 2360 Martyres
304 2309 584 2346 coronentur.
602 2300 718 2353 Quid
732 2300 928 2344 fecerunt
946 2299 1325 2343 annuntiatoribus
1343 2298 1467 2342 verbi

74 2375 282 2428 veritatis„
300 2371 489 2416 nubibus
508 2372 665 2415 Christi
689 2371 1062 2415 circumeuntibus
1086 2371 1234 2414 orbem
1254 2380 1467 2413 terrarum

76 2456 118 2491 et
135 2442 488 2503 compluentibus
511 2457 662 2500 agrum
687 2442 789 2486 Dei?
806 2441 922 2494 Quid
943 2440 1026 2483 illis
1046 2439 1245 2484 fecerunt
1267 2440 1342 2499 qui
1364 2440 1468 2483 iras-

75 2517 287 2563 cebantur
302 2549 313 2569 ‚
334 2512 414 2557 nisi
436 2521 486 2556 ut
506 2511 620 2556 inter
642 2527 796 2556 manus
821 2525 973 2556 eorum
991 2525 1092 2555 caro
1110 2511 1400 2569 affligeretur,
1423 2518 1467 2553 et

125 2608 134 2625 ¹
158 2600 239 2634 Psal.
259 2609 363 2639 xevnl,
389 2607 418 2629 ι..

266 2662 406 2695 cxvn.
1254 2649 1303 2689 31
