1926 3339
473 294 553 345 183}
865 308 898 337 s.
935 310 1165 346 aucusrmi·
1195 310 1373 342 misceri

469 389 590 433 ergo,
615 389 714 425 cum
742 374 863 421 audit
888 375 982 422 haec
1007 376 1166 435 verba,
1203 376 1319 423 dicat
1346 396 1354 422 ε
1379 378 1476 425 Non
1497 376 1694 425 Christus
1716 378 1847 434 diem
1894 383 1920 442 ἐξ

469 455 545 490 aut
580 462 727 492 rursus
761 445 876 491 dicat
912 465 921 492 ε
955 449 1053 494 Non
1082 462 1162 506 ego
1183 446 1280 491 dico
1308 467 1317 492 ι
1358 448 1446 495 imo
1477 447 1509 491 si
1542 462 1586 492 se
1617 447 1663 491 in
1690 449 1849 494 Christi

1913 446 1923 510 ²³

469 530 649 576 corpore
685 517 880 575 agnoscit
904 551 915 572 ,
952 526 1188 578 utrumque
1220 516 1336 561 dicat
1361 552 1371 572 ‚
1412 526 1453 561 et
1483 518 1678 563 Christus
1709 518 1846 574 dicit,
1896 531 1898 543 ’

468 597 526 642 et,
554 591 648 646 Ego
676 589 773 633 dico
807 608 815 634 :
846 589 943 634 Noli
966 588 1130 647 aliquid
1151 587 1295 632 dicere
1313 587 1520 644 sinemo,
1556 598 1598 633 et
1630 604 1718 633 non
1745 588 1851 635 dicit

466 657 633 717 aliquid
654 659 743 701 sine
767 667 822 701 te.
848 660 1002 703 Nonne
1033 658 1242 701 habemus
1264 658 1310 701 in
1331 657 1603 717 Evangelio?
1627 659 1713 703 Ubi
1735 668 1850 703 certe

466 728 673 787 scriptum
704 737 767 772 est
795 747 804 772 ;
840 748 860 770 ι(
887 731 938 771 In
968 727 1180 787 principio
1203 736 1294 771 erat
1331 728 1549 783 Verbum,
1581 737 1624 773 et
1654 730 1850 774 Verbum

466 814 487 838 >›
524 808 615 841 erat
652 798 768 856 apud
806 801 967 853 Deum,
1001 806 1044 841 et
1075 800 1189 841 Deus
1223 806 1314 841 erat
1346 798 1564 854 Verbum,
1600 800 1744 843 omnia
1774 816 1850 859 per

467 885 487 909 υ
523 868 666 928 ipsum
701 869 812 913 facta
841 878 970 913 sunt:
999 886 1020 909 ιι
1045 868 1103 911 ibi
1127 877 1242 912 certe
1272 868 1515 916 habemus:
1548 872 1646 914 «Et
1674 872 1851 915 contris-

1898 678 1923 715 {1

1898 740 1926 774 st

1899 793 1926 860 ³⁸.

1922 877 1926 919 ἡ

465 956 486 979 υ
522 948 636 982 tatus
673 948 736 983 est
765 942 888 983 Jesus
906 940 943 992 ¹,
970 947 1012 981 et
1040 937 1244 997 fatigatus
1275 948 1339 983 est
1365 941 1538 995 Jesus2,
1574 949 1616 984 et
1645 941 1848 987 dormivit
1902 955 1926 985 *ε

466 1026 485 1050 »
522 1012 676 1054 Jcsus³
695 1046 705 1064 ,
743 1020 785 1054 ct
813 1006 1016 1054 esurivit⁴
1035 1045 1046 1064 ,
1079 1019 1122 1053 et
1156 1010 1287 1054 sitivit
1320 1013 1500 1066 Jesus⁵,
1531 1020 1574 1055 et
1605 1013 1769 1067 oravit,
1805 1021 1848 1057 et
1902 1004 1926 1055 ¹:

462 1073 735 1140 pernoctavit
763 1081 808 1125 in
835 1080 1000 1125 orando
1027 1083 1165 1126 Jesus.
1201 1100 1220 1123 «
1248 1081 1560 1138 Pernoctabat‚
1587 1082 1757 1143 inquit,
1780 1086 1848 1127 Jc-
1902 1093 1904 1098 ⁴

468 1170 488 1192 »
524 1167 596 1195 sus
611 1153 643 1206 ὓ,
660 1161 703 1195 et
728 1150 947 1210 perstabat
970 1151 1015 1194 in
1033 1150 1198 1195 orando
1220 1160 1287 1196 :et
1307 1150 1426 1210 globi
1448 1152 1667 1209 sanguinis
1689 1153 1847 1197 decur-
1904 1164 1905 1167 ’

465 1238 486 1262 »
522 1223 678 1266 rebant
707 1237 783 1281 per
813 1237 969 1281 corpus
996 1223 1085 1281 ejus
1100 1223 1130 1265 ⁷.
1159 1240 1179 1263 »
1205 1222 1321 1274 Quid
1350 1221 1634 1279 ostendebat,
1670 1224 1848 1283 quando
1905 1234 1926 1277 jv:

461 1306 539 1350 per
560 1307 717 1352 corpus
738 1292 898 1336 orantis
921 1292 1037 1350 globi
1059 1292 1278 1350 sanguinis
1301 1291 1583 1337 destillabant
1601 1328 1611 1348 ,
1644 1294 1724 1337 nisi
1746 1294 1848 1354 quia

461 1378 619 1422 corpus
641 1364 755 1422 ejus,
781 1361 902 1425 quod
924 1371 987 1407 est
1018 1361 1210 1408 Ecclesia
1226 1397 1237 1418 ‚
1265 1364 1509 1420 Martyrum
1532 1363 1742 1423 sanguine
1757 1365 1848 1425 jam
1905 1359 1907 1362 ’

462 1433 660 1477 fluebat?

522 1506 580 1547 ΙΙ.
612 1523 631 1545 «
658 1503 825 1548 Inclina
846 1538 857 1558 ,
883 1502 1067 1548 Domine
1083 1538 1093 1557 ,
1120 1518 1269 1547 aurem
1288 1512 1406 1547 tuam
1425 1539 1435 1559 ,
1459 1512 1504 1548 et
1521 1504 1674 1548 exaudi
1696 1506 1808 1549 me⁸.
1823 1524 1842 1547 »

462 1573 542 1618 Ille
565 1590 615 1618 ex
637 1573 776 1618 forma
807 1575 917 1618 servi
939 1574 1069 1630 dicit,
1109 1583 1154 1618 tu
1183 1589 1303 1619 serve
1324 1575 1369 1618 in
1389 1574 1526 1619 forma
1549 1576 1722 1620 Domini
1744 1576 1808 1620 tui
1835 1596 1844 1622 ε

464 1663 485 1686 «
522 1643 715 1697 inclina,
756 1645 965 1699 Domine,
1002 1660 1151 1688 aurem
1183 1653 1319 1688 tuam.
1349 1663 1367 1686 n
1395 1644 1581 1691 Inclinat
1603 1661 1780 1701 aurem,
1813 1646 1848 1692 si

461 1724 510 1758 tu
533 1730 622 1758 non
652 1715 785 1772 erigas
816 1715 1042 1760 cervicem.
1071 1713 1310 1759 Humiliato
1342 1715 1455 1758 enim
1487 1716 1808 1776 appropinquat
1834 1736 1844 1762 z

462 1785 518 1829 ab
555 1784 740 1829 exaltato
771 1785 900 1844 longe
928 1784 1136 1839 discedit,
1174 1785 1254 1829 nisi
1287 1800 1417 1845 quem
1448 1786 1536 1844 ipse
1567 1786 1846 1831 humiliatum

462 1854 726 1900 exaltaverit.
761 1854 947 1899 Inclinat
975 1870 1078 1914 ergo
1106 1858 1218 1899 Deus
1249 1870 1396 1898 aurem
1420 1871 1541 1900 suam
1565 1855 1619 1900 ad
1641 1872 1734 1900 nos.
1770 1855 1847 1901 Ille
1909 1877 1912 1920 3

461 1925 577 1969 enim
600 1941 769 1969 sursum
792 1935 857 1969 est
873 1961 884 1981 ,
911 1941 988 1970 nos
1007 1926 1210 1970 deorsum
1233 1945 1240 1970 :
1266 1925 1339 1969 ille
1362 1926 1406 1969 in
1429 1925 1674 1982 altitudine,
1700 1943 1778 1972 nos
1799 1928 1846 1972 in
1910 1952 1912 1967 ε

461 1996 733 2052 humilitate,
764 1998 837 2041 sed
862 2013 949 2042 non
979 1997 1130 2041 relicti.
1162 2017 1182 2039 «
1206 1996 1406 2042 Ostendit
1428 1997 1543 2041 enim
1566 1997 1846 2043 dilectionem
1910 1996 1913 2015 ³

462 2085 481 2109 »
518 2082 640 2111 suam
663 2070 777 2111 Deus
798 2068 843 2111 in
865 2068 1003 2112 nobis.
1031 2068 1203 2111 Etenim
1222 2083 1322 2111 cum
1345 2066 1489 2111 adhuc
1511 2077 1760 2127 peccatores
1782 2084 1845 2113 es-

463 2155 483 2178 »
518 2153 682 2192 semus,
709 2139 905 2182 Christus
935 2154 1013 2197 pro
1036 2137 1158 2182 nobis
1182 2148 1378 2182 mortuus
1401 2147 1478 2181 est.
1506 2139 1587 2182 Vix
1614 2139 1751 2194 enim,
1780 2140 1846 2183 in-

461 2227 481 2250 »
517 2210 636 2268 quit,
671 2224 748 2268 pro
773 2209 890 2267 justo
923 2209 1018 2269 quis
1048 2209 1232 2253 moritur
1260 2229 1268 2253 ;
1294 2225 1394 2252 nam
1421 2224 1498 2268 pro
1524 2209 1640 2254 bono
1663 2208 1843 2255 forsitan

460 2298 479 2320 »
515 2280 611 2339 quis
642 2280 800 2323 audeat
838 2280 962 2323 mori.
1000 2280 1209 2323 Dominus
1243 2289 1387 2323 autem
1422 2290 1567 2324 noster
1599 2296 1678 2340 pro
1700 2281 1842 2341 impiis

458 2368 478 2390 »
515 2359 713 2393 mortuus
735 2351 837 2392 cst9.
852 2352 1030 2408 »Neque
1048 2350 1162 2392 cnim
1182 2350 1331 2393 merita
1352 2359 1494 2393 nostra
1516 2360 1838 2409 praecesserant,

455 2434 533 2479 pro
556 2419 717 2479 quibus
752 2418 883 2462 Filius
918 2420 993 2462 Dei
1022 2429 1263 2463 moreretur
1290 2440 1298 2463 ε
1325 2421 1399 2464 scd
1420 2421 1554 2480 magis
1590 2421 1692 2482 quia
1720 2421 1842 2466 nulla

504 2540 510 2555 ¹
532 2533 643 2564 Matth.
663 2544 749 2567 xxvi,
777 2533 829 2563 38.
851 2550 892 2556 --
919 2539 930 2554 2
949 2535 1039 2563 Joan.
1062 2533 1158 2571 1v,G.
1189 2550 1230 2556 -—
1251 2531 1263 2555 3
1280 2533 1391 2565 Matth.
1410 2545 1478 2573 vm,
1497 2532 1550 2574 21.
1574 2552 1610 2556 ψ·
1635 2533 1712 2566 41d.
1741 2546 1785 2575 iv,
1805 2544 1837 2567 2.

454 2605 494 2610 —
510 2585 630 2619 5Joan.
651 2599 693 2628 iv,
715 2599 730 2628 7
752 2594 782 2619 ct
805 2598 870 2628 xxx,
886 2588 940 2619 28.
959 2605 998 2610 —
1014 2587 1028 2610 6
1049 2590 1124 2619 Luc.
1147 2600 1189 2628 vi,
1215 2599 1263 2619 12.
1279 2606 1317 2610 —-
1334 2597 1346 2621 7
1367 2590 1410 2620 Id*
1434 2601 1506 2630 xxii,
1527 2591 1582 2632 43,
1602 2589 1655 2631 ἰή.
1673 2608 1714 2612 -
1729 2590 1743 2610 Β
1759 2590 1836 2622 Psal.

454 2654 569 2683 mxxv,
589 2655 614 2674 ι.
641 2660 679 2664 —-
695 2650 710 2673 9
730 2646 805 2675 Rom
849 2654 878 2680 v,
898 2642 973 2683 (3-9.
