1926 3339
399 331 644 361 ENARRAzrro
675 334 720 360 m
753 331 958 361 PsALMUM
989 334 1142 361 Lxxxv.
1376 327 1458 366 187

76 400 169 443 Hoc
188 413 290 442 vcro
308 433 319 452 ,
339 406 366 439 ἀ
393 397 607 450 Quoniam
631 407 803 441 sanctus
824 413 918 441 sum
937 433 948 452 ,
977 415 997 438 »
1029 399 1175 444 nescio
1206 408 1354 444 utrum
1374 417 1457 461 po-

75 468 205 512 tuerit
226 467 339 512 forte
361 467 469 511 alius
489 468 656 522 dicere,
686 468 766 512 nisi
799 468 871 511 ille
891 468 967 528 qui
992 469 1083 512 sine
1100 479 1278 528 peccato
1301 480 1392 515 erat
1413 472 1459 516 in

17 559 23 565 ·
73 539 157 583 hoc
188 538 384 595 mundo3
418 547 697 597 peccatorum
726 539 922 582 omnium
950 554 1039 583 non
1067 539 1346 595 commissor,
1382 541 1458 586 sed

72 608 284 654 dimissor.
312 609 597 668 Agnoscimus
626 625 779 654 vocem
802 609 985 654 dicentis
1007 630 1016 655 :
1046 628 1066 652 «
1090 611 1305 663 Quoniam
1329 627 1456 656 sane-

74 698 96 722 »
129 688 198 724 tus
215 695 336 735 sum,
361 678 532 724 custodi
556 680 745 725 animam
762 696 903 724 meam
921 698 932 724 :
955 680 1140 741 »utique
1158 681 1206 728 in
1223 680 1296 726 illa
1317 681 1458 728 forma

71 751 208 806 servi,
244 765 376 811 quam
400 760 703 810 assumpserat.
746 751 816 794 Ibi
848 751 963 795 enim
991 767 1091 796 caro
1110 787 1121 806 ‚
1145 752 1207 795 ibi
1229 761 1273 796 et
1295 753 1453 798 anima.

69 823 222 881 Neque
238 821 355 865 enim
377 830 426 865 ut
447 820 650 865 nonnulli
666 823 679 847 ¹
701 820 932 877 dixerunt,
951 837 1052 865 caro
1069 821 1158 866 sola
1182 831 1274 866 erat
1286 832 1330 866 et
1344 825 1456 867 Ver-

69 892 176 936 bnm
191 891 287 937 :sed
310 901 354 936 et
375 907 474 936 caro
496 901 539 936 et
554 891 697 935 anima
714 899 757 935 et
778 891 976 935 Verbum
993 901 1062 936 :et
1081 901 1221 936 totum
1243 894 1327 937 hoc
1344 909 1458 937 unus

71 961 206 1007 Filius
230 962 307 1007 Dei
324 997 336 1016 ,
366 978 481 1006 unus
503 961 700 1007 Christus
716 997 727 1016 ‚
752 977 866 1005 unus
892 961 1114 1020 Salvator3
1142 963 1188 1006 in
1221 962 1359 1007 forma
1382 964 1459 1008 Dei

71 1031 249 1093 aequalis
261 1032 393 1087 Patri,
407 1033 454 1076 in
469 1030 611 1076 forma
627 1032 740 1076 servi
760 1042 892 1091 caput
913 1032 1133 1077 Ecclesiae.
1156 1036 1288 1093 Ergo,
1306 1053 1325 1075 «
1343 1036 1461 1087 Quo-

72 1121 93 1145 »
128 1103 243 1148 niam
264 1112 437 1155 sanctus
458 1119 552 1147 sum
570 1138 581 1158 ‚
610 1121 630 1144 »
657 1119 759 1147 cum
777 1103 907 1148 audio
923 1139 933 1159 ‚
957 1119 1110 1148 vocem
1133 1106 1226 1165 ejus
1243 1119 1430 1162 agnosco
1444 1140 1455 1160 ,

68 1183 113 1219 et
130 1174 203 1219 hic
224 1190 376 1234 separo
405 1176 579 1218 meam?
598 1176 727 1219 Certe
759 1173 1103 1234 inseparabiliter
1124 1192 1147 1219 a
1174 1191 1355 1235 corpore
1381 1192 1459 1221 suo

22 1262 25 1263 ⁷
67 1245 278 1307 loquitur,
305 1261 407 1290 cum
429 1246 488 1290 sic
508 1245 720 1306 loquitur.
738 1248 795 1289 Et
819 1246 992 1291 audebo
1015 1262 1094 1306 ego
1118 1246 1260 1292 dicere
1280 1268 1289 1292 z
1310 1251 1459 1302 «Quo-

72 1335 93 1358 »
112 1317 244 1361 'niam
263 1326 435 1361 sanctus
458 1319 580 1361 sum?
604 1336 624 1358 »
651 1317 694 1361 Si
714 1327 888 1362 sanctus
918 1327 1129 1378 tanquam
1151 1319 1425 1364 sanctificans
1441 1356 1452 1375 ,

70 1397 114 1432 et
132 1387 256 1432 nullo
274 1388 568 1432 sanctificante
585 1387 783 1446 indigens
798 1409 809 1445 3
824 1388 1037 1447 superbus
1053 1397 1095 1432 et
1110 1388 1295 1433 mendax
1313 1391 1371 1434 :si
1387 1406 1458 1434 au-

70 1469 161 1504 tem
181 1468 356 1504 sanctus
373 1459 683 1513 sanctificatus,
703 1459 946 1503 secundum
963 1459 1010 1503 id
1026 1460 1147 1520 quod
1169 1460 1336 1504 dictum
1358 1470 1421 1505 est
1446 1481 1457 1507 2

73 1548 93 1572 «
129 1530 276 1574 Sancti
300 1538 438 1574 'estote
455 1564 466 1584 ‚
495 1529 598 1589 quia
625 1539 668 1573 et
692 1545 772 1588 ego
803 1539 978 1573 sanctus
1015 1534 1166 1588 sum23
1189 1548 1209 1571 »
1236 1531 1395 1575 audeat
1416 1540 1460 1575 et

67 1615 224 1660 corpus
238 1600 412 1655 Christi,
430 1599 587 1644 audeat
604 1609 647 1644 et
669 1616 782 1644 unus
798 1600 873 1644 ille
885 1601 1020 1645 homo
1043 1600 1233 1646 clamans
1256 1617 1279 1646 a
1295 1602 1458 1646 finibus

67 1673 218 1716 terrae³
236 1707 247 1726 ‚
267 1687 368 1715 curn
390 1671 531 1731 capite
552 1686 632 1716 suo
651 1707 662 1726 ‚
686 1680 728 1715 et
747 1672 830 1715 sub
853 1671 994 1731 capite
1015 1687 1094 1716 suo
1116 1671 1284 1717 dicere:
1309 1677 1459 1726 «Quo-

69 1759 90 1783 »
122 1741 239 1786 niam
256 1751 428 1786 sanctus
451 1757 562 1786 sum.
587 1759 607 1782 »
633 1741 814 1801 Accepit
837 1741 957 1785 enim
985 1742 1168 1800 gratiam
1189 1743 1428 1787 sanctitatis
1443 1779 1454 1799 ‚

66 1814 247 1871 gratiam
263 1814 465 1872 baptismi
483 1822 526 1858 et
542 1813 801 1857 remissionis
823 1822 1119 1873 peccatorum.
1139 1817 1230 1857 «Et
1246 1815 1341 1858 haec
1363 1815 1459 1875 qui-

66 1902 88 1926 »
123 1885 224 1928 dem
246 1883 406 1940 fuistis,
440 1904 459 1926 »
500 1885 558 1929 ait
587 1884 822 1944 Apostolus
838 1920 854 1940 ³
889 1900 1148 1928 enumerans
1181 1884 1319 1930 multa
1351 1901 1456 1945 peo-

66 1964 161 1999 cata
176 1990 187 2010 ‚
212 1964 255 1999 et
276 1955 386 1999 levia
405 1965 448 1999 et
469 1955 614 2014 gravia
630 1991 641 2009 ‚
667 1964 711 1999 et
728 1955 886 1998 usitata
913 1963 956 1998 et
977 1954 1224 1999 horribilia:
1245 1973 1265 1997 «
1284 1958 1340 1999 Et
1362 1955 1456 2001 haec

26 2039 31 2043 ·
68 2043 90 2068 »
124 2025 304 2086 quidem
325 2024 486 2080 fuistis,
508 2026 583 2070 sed
601 2025 740 2069 abluti
762 2024 877 2079 estis,
897 2024 973 2069 sed
992 2026 1246 2070 sanctificati
1267 2027 1366 2071 estis
1385 2028 1416 2070 ⁴.
1433 2045 1453 2068 »

69 2096 112 2141 Si
133 2111 236 2154 ergo
257 2096 547 2140 sanctificatos
569 2096 690 2150 dicit,
708 2096 825 2140 dicat
844 2106 888 2140 et
909 2097 1213 2157 unusquisque
1234 2096 1453 2142 fidelium:

71 2185 93 2209 «
128 2169 309 2212 Sanctus
327 2182 439 2210 sum.
469 2185 489 2208 »
514 2169 612 2211 Non
633 2177 697 2210 est
718 2169 797 2210 ista
820 2167 1022 2226 superbia
1040 2166 1141 2210 elati
1157 2202 1167 2222 ⁷
1193 2166 1269 2211 sed
1290 2167 1457 2212 confes-

67 2237 129 2282 sio
159 2254 249 2282 non
285 2238 459 2298 ingrati.
497 2239 540 2283 Si
568 2239 684 2282 enim
720 2238 874 2282 dixeris
896 2248 939 2282 te
971 2254 1021 2282 ex
1050 2247 1094 2282 te
1115 2254 1205 2282 esse
1226 2249 1424 2283 sanctum
1441 2275 1452 2295 ,

67 2309 280 2369 superbus
296 2324 339 2352 es
357 2328 364 2353 :
382 2324 527 2352 rursus
545 2308 683 2352 fidelis
698 2309 744 2352 in
757 2309 943 2363 Christo,
962 2318 1005 2352 et
1017 2308 1265 2352 membrum
1277 2310 1453 2365 Christi,

67 2381 102 2424 si
117 2389 161 2425 te
182 2379 339 2424 dixeris
357 2395 446 2424 non
468 2395 557 2424 esse
578 2390 798 2435 sanctum,
824 2381 1020 2439 ingratus
1042 2395 1100 2424 es.
1124 2384 1322 2439 Arguens
1341 2381 1456 2424 enim

67 2451 314 2511 superbiam
334 2451 584 2511 Apostolus,
609 2467 699 2495 non
718 2452 778 2495 ait
796 2454 916 2496 :Non
935 2451 1090 2495 habes:
1108 2450 1184 2494 sed
1205 2451 1285 2495 ait:
1309 2452 1456 2504 «Quid

71 2540 92 2563 »
127 2522 242 2565 enim
263 2521 424 2576 habes,
451 2521 572 2582 quod
592 2537 683 2566 non
715 2523 915 2582 accepisti
935 2524 981 2566 ⁵?
1001 2541 1021 2564 »
1053 2524 1151 2567 Non
1179 2522 1452 2580 arguebaris,

116 2624 125 2639 ¹
146 2617 407 2659 Appollinaristae.
425 2635 466 2640 -—
485 2625 498 2640 ²
518 2618 622 2649 Levit.
643 2629 708 2659 xlx,
727 2627 758 2650 2.
777 2636 818 2641 —
845 2617 858 2641 3
883 2618 960 2651 Psal.
983 2629 1034 2658 Lx,
1059 2619 1088 2650 3.
1105 2635 1146 2640 —
1160 2620 1176 2645 4
1199 2629 1211 2650 1
1234 2620 1307 2650 Cor.
1334 2629 1376 2657 vi,
1400 2629 1451 2650 11.

70 2690 112 2695 —
130 2670 146 2695 5
163 2673 209 2705 Id.
230 2684 276 2713 iv,
298 2684 328 2713 7.
