1926 3339
459 223 542 262 482
887 231 920 260 s.
956 231 1186 262 AUGUSTINI
1219 234 1401 262 EPISCOPI

455 300 502 343 in
532 298 730 343 manibus
755 296 914 343 Christi
948 298 1122 357 spiritus
1146 299 1457 343 coronaretur?
1478 299 1567 343 Nec
1593 297 1684 356 ipsa
1706 311 1832 352 caro,

455 384 587 430 quam
618 378 910 429 persecutores
941 368 1136 413 occidere
1168 377 1436 429 potuerunt,
1462 367 1522 411 ita
1550 376 1722 412 mortua
1743 375 1832 422 est,

454 449 505 484 ut
520 440 567 484 in
587 449 800 484 aeternum
821 439 1041 484 interiret:
1067 439 1248 484 habebit
1270 440 1385 483 enim
1408 449 1578 498 tempus
1599 453 1726 482 suum
1749 452 1838 498 quo

455 519 650 568 resurgat
667 519 709 554 et
730 509 820 569 ipsa
837 530 848 567 3
884 509 986 568 quia
1011 509 1367 553 resurrectionem
1390 509 1527 554 carnis
1544 510 1633 569 jam
1651 507 1840 552 ostendit

453 582 659 626 Dominus
694 581 741 623 in
771 596 815 624 se
847 580 955 639 ipso.
996 580 1103 624 Inde
1122 579 1242 624 illam
1263 580 1404 625 voluit
1425 597 1448 624 a
1473 580 1599 624 nobis
1621 579 1836 638 accipere,

455 660 505 695 ut
527 652 582 695 de
604 660 750 696 nostra
771 666 994 710 possemus
1015 666 1105 694 non
1126 649 1367 709 desperare.
1394 652 1526 709 Ergo,
1554 648 1720 704 fratres,
1740 664 1840 697 caro

453 737 676 767 servorum
690 757 701 777 ‚
738 737 870 782 quam
892 720 1147 765 occiderunt
1167 720 1357 765 cultores
1379 719 1621 775 idolorum,
1646 727 1842 778 resurget
1893 743 1898 747 ·

454 792 501 836 in
521 802 717 852 tempore
737 808 815 836 suo
834 811 843 837 :
868 790 983 836 idola
1007 807 1106 852 quae
1128 790 1255 849 fregit
1274 791 1486 846 Christus,
1512 805 1739 850 nunquam
1761 790 1842 834 ite-

450 879 548 907 rum
570 862 699 908 faciet
726 862 864 908 taber.
891 862 1081 907 Audistis
1098 898 1108 918 ‚
1141 877 1243 906 cum
1265 863 1472 906 Jerem'ias
1501 860 1720 920 legeretur
1742 868 1842 903 ante

453 934 732 994 apostolicam
767 932 1024 988 lectionem,
1062 933 1095 977 si
1119 948 1267 977 aurem
1289 932 1545 991 apposuistis
1568 951 1577 976 ε
1602 930 1765 975 vidistis
1781 930 1843 973 ibi

452 1014 650 1065 tempora
672 1004 899 1064 proesentia
915 1038 926 1059 ‚
947 1020 1046 1064 quae
1070 1019 1188 1047 nunc
1211 1002 1376 1062 agimus
1395 1038 1404 1057 ‚
1432 1002 1546 1046 Dixit
1564 1001 1680 1045 enim
1699 1020 1708 1045 z
1739 1019 1759 1042 α
1777 1000 1844 1044 Dii

456 1095 475 1117 »
511 1076 587 1136 qui
608 1076 770 1119 coelum
788 1084 832 1119 et
854 1084 1013 1118 terram
1037 1090 1127 1118 non
1145 1073 1366 1128 fecerunt,
1388 1082 1569 1133 pereant
1590 1072 1644 1116 de
1666 1081 1778 1116 terra
1802 1079 1846 1115 et

456 1164 476 1186 »
512 1146 566 1189 de
600 1145 680 1189 sub
704 1145 818 1190 coelo
833 1146 863 1188 1.
896 1163 916 1185 »
939 1147 1037 1190 Non
1058 1144 1166 1188 dixit
1199 1163 1208 1189 ε
1246 1144 1312 1188 Dii
1331 1144 1408 1204 qui
1435 1142 1598 1188 coelum
1621 1152 1664 1187 et
1684 1152 1845 1186 terram

452 1232 543 1261 non
566 1216 780 1271 fecerunt,
801 1224 979 1276 pereant
997 1215 1051 1259 de
1069 1215 1183 1260 coelo
1201 1224 1243 1259 et
1261 1215 1315 1259 de
1334 1225 1446 1260 terra
1464 1234 1472 1259 ε
1498 1214 1600 1274 quia
1617 1227 1846 1273 nunquam

450 1286 630 1332 fuerunt
650 1288 696 1331 in
715 1287 845 1332 coelo.
869 1286 954 1331 Sed
977 1286 1086 1347 qnid
1109 1287 1247 1330 dixit?
1274 1306 1294 1329 «
1319 1286 1387 1330 Dii
1408 1285 1486 1346 qui
1509 1285 1672 1330 coelum
1694 1293 1737 1329 et
1759 1293 1846 1328 ter-

453 1376 473 1399 »
510 1374 600 1403 ram
623 1373 710 1402 non
735 1357 934 1402 feceruut
949 1393 960 1413 ,
987 1366 1168 1416 pereant
1190 1356 1244 1401 de
1267 1365 1396 1401 terra.
1421 1375 1441 1398 »
1469 1355 1602 1409 Quasi
1624 1352 1847 1415 respondit

453 1428 508 1473 ad
529 1439 688 1473 terram
705 1464 716 1484 ,
748 1439 791 1473 et
812 1428 954 1473 defuit
976 1429 1097 1489 quod
1118 1429 1400 1488 responderet
1417 1427 1472 1471 de
1494 1427 1607 1472 coelo
1627 1462 1638 1482 ,
1663 1426 1766 1486 quia
1782 1423 1846 1469 illi

451 1515 541 1544 non
563 1498 743 1544 fuerunt
774 1499 819 1543 in
843 1499 954 1544 coeio
981 1519 989 1544 :
1023 1500 1161 1558 ipsam
1191 1508 1351 1543 terram
1381 1498 1445 1542 bis
1476 1497 1607 1552 dixit,
1633 1497 1735 1557 quia
1756 1496 1847 1555 ipsa

451 1580 516 1614 est
537 1570 619 1614 sub
642 1570 769 1615 coelo.
791 1573 976 1615 Pereant
993 1569 1048 1613 de
1067 1579 1182 1614 terra
1200 1579 1243 1614 et
1265 1569 1320 1613 dc
1337 1569 1419 1613 sub
1441 1567 1572 1622 coelo,
1598 1566 1654 1611 de
1674 1565 1846 1625 templis

451 1640 552 1685 suis.
578 1640 733 1684 Videte
758 1640 792 1684 si
809 1656 899 1685 non
919 1641 968 1684 fit
985 1675 995 1695 ,
1022 1640 1057 1684 si
1079 1656 1170 1684 non
1187 1655 1237 1683 ex
1253 1655 1411 1698 magna
1431 1647 1555 1698 parte
1568 1639 1659 1697 jam
1680 1636 1847 1681 factum

451 1719 529 1755 est.
564 1711 682 1764 Quid
703 1711 820 1754 enim
848 1710 1053 1754 remansit
1069 1745 1079 1764 ‚
1107 1719 1182 1754 aut
1207 1718 1423 1769 quantum
1451 1707 1689 1752 remansit?
1709 1706 1846 1765 Magis

453 1790 756 1826 remanserunt
774 1780 892 1826 idola
909 1781 955 1824 in
975 1779 1178 1826 cordibus
1196 1783 1469 1838 Paganorum
1485 1814 1496 1834 ‚
1518 1793 1652 1840 quam
1669 1778 1714 1822 in
1739 1777 1846 1822 locis

455 1853 737 1913 templorum.

514 1927 595 1969 ΙΙΙ.
621 1927 759 1983 Ergo,
790 1923 1038 1967 «Dominus
1056 1922 1277 1981 regnavit,
1303 1921 1544 1981 irascantur
1565 1919 1733 1980 populi.
1759 1918 1845 1972 Qui

457 2015 478 2038 »
513 1996 634 2040 sedet
661 2011 791 2055 super
811 1994 1050 2040 Cherubim
1074 2013 1083 2039 :
1111 2012 1132 2035 »
1164 1993 1392 2048 subaudis,
1423 2012 1443 2035 «
1466 1992 1692 2050 Regnavit.
1719 1993 1847 2037 Com-

457 2085 478 2108 »
513 2076 742 2112 moveatur
760 2075 890 2110 terra.
910 2062 935 2106 'n
963 2068 1127 2109 Iterum
1145 2065 1253 2109 dixit
1279 2084 1287 2109 :
1318 2084 1338 2106 «
1363 2067 1611 2108 Irascantur
1636 2061 1841 2122 populi.»

454 2136 584 2191 Quod
610 2137 725 2181 enim
748 2135 856 2180 dixit
877 2155 886 2180 ε
913 2155 933 2177 «
953 2135 1191 2192 Dominus3
1216 2153 1236 2175 υ
1262 2135 1346 2178 hoc
1366 2133 1566 2192 repetivit
1586 2151 1594 2177 ε
1625 2151 1645 2174 «
1669 2132 1754 2185 Qui
1776 2147 1844 2175 se-

457 2224 478 2249 »
514 2207 589 2251 det
621 2222 749 2266 super
782 2205 1020 2251 Cherubim
1044 2224 1053 2249 :
1074 2206 1097 2246 ⁷»
1125 2214 1168 2249 et
1200 2203 1318 2264 quod
1341 2202 1480 2247 dixit:
1511 2222 1530 2245 «
1556 2201 1792 2260 Regnavit,
1819 2219 1840 2243 »

454 2277 681 2322 subaudiri
711 2276 815 2321 secit
846 2276 892 2319 in
921 2274 1005 2319 alio
1026 2290 1155 2320 versu
1180 2293 1189 2318 ε
1212 2283 1255 2318 et
1288 2274 1409 2334 quod
1431 2274 1490 2317 ait
1519 2293 1527 2318 :
1557 2292 1577 2316 «
1598 2276 1844 2317 Irascantur

459 2367 479 2390 »
515 2348 666 2408 populi
685 2369 697 2405 3
715 2367 734 2389 »
750 2348 835 2391 hoc
857 2346 990 2390 dixit:
1016 2348 1384 2391 «Commoveatur
1406 2354 1534 2389 terra.
1559 2363 1579 2386 »
1606 2344 1720 2397 Quid
1741 2353 1844 2388 sunt

455 2420 572 2463 enim
597 2418 770 2478 populi,
802 2417 884 2461 nisi
913 2418 1055 2460 terra?
1083 2419 1306 2469 Quantum
1336 2425 1478 2475 potest
1501 2416 1708 2459 irascatur
1730 2424 1843 2459 terra

456 2490 510 2544 ei,
533 2490 609 2549 qui
627 2490 716 2549 jam
737 2486 858 2532 sedet
880 2487 925 2530 in
946 2486 1076 2531 coelo.
1096 2486 1197 2530 Fuit
1215 2487 1330 2531 enim
1352 2486 1560 2531 Dominus
1581 2495 1625 2530 et
1646 2485 1692 2529 in
1710 2494 1839 2541 terra,

507 2581 515 2598 ¹
535 2577 653 2607 Jerem.
676 2585 708 2615 x,
732 2585 781 2605 11.
