1926 3339
404 323 643 352 ENARRA‘rro
676 323 720 350 IN
754 320 954 348 PsALMUM
988 321 1071 347 xci.
1356 307 1440 346 343

67 393 148 437 hus
165 427 177 447 ,
196 389 533 437 contumeliosus
553 396 616 430 est
637 385 905 445 parentibus,
925 383 1018 428 odit
1040 381 1284 436 inimicum,
1308 382 1444 427 insec-

67 472 183 508 tatur
199 478 337 522 usque
355 460 410 504 ad
425 467 625 512 mortem,
643 456 815 500 furatur
831 455 908 499 ubi
929 453 1197 499 occasionem
1213 451 1444 506 invenerit,

67 552 90 579 a
102 533 212 580 falso
227 532 474 578 testimonio
487 545 576 574 non
588 537 738 583 cessat,
756 527 982 572 insidiatur
994 523 1270 568 matrimonio
1288 521 1446 577 alieno,

65 604 331 665 concupiscit
363 619 455 647 rem
481 600 665 662 proximi
688 600 782 644 sui:
809 598 911 643 facit
936 599 1030 641 haec
1065 595 1230 649 omnia,
1257 602 1301 638 et
1321 593 1450 637 floret

66 678 112 721 in
133 676 291 721 divitiis
305 710 316 730 ‚
341 675 384 718 in
404 673 661 727 honoribus,
686 671 731 715 in
754 668 1005 714 excellentia
1027 665 1182 710 mundi
1203 665 1348 726 hujus.
1372 663 1451 707 Vi-

67 747 142 792 det
158 762 260 790 eum
282 745 354 789 ille
371 745 499 789 miser
517 744 632 787 bene
649 756 848 802 operans,
873 749 916 783 et
937 739 1051 783 mala
1073 736 1258 797 patiens,
1278 743 1454 794 pertur-

66 817 196 861 batur
217 826 261 860 et
286 814 392 860 dicit
418 834 426 860 ε
463 818 576 859 Deus
593 848 603 867 ‚
626 822 757 871 puto,
781 810 883 854 mali
912 808 992 852 tibi
1024 807 1222 866 placent,
1251 814 1296 848 et
1316 804 1454 848 bonos

66 887 224 941 odisti,
257 901 372 931 amas
409 900 481 929 eos
505 883 581 943 qui
607 881 776 927 faciunt
805 879 1096 939 iniquitatem.
1135 876 1179 920 Si
1211 883 1455 919 commotus

66 956 200 1002 fuerit
214 991 225 1011 ,
250 964 293 1000 et
313 954 377 999 illi
393 952 643 1012 cogitationi
665 949 944 1003 consenserit,
970 946 1124 1007 perdet
1144 944 1376 990 sabbatum
1397 944 1454 987 de

67 1027 198 1074 corde
218 1045 229 1074 z
251 1028 342 1087 jam
354 1025 512 1084 incipit
533 1023 588 1069 ad
609 1021 863 1082 psalterium
884 1020 969 1064 hoc
990 1034 1080 1063 non
1102 1015 1354 1071 attendere3
1375 1015 1454 1058 de-

67 1099 198 1146 viavit
218 1096 322 1142 inde
338 1132 348 1152 ‚
373 1097 463 1140 si-ne
484 1110 612 1140 causa
633 1101 780 1138 cantat
797 1127 808 1147 ‚
837 1110 858 1133 «
876 1093 1047 1135 Bonum
1068 1097 1131 1132 est
1152 1086 1350 1132 confiteri
1367 1089 1457 1131 Do-

71 1188 92 1212 »
126 1170 271 1224 mino,
297 1176 341 1213 et
358 1165 540 1227 psallere
562 1163 730 1209 nomini
752 1172 854 1218 tuo,
877 1160 1108 1206 Altissime.
1132 1177 1151 1200 »
1169 1161 1266 1203 Jam
1286 1155 1458 1217 perdito

68 1241 251 1285 sabbato
274 1239 328 1283 ab
356 1237 563 1282 interiore
584 1235 764 1280 homine
791 1243 835 1278 et
863 1232 1032 1277 exclusa
1056 1231 1202 1291 quiete
1224 1228 1386 1284 cordis,
1413 1237 1457 1272 et

69 1312 185 1356 bona
209 1310 470 1368 cogitatione
491 1306 684 1367 repulsa,
710 1305 862 1365 incipit
879 1306 966 1365 jam
989 1302 1147 1347 imitari
1176 1300 1303 1344 illum
1324 1314 1457 1359 quem

68 1382 188 1428 videt
222 1383 267 1427 in
294 1381 418 1425 malis
448 1380 705 1436 florentem3
737 1386 781 1421 et
817 1374 1034 1421 convertit
1054 1389 1098 1418 se
1120 1382 1164 1417 et
1190 1373 1281 1432 ipse
1311 1370 1367 1415 ad
1388 1368 1457 1414 fa-

69 1452 222 1498 cienda
245 1450 374 1495 mala.
400 1454 515 1495 Deus
543 1458 690 1493 autem
724 1447 891 1507 patiens
913 1455 999 1500 est,
1030 1444 1133 1504 quia
1154 1451 1342 1486 aeternus
1365 1450 1453 1496 est,

69 1533 113 1568 et
134 1523 255 1568 novit
276 1522 391 1565 diem
405 1520 560 1580 judicii
583 1519 647 1563 sui
663 1554 674 1574 ‚
695 1519 773 1562 ubi
793 1517 937 1562 omnia
959 1514 1190 1559 examinat.

129 1596 253 1638 VIII.
287 1595 381 1637 Hoc
414 1606 492 1635 nos
524 1590 685 1635 docens
706 1587 815 1649 quid
836 1589 930 1632 ait?
961 1605 981 1629 «
1006 1590 1145 1638 Quam
1182 1582 1457 1642 magnificata

73 1684 94 1708 u
129 1673 231 1710 sunt
252 1679 382 1724 opera
418 1672 493 1707 tua
507 1698 517 1717 ‚
553 1661 738 1706 Domine
759 1660 767 1705 1
793 1659 928 1704 Nimis
950 1654 1184 1717 profundae
1206 1653 1333 1697 factae
1355 1661 1458 1696 sunt

73 1755 94 1779 »
130 1736 412 1795 cogitationes
432 1743 518 1778 tuae
532 1735 566 1768 1,
582 1751 602 1774 >›
628 1735 795 1776 Revera
815 1764 826 1783 ‚
852 1728 1004 1772 fratres
1026 1726 1126 1780 mei,
1148 1724 1321 1768 nullum
1340 1738 1459 1767 mare

36 1800 39 1801 ⁷
73 1817 160 1852 tam
184 1805 455 1866 pro-fundum
475 1813 538 1848 est
574 1817 707 1863 quam
741 1809 804 1844 est
825 1800 905 1843 ista
934 1797 1137 1855 cogitatio
1159 1795 1257 1849 Dei,
1282 1802 1332 1837 ut
1354 1792 1458 1836 mali

73 1880 279 1931 floreant,
305 1887 348 1921 et
370 1876 474 1921 honi
496 1875 697 1919 laborent
729 1891 737 1916 :
772 1871 882 1915 nihil
912 1879 1000 1913 tam
1022 1865 1294 1927 profundum
1311 1900 1322 1919 ‚
1348 1863 1459 1908 nihil

73 1959 161 1996 tam
184 1948 320 1992 altum
348 1966 356 1991 :
379 1947 440 1990 ibi
457 1943 688 2002 naufragat
709 1942 849 1987 omnis
871 1938 1079 1993 infidelis,
1104 1938 1150 1981 in
1167 1937 1249 1980 isto
1272 1934 1360 1979 alto
1377 1969 1388 1989 ‚
1414 1934 1460 1977 in

73 2021 157 2065 isto
199 2017 436 2079 profundo.
482 2016 556 2060 Vis
591 2014 771 2059 tra-nsire
807 2009 1079 2072 profundum
1108 2009 1226 2052 hoc?
1265 2010 1303 2050 Α
1340 2005 1462 2063 ligno

75 2091 236 2138 Christi
255 2090 345 2135 noli
367 2088 528 2133 resilire
545 2123 555 2142 ,
580 2101 671 2130 non
692 2084 896 2143 mergeris
922 2102 931 2127 z
958 2090 1057 2126 tene
1080 2089 1121 2124 te
1144 2078 1199 2123 ad
1221 2077 1458 2123 Christum.

76 2162 192 2216 Quid
206 2171 270 2206 est
287 2158 407 2221 quod
425 2158 539 2211 dico,
555 2167 655 2201 tene
671 2158 730 2199 Te
747 2154 802 2198 ad
821 2152 1074 2198 Christum?
1088 2148 1193 2194 Ideo
1214 2146 1353 2193 voluit
1374 2146 1463 2202 ipse

75 2233 121 2277 in
142 2242 255 2277 terra
271 2226 702 2288 laborare-Audistis
719 2260 730 2280 ‚
755 2239 857 2269 cum
879 2223 1097 2282 Propheta
1117 2220 1350 2279 legeretur,
1374 2231 1466 2260 non

78 2303 280 2349 avertisse
309 2317 410 2345 eum
433 2299 630 2359 scapulas
651 2314 674 2341 a
699 2295 881 2355 flagellis
900 2329 910 2347 ‚
936 2309 1025 2338 non
1053 2291 1255 2337 avertisse
1275 2302 1376 2333 eum
1398 2286 1465 2331 fa-

79 2376 189 2420 ciem
213 2390 236 2418 a
255 2373 391 2434 sputis
417 2371 670 2424 hominum,
696 2384 785 2412 non
809 2366 1008 2411 avertisse
1035 2362 1253 2408 maxillam
1274 2376 1295 2404 a
1312 2357 1468 2419 palmis

80 2461 231 2491 eorum
247 2449 280 2489 ².
313 2447 457 2497 Quare
479 2441 623 2486 omnia
644 2440 723 2484 ista
747 2438 836 2498 pati
866 2436 1028 2490 voluit,
1047 2435 1128 2479 nisi
1150 2442 1200 2477 ut
1221 2429 1470 2476 consoletur

80 2516 322 2577 patientes?
356 2517 414 2558 Et
443 2520 615 2572 poterat
647 2519 690 2554 et
723 2510 814 2569 ipse
835 2509 881 2552 in
902 2508 989 2550 fine
1020 2505 1271 2549 resuscitare
1293 2513 1467 2546 carnem

83 2601 204 2631 suam
227 2605 236 2630 :
270 2584 346 2629 sed
364 2592 414 2627 tu
435 2583 511 2642 qui
534 2596 623 2625 non
643 2580 812 2624 videras
831 2614 842 2633 ‚
865 2594 954 2623 non
985 2585 1095 2620 esset
1115 2570 1235 2634 (iuod
1257 2580 1463 2631 sperares.

133 2680 139 2695 ¹
159 2672 238 2703 Psal.
258 2682 325 2711 xci,
346 2670 377 2701 6.
406 2687 447 2691 —
467 2676 479 2690 ²
496 2670 566 2699 Isa'i'.
588 2679 618 2703 L,
639 2667 670 2696 6.
