1926 3339
427 274 511 312 470
865 284 898 312 s.
935 286 1166 315 Ancus-rim
1198 286 1378 314 Emscom

426 349 568 393 video.
594 348 733 393 Crede
750 384 760 403 ,
786 358 829 392 et
846 349 1029 394 videbis.
1053 353 1183 394 Forte.
1205 350 1321 394 enim
1343 363 1433 393 non
1453 348 1587 393 habes
1607 348 1728 394 unde
1747 350 1811 396 vi-

427 419 550 464 deas:
568 428 631 462 est
648 420 761 462 enim
783 419 935 463 oculus
955 420 1073 463 unde
1092 419 1164 463 illa
1179 418 1461 479 pulchritudo
1476 417 1812 466 videatur.Nam

429 488 651 550 quomodo
673 499 737 532 est
754 489 904 533 oculus
926 490 1082 544 carnis,
1098 489 1215 533 unde
1237 490 1311 533 lux
1327 490 1406 534 ista
1423 489 1649 548 videatur3
1668 490 1726 535 sic
1747 501 1810 536 est

392 555 399 557 ⁷
429 560 580 606 oculus
614 559 781 614 cordis,
819 558 938 603 unde.
968 559 1040 603 illa
1061 559 1312 620 jucunditas
1341 560 1553 604 videatur.
1588 564 1719 606 Forte
1739 561 1813 606 ille

389 621 391 624 ¹
429 630 580 676 oculus
612 629 782 673 saucius
814 639 904 685 est,
939 629 1182 674 sordidatus
1205 639 1295 686 est,
1319 630 1521 675 turbatus
1553 640 1617 675 est
1640 631 1696 675 ab
1718 633 1781 677 ira
1798 667 1810 688 ,

427 702 482 746 ab
511 700 687 744 avaritia
706 734 717 754 ,
753 715 776 743 a
798 699 1037 759 cupiditate
1054 735 1065 755 ,
1102 716 1125 744 a
1146 699 1331 745 libidine
1354 701 1590 757 insensata,
1613 702 1814 747 turbatus

427 781 490 817 est
523 770 675 816 oculus
706 781 826 826 tuus,
862 787 952 816 non
979 781 1121 831 potest
1140 772 1286 817 videre
1313 771 1434 817 illam
1460 773 1619 818 lucem.
1644 774 1812 825 Crede,

428 853 664 903 antequam
692 842 837 887 videas
864 861 873 887 z
905 844 1148 898 sanaberis,
1180 853 1223 887 et
1258 843 1440 888 videbis.
1469 864 1490 887 «
1515 847 1611 889 Lux
1637 853 1732 889 orta
1753 853 1818 889 est

429 933 450 958 ))
483 916 626 975 justo,
647 923 691 957 et
714 914 839 958 rectis
859 914 991 959 corde
1007 914 1274 975 jucunditas.
1305 933 1325 956 »

486 988 585 1030 XX.
616 1005 637 1027 «
660 988 683 1029 J
690 986 994 1042 ucundamini,
1020 988 1104 1043 ait,
1121 988 1226 1046 justi
1241 987 1287 1030 in
1315 987 1501 1031 Domino
1525 1006 1535 1032 :
1561 995 1605 1031 et
1633 988 1818 1032 conflte-

430 1076 452 1099 »
487 1057 596 1104 mini
620 1057 838 1099 memoriae
856 1058 1093 1101 sanctitatis
1115 1059 1220 1118 ejus.
1252 1077 1268 1098 »
1292 1060 1388 1101 Jam
1409 1057 1641 1118 jucundati
1662 1058 1708 1102 in
1727 1061 1818 1102 Do-

430 1129 551 1173 mino
568 1162 579 1182 ,
608 1129 698 1186 jani
721 1127 958 1186 gaudentes
991 1129 1036 1171 in
1058 1130 1267 1183 Domino,
1301 1128 1365 1172 illi
1386 1129 1653 1174 confitemini
1674 1150 1686 1187 3
1717 1130 1821 1190 quia

430 1199 512 1244 nisi
527 1196 661 1242 vellet
685 1233 695 1253 ‚
717 1214 807 1242 non
828 1198 873 1241 in
894 1197 969 1242 illo
992 1198 1292 1256 gauderemus.
1314 1199 1386 1243 Ait
1407 1200 1524 1243 enim
1551 1201 1640 1259 ipse
1668 1199 1821 1244 Domi-

430 1285 536 1314 nus:
567 1287 584 1308 «
608 1271 712 1312 Haec
734 1268 908 1313 locutus
925 1285 1020 1313 sum
1042 1270 1163 1314 vobis
1177 1306 1187 1325 ,
1206 1278 1257 1314 ut
1274 1270 1321 1315 in
1348 1286 1418 1314 me
1439 1286 1587 1330 pacem
1609 1270 1819 1327 habeatis,

432 1357 454 1382 »
489 1340 536 1383 in
557 1339 726 1384 mundo
767 1349 913 1384 autem
946 1356 1192 1400 pressuram
1208 1344 1240 1386 1.
1283 1361 1303 1383 »
1344 1342 1387 1387 Si
1423 1342 1659 1387 Christiani
1693 1341 1793 1386 estis
1808 1377 1820 1398 ‚

430 1425 649 1471 pressuras
671 1410 716 1454 in
738 1411 820 1455 isto
843 1411 1010 1456 mundo
1032 1421 1199 1472 sperate
1232 1432 1241 1458 ε
1267 1412 1570 1473 tranquilliora
1587 1421 1631 1457 et
1645 1411 1825 1458 meliora

430 1493 628 1542 tempora
646 1482 781 1527 nolite
812 1499 996 1543 sperare.
1029 1482 1183 1528 fratres
1199 1520 1210 1540 ,
1236 1483 1384 1537 fallitis
1417 1500 1494 1529 vos
1526 1504 1535 1529 :
1561 1483 1683 1545 quod
1702 1484 1824 1529 vobis

430 1553 719 1613 Evangelium
743 1570 833 1598 non
854 1555 1071 1614 promittit
1087 1590 1098 1610 ‚
1124 1555 1259 1599 nolite
1280 1555 1404 1600 vobis
1417 1555 1686 1615 promittere.
1707 1553 1827 1608 Quid

431 1624 548 1670 dicat
564 1624 851 1684 Evangelium
870 1660 881 1680 ,
895 1626 1009 1670 scitis
1032 1646 1040 1670 :
1058 1626 1311 1671 Christianis
1332 1626 1577 1686 loquimur,
1593 1626 1695 1670 fidei
1713 1641 1826 1686 prae-

430 1696 690 1741 varicatores
707 1711 796 1739 csse
817 1712 906 1740 non
921 1696 1147 1740 debemus.
1166 1696 1455 1755 Evangelium
1467 1697 1552 1740 hoc
1575 1695 1706 1751 dicit,
1723 1697 1826 1757 quia

430 1768 477 1811 in
505 1768 744 1811 novissimis
776 1768 1047 1827 temporibus
1078 1768 1217 1812 multa
1247 1768 1361 1813 mala
1381 1804 1392 1824 ‚
1427 1767 1566 1812 multa
1586 1767 1823 1824 scandala,

431 1837 583 1882 multae
606 1853 830 1897 praessurae
847 1874 858 1893 ,
885 1838 1035 1882 multae
1048 1839 1301 1900 iniquitates
1315 1838 1607 1884 abundabunt
1627 1858 1636 1884 :
1661 1838 1737 1883 sed
1750 1839 1827 1900 qui

431 1909 769 1969 perseveraverit
790 1924 928 1969 usque
944 1910 989 1953 in
1003 1910 1135 1954 finem
1152 1946 1163 1966 ,
1184 1910 1255 1954 hic
1279 1910 1420 1955 salvus
1443 1911 1538 1954 erit.
1569 1929 1590 1952 «
1613 1909 1827 1969 Refriges-

434 1998 455 2021 »
491 1989 584 2035 cet,
610 1980 780 2040 inquit,
805 1981 988 2025 charitas
1021 1980 1262 2025 multorum
1279 1985 1312 2025 2.
1343 2001 1363 2023 »
1391 1982 1476 2035 Qui
1499 1997 1602 2041 ergo
1624 1996 1826 2041 perseve—

431 2060 578 2095 ranter
601 2052 755 2110 spiritu
779 2049 991 2096 ferbuerit
1006 2087 1016 2107 ,
1052 2052 1296 2097 secundum
1318 2052 1578 2112 Apostolum
1599 2087 1610 2107 ,
1637 2053 1715 2112 qui
1738 2053 1823 2107 ait,

435 2139 456 2163 »
484 2122 647 2181 Spiritu
668 2123 949 2179 ferventes3‚»
976 2125 1067 2183 ejus
1082 2125 1266 2168 charitas
1284 2140 1374 2168 non
1391 2123 1639 2182 refrigescet
1656 2139 1665 2165 z
1683 2124 1826 2178 «Quia

433 2210 454 2233 »
489 2192 580 2251 ipsa
598 2193 783 2237 charitas
807 2193 885 2237 Dei
907 2193 1066 2239 diflusa
1084 2204 1147 2239 est
1168 2195 1214 2238 in
1231 2195 1435 2239 cordibus
1453 2194 1610 2239 nostris
1632 2210 1709 2254 per
1729 2195 1827 2255 Spi-

436 2282 456 2305 »
492 2265 625 2308 ritum
643 2274 840 2309 sanctum
855 2301 866 2320 ‚
893 2267 968 2326 qui
991 2265 1118 2311 datus
1135 2276 1200 2310 est
1217 2266 1342 2311 nobis
1356 2268 1387 2310 4.
1416 2285 1436 2308 »
1462 2269 1598 2312 Nemo
1619 2265 1701 2311 sibi
1722 2281 1826 2326 ergo

429 2335 658 2394 promittat
679 2334 799 2395 quod
821 2336 1110 2395 Evangelium
1140 2352 1230 2381 non
1262 2337 1491 2396 promittit.
1517 2340 1632 2382 Ecce
1650 2337 1827 2381 venient

428 2403 596 2449 laetiora
613 2415 832 2465 tempora,
859 2416 902 2451 et
931 2406 1043 2451 facio
1060 2406 1193 2462 illud,
1220 2417 1262 2452 et
1285 2424 1382 2453 emo
1405 2408 1530 2453 illud.
1567 2411 1739 2452 Bonum
1763 2416 1828 2453 est

432 2477 509 2520 tibi
521 2486 571 2520 ut
590 2477 787 2521 attendas
802 2477 926 2521 illum
944 2479 1021 2538 qui
1040 2495 1127 2523 non
1141 2478 1327 2535 fallitur,
1349 2495 1429 2524 nec
1445 2478 1604 2524 fefellit
1616 2478 1821 2540 aliquem,

428 2547 506 2607 qui
529 2547 607 2590 tibi
640 2549 837 2607 promisit
862 2557 951 2593 non
986 2550 1057 2594 hic
1093 2550 1313 2605 laetitiam,
1352 2550 1430 2594 sed
1459 2551 1506 2594 in
1538 2565 1610 2608 se3
1643 2559 1688 2594 et
1721 2564 1824 2594 cum

476 2638 483 2653 ¹
503 2634 593 2663 Joan.
615 2643 677 2671 xvi,
700 2633 753 2664 33.
781 2650 821 2655 —
844 2640 856 2655 ²
871 2634 984 2665 Matth.
1005 2644 1091 2675 xxiv,
1117 2636 1165 2667 13.
1189 2651 1226 2656 —-
1254 2633 1266 2656 3
1286 2638 1375 2667 Rom.
1394 2645 1451 2675 xn,
1466 2646 1520 2667 11.
1544 2650 1582 2657 -
1601 2632 1681 2665 41d.
1701 2645 1735 2675 v,
1753 2633 1784 2665 5.
