1926 3339
418 284 501 322 502
846 291 879 320 s.
915 291 1147 320 Atreusnm
1179 292 1361 320 Emscom

417 368 580 418 speret,
603 357 796 417 pluviam
817 356 982 402 laudet.
1014 360 1103 402 Aut
1127 357 1236 417 quid
1265 365 1368 401 sunt
1396 356 1535 400 nubes
1551 390 1563 411 ‚
1593 366 1667 401 aut
1694 356 1803 417 quid

417 438 481 473 est
501 428 665 488 pluvia,
685 428 764 472 nisi
789 428 864 472 Dei
886 426 1192 481 misericordia,
1215 427 1360 472 omnia
1381 426 1576 471 facientis
1597 427 1710 471 circa
1730 443 1802 472 eos

416 515 528 560 quos
545 499 702 558 diligit,
728 508 772 543 et
793 499 951 559 quibus
973 497 1152 542 donavit
1172 506 1222 541 ut
1243 498 1298 540 ab
1321 497 1380 541 eis
1397 496 1633 556 diligatur?

419 641 1798 661 mmmmmmwmmmfflfflmmmmmm*u

917 758 1312 807 ENARRATIO

807 902 868 941 IN
918 901 1220 942 PSALMUM
1265 899 1439 940 xclx.

885 1035 1038 1078 Sermo
1053 1031 1108 1077 ad
1129 1031 1345 1092 plebem¹.

482 1161 517 1202 Ι.
544 1160 774 1211 PsAmrcM,
801 1155 974 1211 fratres,
1007 1173 1107 1202 cum
1123 1166 1370 1201 cantaretur
1387 1192 1397 1211 ,
1429 1152 1631 1214 audistis3
1666 1155 1809 1200 brevis

423 1238 501 1283 est,
522 1244 603 1273 nec
621 1230 832 1273 obscurus
854 1249 862 1273 :
881 1229 1002 1289 quasi
1019 1228 1294 1272 securitatem
1313 1226 1522 1280 dederim,
1544 1242 1599 1270 ne
1616 1225 1811 1270 laborem

421 1300 622 1343 timeatis.
650 1300 886 1343 Videamus
908 1309 1052 1343 tamen
1078 1298 1301 1352 attentius,
1343 1306 1386 1341 et
1418 1305 1584 1356 quanto
1605 1296 1808 1352 liberius,

420 1379 544 1414 tanto
569 1369 819 1429 diligentius
836 1405 846 1424 ,
872 1369 978 1429 quid
1002 1369 1082 1413 sibi
1103 1368 1240 1413 velint
1262 1384 1310 1412 ea
1334 1369 1422 1427 ipsa
1440 1384 1539 1428 quae
1562 1377 1709 1427 aperte
1737 1384 1808 1412 so-

422 1449 530 1484 nant
553 1450 631 1485 :ut
648 1449 862 1500 quantum
890 1439 1097 1483 Dominus
1123 1439 1285 1483 donare
1310 1438 1536 1497 dignatur,
1563 1437 1812 1498 spiritaliter

423 1510 738 1569 intelligantur.
756 1513 851 1555 Vox
868 1511 940 1554 Dei
962 1509 1161 1570 quolibet
1183 1526 1346 1569 organo
1367 1525 1540 1565 sonans,
1566 1518 1714 1553 tamen
1727 1524 1812 1554 vox

424 1582 503 1627 Dei
529 1601 537 1626 :
561 1597 704 1641 neque
727 1581 841 1625 enim
866 1580 1054 1625 delectat
1079 1596 1203 1625 aures
1231 1582 1339 1641 ejus,
1365 1581 1444 1624 nisi
1465 1596 1549 1625 vox
1571 1581 1676 1640 ejus.
1703 1582 1813 1625 Nam

425 1662 467 1697 et
484 1668 562 1697 nos
580 1668 681 1697 cum
703 1651 943 1712 loquimur,
970 1661 1076 1696 tunc
1094 1667 1194 1695 eum
1213 1650 1496 1707 delectamus,
1523 1667 1625 1696 cum
1646 1651 1737 1711 ipse
1758 1650 1813 1695 de

425 1725 551 1769 nobis
573 1724 785 1783 loquitur.

484 1798 542 1838 ΙΙ.
575 1814 594 1837 «
620 1794 816 1839 Psalmus
837 1794 883 1838 in
899 1792 1171 1839 confessione
1196 1813 1206 1838 z
1233 1812 1253 1835 η
1281 1794 1340 1838 sic
1356 1794 1608 1839 inscribitur
1623 1829 1634 1849 ,
1658 1794 1730 1838 hic
1752 1803 1816 1839 est

424 1865 578 1910 titulus
613 1867 726 1926 ejus,
754 1884 774 1907 «
810 1866 1006 1909 Psalmus
1035 1867 1080 1909 in
1106 1864 1418 1910 confessione2.
1437 1865 1469 1906 'n
1503 1865 1635 1910 Pauci
1667 1880 1816 1910 versus

425 1945 549 1991 sunt,
578 1951 835 1995 magnarum
861 1952 1007 1980 rerum
1029 1936 1193 1994 gravidi
1223 1956 1232 1981 :
1258 1937 1430 1996 pariant
1452 1935 1615 1980 semina
1651 1936 1696 1979 in
1719 1951 1816 1980 cor-

425 2007 552 2051 dibus
573 2007 744 2062 vestris,
776 2016 825 2050 ut
847 2016 1021 2066 paretur
1043 2007 1249 2051 horreum
1271 2007 1397 2051 messi
1428 2006 1675 2051 dominicae.
1698 2006 1817 2051 Psal-

425 2093 521 2121 mus
540 2077 618 2121 iste
635 2077 682 2121 in
706 2075 976 2121 confessione
999 2078 1082 2121 hoc
1106 2077 1231 2122 nobis
1248 2077 1402 2138 jubet,
1426 2076 1481 2121 ad
1500 2078 1585 2121 hoc
1608 2093 1686 2121 nos
1711 2078 1816 2121 hor-

426 2158 564 2202 tatur,
600 2158 649 2193 ut
687 2148 924 2209 jubilemus
972 2152 1072 2193 Deo.
1111 2152 1198 2194 Ncc
1231 2150 1433 2193 hortatur
1466 2149 1588 2192 velut
1626 2148 1816 2209 aliquem

426 2235 564 2264 unum
593 2219 803 2279 angulum
841 2229 983 2275 terrae,
1017 2229 1092 2264 aut
1121 2236 1254 2264 unam
1281 2219 1471 2279 aliquam
1500 2220 1817 2264 habitationem

426 2292 862 2350 congregationemve
897 2292 1124 2335 hominum
1153 2311 1160 2335 :
1187 2291 1260 2335 sed
1289 2293 1391 2351 quia
1424 2292 1591 2351 ubique
1621 2292 1744 2336 novit
1773 2307 1817 2336 se

427 2362 657 2406 seminasse
682 2362 1046 2416 benedictionem,
1068 2361 1264 2422 undique
1283 2362 1414 2421 exigit
1430 2361 1755 2422 jubilationem.

487 2434 569 2475 III.
616 2450 634 2473 «
656 2434 679 2475 J
686 2431 848 2475 ubilate
873 2447 973 2489 ergo
995 2432 1179 2476 Domino
1197 2468 1207 2486 ,
1231 2432 1429 2476 universa
1452 2434 1605 2475 terra3.
1634 2450 1654 2473 »
1680 2434 1818 2476 Num-

479 2534 487 2549 ¹
507 2529 543 2559 In
559 2529 711 2560 Sermone
731 2529 792 2560 isto
813 2528 852 2559 ad
871 2528 996 2570 plebem
1021 2529 1086 2569 agit
1111 2529 1300 2569 Augustinus
1317 2529 1443 2571 egregie
1460 2529 1501 2561 de
1518 2529 1659 2561 ferendis
1677 2528 1816 2561 hornini-

431 2584 490 2615 bus
519 2584 548 2614 in
581 2584 720 2616 Ecclesia
749 2585 799 2616 vel
823 2584 853 2615 in
887 2585 1082 2617 monasterio
1101 2585 1183 2617 male
1211 2585 1390 2628 agentibm.
1407 2602 1448 2608 —
1469 2592 1482 2608 ²
1502 2585 1580 2617 Psal.
1610 2596 1702 2625 xcrx,
1726 2597 1753 2617 1.
1776 2602 1818 2607 —

435 2637 448 2660 3
468 2639 549 2670 Ibid.
567 2648 596 2670 2.
