1926 3339
451 328 533 365 202
909 337 942 367 s.
979 337 1205 368 Aucus'rnvi
1237 341 1418 368 Emscom

449 402 662 447 felicitatis
689 422 697 448 :
723 404 979 449 tentationes
1001 415 1102 450 sunt
1134 406 1248 464 istae3
1278 414 1425 450 cavete
1446 419 1501 448 ne
1522 418 1598 448 vos
1619 403 1698 447 ista
1733 417 1830 447 cor-
1891 419 1894 423 ·

449 482 670 532 rumpant.·
689 473 912 534 Quidquid
933 475 1062 519 etiam
1074 476 1330 535 prosperum
1352 485 1414 519 est
1429 473 1669 519 secundum
1691 472 1832 518 Chris·
1893 518 1895 524 ,
1920 492 1923 496 ·

449 553 543 588 tum
566 553 609 588 et
627 559 874 603 germanam
894 545 1148 589 charitatem
1166 545 1326 590 Christi
1356 564 1363 588 :
1395 545 1427 588 si
1450 544 1562 588 forte
1583 543 1775 587 lucratus
1789 557 1832 585 es
1892 590 1896 598 Ι

448 629 627 657 uxorem
651 623 771 657 tuam
788 648 799 668 ‚
824 630 923 672 quae
947 614 1030 657 fuit
1051 614 1095 657 in
1115 624 1234 673 parte
1252 616 1429 671 Donati3
1455 615 1487 657 si
1504 614 1617 658 forte
1636 610 1834 656 credide·
1921 610 1926 616 ’

448 692 552 726 runt
584 683 659 726 filii
695 683 783 737 tui,
820 684 897 742 qui
928 681 1108 726 fuerunt
1148 684 1331 742 Pagani3
1354 683 1532 727 si'i'orte
1566 682 1757 726 lucratus
1791 697 1834 725 es

449 753 635 797 amicum
658 761 785 796 tuum
802 788 813 807 ,
839 754 914 813 qui
938 763 980 797 te
1007 753 1183 798 volebat
1204 754 1408 798 seducere
1431 754 1485 798 ad
1507 754 1669 798 theatra
1686 788 1696 807 ,
1722 761 1766 796 et
1787 761 1835 797 tu

446 838 547 866 eum
561 822 721 867 duxisti
738 822 792 866 ad
809 822 1067 882 Ecclesiam3
1089 825 1122 868 si
1140 823 1251 869 forte
1269 824 1560 869 contradictor
1575 823 1719 867 nescio
1737 823 1835 882 quis
1896 858 1899 881 3

449 893 649 937 inimicus
674 903 773 937 tuus
795 903 838 937 et
859 894 1008 938 rabide
1033 896 1210 950 saevius,
1246 895 1438 955 deposita
1461 895 1534 939 illa
1557 892 1675 938 rabie
1699 893 1837 938 factus
1897 947 1899 950 Ι
1925 931 1926 935 ,

450 973 514 1008 est
543 964 683 1018 mitis,
720 974 763 1008 et
796 965 972 1024 agnovit
1000 969 1160 1021 Deum,
1200 982 1280 1010 nec
1313 965 1502 1011 oblatrat
1534 965 1738 1009 adversus
1768 973 1834 1019 te,
1898 1011 1900 1013 ,
1925 963 1926 967 ’

450 1033 526 1078 sed
549 1033 707 1078 clamat
731 1044 877 1079 tecum
908 1034 1111 1080 adversus
1141 1036 1305 1080 malum
1342 1055 1350 1081 :
1385 1037 1464 1080 ista
1486 1034 1681 1095 jucunda
1718 1043 1833 1078 sunt.
1898 1069 1901 1076 .

453 1103 578 1149 Unde
600 1105 715 1148 enim
737 1105 973 1164 gaudemus
990 1141 1000 1161 ,
1026 1107 1059 1150 si
1079 1106 1132 1150 de
1150 1106 1215 1150 his
1243 1122 1332 1150 non
1356 1105 1622 1164 gaudemus?
1645 1113 1719 1148 aut
1742 1119 1839 1163 quse

450 1183 552 1218 sunt
569 1174 649 1218 alia
670 1173 827 1233 gaudia
848 1184 995 1219 nostra
1010 1211 1021 1231 ,
1051 1176 1132 1220 nisi
1153 1176 1263 1220 ista?
1296 1175 1380 1221 Sed
1402 1177 1502 1235 quia
1539 1174 1765 1219 abundant
1794 1182 1840 1217 ct
1900 1214 1902 1232 ;

450 1243 750 1288 tribulationes
787 1253 829 1287 et
850 1245 1108 1289 tentationes
1136 1255 1179 1289 et
1200 1245 1482 1289 dissensiones
1514 1254 1558 1288 et
1578 1245 1804 1288 schismata
1823 1277 1833 1297 ‚

449 1323 493 1358 et
512 1323 667 1358 caetera
689 1313 801 1358 mala
824 1314 915 1357 sine
931 1314 1091 1374 quibus
1110 1330 1199 1359 non
1222 1324 1366 1374 potest
1387 1330 1477 1358 esse
1501 1313 1708 1358 saeculum
1726 1314 1808 1356 hoc
1823 1347 1834 1367 ‚
1900 1355 1903 1362 ,

450 1383 590 1428 donec
621 1393 811 1428 transeat
845 1384 1078 1444 iniquitas3
1117 1385 1326 1429 exultatio
1357 1384 1430 1429 illa
1465 1400 1554 1429 non
1592 1399 1670 1428 nos
1712 1382 1840 1427 faciat
1902 1407 1913 1441 ἶ-

451 1469 644 1508 SecurOS‚
669 1453 744 1498 sed
765 1454 824 1498 ita
854 1455 1123 1515 jucundetur
1144 1470 1219 1499 cor
1240 1464 1437 1499 nostrum
1458 1490 1468 1509 ‚
1499 1463 1549 1498 ut
1572 1454 1722 1498 timeat
1756 1468 1838 1496 no-

451 1541 553 1569 men
583 1525 778 1581 Domini,
814 1541 868 1569 ne
902 1525 1077 1570 aliunde
1110 1526 1404 1586 jucundetur,
1437 1525 1611 1570 aliunde
1643 1524 1837 1569 feriatur.
1902 1541 1913 1580 j

456 1597 737 1642 Securitatem
761 1613 848 1641 non
866 1598 1096 1656 expectetis
1118 1598 1164 1641 in
1185 1598 1529 1657 peregrinatione
1556 1616 1565 1642 z
1591 1595 1768 1656 quando
1785 1594 1842 1638 il-
1904 1631 1905 1636 ,

453 1666 542 1711 lam
563 1667 634 1711 hic
654 1666 918 1712 voluerimus
933 1702 944 1722 ‚
968 1668 1135 1712 viscum
1162 1668 1243 1712 erit
1270 1668 1462 1728 corporis
1485 1702 1496 1723 ‚
1527 1683 1616 1711 non
1638 1666 1842 1711 securitas

455 1738 642 1782 hominis
669 1773 679 1792 ‚
710 1757 730 1780 «
765 1738 1040 1783 Jucundetur
1072 1754 1147 1783 cor
1182 1754 1330 1782 meum
1349 1773 1360 1793 ‚
1395 1748 1446 1783 ut
1472 1738 1655 1782 timeant
1682 1751 1843 1782 nomen
1904 1784 1906 1791 y

432 1830 434 1832 ’
460 1827 480 1851 ))
517 1818 659 1852 tuum.
689 1827 709 1850 ))

515 1882 658 1924 XVII.
689 1899 708 1923 «
733 1880 988 1925 Confitebor
1015 1880 1121 1935 tibi,
1154 1880 1334 1925 Domine
1359 1883 1472 1926 Deus
1497 1895 1642 1934 meus,
1677 1879 1723 1923 in
1751 1886 1845 1923 toto
1905 1934 1908 1944 Ι

460 1969 480 1992 »
516 1949 646 1994 corde
673 1966 793 2005 meo,
833 1959 876 1994 et
910 1950 1160 2009 glorificabo
1192 1966 1350 1996 nomen
1382 1960 1509 1995 tuum
1539 1951 1582 1993 in
1612 1959 1841 1994 aeternum.

461 2039 480 2062 »
517 2021 734 2074 Quoniam
751 2020 1042 2065 misericordia
1061 2031 1136 2065 tua
1149 2037 1302 2080 magna
1322 2031 1524 2081 estsuper
1538 2036 1623 2075 me⁷
1639 2029 1682 2063 et
1699 2019 1846 2063 eruisti

465 2112 482 2131 »
518 2091 705 2135 animam
724 2106 864 2134 meam
888 2107 939 2134 ex
961 2090 1133 2136 inferno
1155 2091 1361 2136 inferiore
1379 2095 1409 2136 ¹.
1444 2110 1464 2133 »
1487 2090 1613 2144 Quod
1631 2090 1814 2134 dicimus
1831 2124 1843 2144 ,
1907 2117 1910 2148 2

458 2162 611 2206 fratres
627 2196 637 2215 ,
663 2161 746 2205 hoc
768 2161 802 2204 si
833 2177 923 2205 non
942 2161 1068 2205 vobis
1094 2171 1302 2222 tanquam
1331 2171 1474 2207 certus
1496 2176 1736 2221 exposuero
1756 2195 1766 2214 ‚
1792 2174 1848 2203 ne
1907 2210 1910 2215 ,

458 2231 760 2275 succenseatis.
783 2233 925 2275 Homo
943 2246 1038 2275 sum
1054 2232 1169 2275 enim
1187 2267 1197 2286 ‚
1225 2241 1268 2276 et
1290 2242 1505 2292 quantum
1521 2230 1774 2276 conceditur
1793 2230 1848 2273 de
1908 2273 1910 2282 ,

462 2301 691 2361 Scripturis
722 2302 905 2354 sanetis,
939 2310 1108 2345 tantum
1149 2301 1288 2347 audeo
1321 2302 1496 2347 dicere:
1536 2300 1646 2345 nihil
1677 2317 1726 2344 ex
1759 2315 1844 2344 me.
1908 2345 1910 2352 Α

462 2371 690 2415 Infernum
707 2387 786 2415 ncc
810 2387 890 2430 ego
914 2381 1114 2430 expertus
1136 2388 1231 2416 sum
1255 2373 1397 2416 adhuc
1413 2408 1423 2427 ,
1455 2387 1534 2416 nec
1556 2387 1630 2416 vos
1656 2387 1665 2412 ε
1694 2380 1737 2414 et
1760 2369 1850 2414 sor-

464 2443 582 2486 iassis
601 2442 682 2485 alia
706 2442 773 2484 via
791 2442 898 2496 erit,
924 2451 967 2485 et
988 2457 1077 2486 non
1098 2458 1176 2501 per
1196 2441 1415 2486 infernum
1439 2442 1535 2486 erit.
1563 2445 1730 2485 Incerta
1749 2448 1851 2484 sunt

463 2513 572 2555 haee.
598 2513 762 2555 Verum
785 2511 887 2571 quia
905 2511 1011 2555 dicit
1034 2512 1253 2571 Scriptura
1269 2547 1279 2566 ‚
1306 2513 1375 2556 cui
1398 2511 1635 2556 contradici
1657 2526 1744 2555 non
1766 2525 1850 2569 po-

462 2590 566 2637 test,
595 2600 615 2623 «
637 2581 799 2625 Eruisti
817 2581 1006 2626 animam
1019 2596 1159 2626 meam
1174 2597 1223 2626 ex
1242 2580 1414 2626 inferno
1431 2581 1634 2626 inferiore
1652 2599 1660 2624 z
1685 2598 1705 2621 η
1727 2578 1851 2622 intel·
1910 2627 1912 2631 .

511 2675 518 2690 ¹
544 2667 625 2699 Psal.
645 2678 761 2707 mcxxv,
785 2676 836 2706 ι’),
860 2668 909 2698 13.
