1926 3339
391 260 631 290 ENARRA‘no
663 263 706 288 m
740 259 940 289 PsALMUM
974 264 1121 290 κεν-ιιι.
1340 255 1423 296 483

46 335 89 370 et
118 327 348 386 assumpsit
367 336 527 371 terram
548 327 594 369 in
616 340 702 385 qua
724 334 833 369 esset
853 326 897 369 in
920 335 1047 370 terra.
1086 327 1235 372 Induit
1268 344 1311 373 se
1332 345 1427 374 car-

45 411 146 440 nem
160 432 171 453 ,
193 407 237 441 et
251 398 370 457 prior
389 397 528 441 voluit
550 397 638 455 pati
659 395 889 439 irascentes
910 396 1110 455 populos.
1135 400 1198 442 Ne
1219 400 1325 443 iram
1343 415 1426 459 po-

43 466 250 527 pulorum
272 467 478 511 timerent
515 465 625 510 servi
646 467 736 526 ejus
752 501 762 520 ,
795 467 913 525 prior
937 466 1054 511 illam
1076 468 1166 527 pati
1187 468 1327 513 voluit
1349 489 1357 514 ε
1381 479 1424 514 et

42 538 144 598 quia
177 537 413 581 necessaria
442 545 533 581 erat
554 535 615 580 ira
638 535 902 595 populorum
919 537 1050 581 servis
1071 538 1160 597 ejus
1176 574 1187 594 ,
1209 548 1260 583 ut
1277 554 1300 583 a
1322 555 1426 599 pec-

42 609 147 654 catis
169 611 256 653 suis
289 608 492 654 omnibus
511 623 589 668 per
608 608 719 667 ipsas
741 608 1044 654 tribulationes
1077 621 1334 656 curarentur
1349 647 1360 667 ,
1381 621 1426 656 et

41 689 323 735 sanarentur,
358 693 553 723 amarum
584 677 794 739 poculum
833 679 951 739 prior
971 680 1166 725 medicus
1204 682 1346 738 bibit,
1370 698 1427 727 ne

41 750 191 795 bibere
213 751 385 795 timeret
411 759 614 810 aegrotus.
642 752 759 809 Ergo
787 769 807 792 «
835 751 1045 795 Dominus
1076 753 1299 811 regnavit,
1324 754 1427 798 iras-

44 839 66 863 »
100 831 255 867 cantur
288 822 439 882 populi
460 841 470 867 :
499 840 520 863 »
545 822 785 871 irascantur
817 821 990 882 populi,
1021 823 1124 883 quia
1147 823 1201 867 de
1223 825 1282 868 ira
1307 824 1425 884 ipso-

41 907 140 936 rum
167 892 306 937 multa
327 893 444 937 bona
470 892 576 937 facit
598 895 727 937 Deus.
754 891 823 936 llli
846 894 1090 938 irascuntur
1106 929 1117 948 ,
1142 904 1186 938 et
1217 895 1326 939 servi
1348 896 1426 939 Dei

40 973 311 1024 purgantur,
333 965 434 1024 quia
456 976 731 1019 exercentur,
751 974 1030 1009 coronantur.
1053 968 1336 1014 «,Irascantur
1351 983 1428 1026 po-

43 1051 64 1076 »
99 1034 208 1094 puli.
235 1035 320 1088 Qui
341 1035 462 1079 sedet
493 1050 622 1094 super
655 1034 921 1090 Cherubim,
950 1054 970 1077 »
1002 1036 1221 1094 regnavit,
1255 1055 1276 1079 «
1300 1039 1429 1081 Com-

43 1122 64 1146 »
99 1114 326 1149 moveatur
342 1114 470 1150 terra.
501 1124 521 1147 »
543 1105 783 1150 Cherubim
800 1105 921 1150 sedes
944 1106 1017 1150 Dei
1035 1115 1119 1161 est⁷
1145 1107 1256 1150 sicut
1280 1108 1427 1166 Scrip-

40 1185 151 1221 turae
170 1175 351 1221 tradunt
369 1213 380 1233 ,
400 1177 587 1222 coelestis
609 1176 810 1237 quaedam
833 1176 953 1221 sedes
971 1176 1183 1233 sublimis,
1200 1194 1332 1238 quam
1350 1195 1428 1224 nos

40 1261 131 1292 non
152 1246 460 1306 videmus35ed
479 1247 671 1291 Verbum
684 1248 762 1291 Dei
785 1247 907 1292 novit
926 1246 1062 1303 illam,
1076 1248 1197 1293 novit
1219 1258 1427 1310 tanquam

40 1317 187 1363 sedem
208 1335 329 1363 suam
346 1355 358 1374 ,
397 1327 440 1362 et
470 1318 614 1378 ipsum
636 1319 831 1363 Verbum
849 1319 925 1363 Dei
947 1328 990 1362 et
1013 1319 1194 1378 Spiritus
1218 1320 1295 1364 Dei
1317 1319 1428 1366 dixit

40 1390 170 1434 servis
185 1391 264 1434 Dei
285 1389 362 1434 ubi
380 1389 526 1434 sedeat
547 1393 677 1434 Deus.
704 1392 801 1435 Non
823 1390 925 1450 quia
945 1389 1003 1434 sic
1025 1389 1144 1434 sedet
1166 1393 1296 1446 Deus,
1313 1407 1426 1452 quo-

40 1460 173 1505 modo
196 1461 330 1506 homo
352 1479 362 1506 :
387 1460 464 1505 sed
484 1469 533 1504 tu
550 1460 584 1504 si
603 1460 667 1505 vis
688 1469 738 1504 ut
758 1459 907 1506 sedeat
928 1460 973 1504 in
994 1469 1037 1504 te
1066 1466 1176 1504 Deus
1194 1496 1204 1516 ,
1230 1462 1263 1505 si
1284 1462 1427 1507 bonus

40 1530 138 1585 eris,
155 1531 277 1575 sedes
305 1531 377 1574 Dei
399 1531 497 1585 eris,
511 1530 570 1574 sic
593 1531 708 1573 enim
731 1530 941 1589 scriptum
963 1539 1026 1574 est
1045 1549 1054 1575 z
1079 1530 1242 1575 «Sedes
1264 1533 1429 1591 sapien-

43 1618 64 1642 »
99 1601 172 1644 tiae
186 1636 197 1656 ,
216 1601 359 1645 anima
376 1601 498 1661 justi.
529 1619 548 1641 »
575 1601 776 1644 Thronus
793 1601 907 1644 enim
924 1635 934 1656 ,
949 1600 1084 1644 latine
1107 1600 1228 1645 sedes
1250 1601 1424 1647 dicitur.

39 1672 149 1717 Nam
163 1681 206 1716 et
217 1673 360 1731 ipsum
374 1670 615 1716 Cherubim
628 1670 899 1730 interpretati
921 1679 1024 1714 sunt
1041 1670 1221 1730 quidam
1238 1670 1346 1731 quid
1360 1671 1430 1716 di—

41 1750 210 1786 ceretur
226 1741 376 1797 latine,
396 1741 473 1801 qui
490 1749 707 1785 noverunt
721 1740 917 1799 linguam
934 1739 1053 1784 illam
1068 1740 1309 1798 hebraeam,
1325 1742 1428 1801 quia

39 1812 214 1856 hebraea
248 1811 398 1871 lingua
426 1811 594 1856 dictum
623 1820 687 1855 est
720 1810 960 1856 Cherubim
991 1831 1001 1867 3
1041 1820 1083 1855 et
1115 1811 1317 1856 dixerunt
1339 1828 1429 1857 esse

41 1883 283 1927 Cherubim
302 1881 624 1927 Plenitudinem
642 1881 846 1925 scientiae.
864 1884 982 1940 Ergo
1000 1881 1100 1941 quia
1119 1891 1294 1940 superat
1315 1885 1430 1928 Deus

42 1968 219 1998 omnem
233 1953 454 1997 scientiam
475 1971 483 1996 :
501 1967 630 2011 super
650 1951 971 2010 plenitudinem
993 1951 1183 1995 scientiae
1199 1951 1347 1996 sedere
1368 1953 1431 1997 di-

42 2025 168 2070 citur.
197 2025 259 2069 Sit
275 2025 322 2068 in
344 2034 386 2068 te
405 2039 508 2083 ergo
529 2023 760 2083 plenitudo
782 2022 988 2077 scientiae,
1014 2031 1058 2066 et
1079 2022 1161 2066 eris
1184 2032 1227 2067 et
1244 2032 1292 2067 tu
1310 2023 1431 2068 sedes

42 2095 135 2140 Dei.
151 2096 234 2140 Sed
252 2094 363 2140 forte
377 2095 574 2139 dicturus
596 2109 662 2138 es:
680 2096 738 2137 Et
754 2093 932 2153 quando
953 2093 999 2135 in
1018 2107 1088 2136 me
1107 2093 1188 2151 erit
1200 2092 1431 2152 plenitudo

42 2166 259 2211 scientiae?
281 2174 325 2209 et
345 2165 441 2225 quis
469 2172 611 2224 potest
636 2163 690 2207 ad
710 2172 884 2207 tantum
907 2162 1082 2207 culmen
1103 2163 1329 2222 pervenire
1343 2199 1354 2220 ,
1380 2174 1431 2210 ut

43 2237 97 2294 sit
116 2236 163 2280 in
191 2236 266 2281 illo
288 2235 516 2296 plenitudo
544 2233 768 2279 scientiae?
791 2237 920 2278 Putas
954 2234 1038 2277 hoc
1059 2232 1170 2277 velle
1193 2236 1356 2291 Deum,
1381 2245 1432 2281 ut

43 2308 96 2352 sit
127 2308 173 2351 in
207 2306 334 2351 nobis
365 2306 445 2350 ista
472 2304 702 2365 plenitudo
725 2304 937 2359 scientiae,
962 2312 1014 2348 ut
1041 2304 1290 2349 noverimus
1306 2340 1317 2361 ,
1357 2316 1434 2352 aut

43 2386 154 2438 quot
181 2378 266 2422 sint
301 2375 436 2421 stellae
452 2410 462 2430 ,
501 2384 576 2419 aut
597 2383 709 2434 quot
731 2375 816 2419 sint
839 2389 970 2432 grana
989 2409 1000 2429 ,
1025 2389 1116 2417 non
1144 2373 1242 2418 dico
1264 2391 1428 2433 arenae,

44 2448 121 2493 sed
143 2448 294 2503 tritici,
323 2456 398 2492 aut
415 2454 524 2507 quot
546 2461 675 2505 poma
698 2445 917 2505 pendeant
939 2444 983 2487 in
1008 2444 1193 2488 arbore?
1216 2444 1295 2489 Ille
1312 2449 1434 2492 novit

46 2519 214 2575 omnia,
252 2518 354 2578 quia
381 2516 526 2577 capilli
548 2516 683 2560 nostri
705 2514 923 2560 numerati
950 2523 1051 2558 sunt
1076 2517 1164 2558 Deo
1181 2517 1212 2558 1.
1244 2515 1327 2560 Sed
1351 2517 1434 2562 alia

95 2610 103 2626 ¹
126 2602 242 2635 Matth.
263 2613 297 2644 x,
317 2602 367 2634 30.
1182 2652 1228 2691 ‘21
