<?xml version="1.0" encoding="UTF-8"?>
<!DOCTYPE html PUBLIC "-//W3C//DTD XHTML 1.0 Transitional//EN"
    "http://www.w3.org/TR/xhtml1/DTD/xhtml1-transitional.dtd">
<html xmlns="http://www.w3.org/1999/xhtml" xml:lang="en" lang="en">
 <head>
  <title>
</title>
<meta http-equiv="Content-Type" content="text/html;charset=utf-8" />
  <meta name='ocr-system' content='tesseract 3.04.00' />
  <meta name='ocr-capabilities' content='ocr_page ocr_carea ocr_par ocr_line ocrx_word'/>
</head>
<body>
  <div class='ocr_page' id='page_1' title='image "./operaomniaaccura10auguuoft_0498.png"; bbox 0 0 1926 3339; ppageno 0'>
   <div class='ocr_carea' id='block_1_1' title="bbox 471 357 1423 399">
    <p class='ocr_par' dir='ltr' id='par_1_1' title="bbox 471 357 1423 399">
     <span class='ocr_line' id='line_1_1' title="bbox 471 357 1423 399; baseline -0.007 0"><span class='ocrx_word' id='word_1_1' title='bbox 471 357 553 399; x_wconf 70' lang='lat'>40³2</span> <span class='ocrx_word' id='word_1_2' title='bbox 912 373 942 396; x_wconf 79' lang='lat' dir='ltr'>s.</span> <span class='ocrx_word' id='word_1_3' title='bbox 982 369 1209 394; x_wconf 54' lang='grc'>4006511111</span> <span class='ocrx_word' id='word_1_4' title='bbox 1243 369 1423 394; x_wconf 64' lang='lat' dir='ltr'>eviscovi</span> 
     </span>
    </p>
   </div>
   <div class='ocr_carea' id='block_1_2' title="bbox 466 431 1919 699">
    <p class='ocr_par' dir='ltr' id='par_1_2' title="bbox 466 431 1919 699">
     <span class='ocr_line' id='line_1_2' title="bbox 468 431 1919 495; baseline -0.001 -19"><span class='ocrx_word' id='word_1_5' title='bbox 468 454 489 476; x_wconf 83' lang='lat'>»</span> <span class='ocrx_word' id='word_1_6' title='bbox 523 436 639 479; x_wconf 85' lang='lat' dir='ltr'>tibus</span> <span class='ocrx_word' id='word_1_7' title='bbox 661 451 759 495; x_wconf 86' lang='lat' dir='ltr'>quae</span> <span class='ocrx_word' id='word_1_8' title='bbox 781 433 1001 486; x_wconf 82' lang='lat' dir='ltr'>videntur,</span> <span class='ocrx_word' id='word_1_9' title='bbox 1027 431 1103 476; x_wconf 87' lang='lat' dir='ltr'>sed</span> <span class='ocrx_word' id='word_1_10' title='bbox 1125 447 1224 491; x_wconf 83' lang='lat' dir='ltr'>quae</span> <span class='ocrx_word' id='word_1_11' title='bbox 1245 446 1333 476; x_wconf 89' lang='lat' dir='ltr'>non</span> <span class='ocrx_word' id='word_1_12' title='bbox 1355 431 1574 475; x_wconf 81' lang='lat' dir='ltr'>videntur.</span> <span class='ocrx_word' id='word_1_13' title='bbox 1598 433 1707 484; x_wconf 79' lang='lat' dir='ltr'>Quae</span> <span class='ocrx_word' id='word_1_14' title='bbox 1734 431 1852 475; x_wconf 87' lang='lat' dir='ltr'>enim</span> <span class='ocrx_word' id='word_1_15' title='bbox 1915 442 1919 483; x_wconf 66' lang='grc' dir='ltr'>,ἑ</span> 
     </span>
     <span class='ocr_line' id='line_1_3' title="bbox 466 501 1918 563; baseline -0.002 -16"><span class='ocrx_word' id='word_1_16' title='bbox 466 525 487 548; x_wconf 91' lang='lat'>»</span> <span class='ocrx_word' id='word_1_17' title='bbox 520 505 742 560; x_wconf 71' lang='lat' dir='ltr'>videntur7</span> <span class='ocrx_word' id='word_1_18' title='bbox 769 502 1024 563; x_wconf 84' lang='lat' dir='ltr'>temporalia</span> <span class='ocrx_word' id='word_1_19' title='bbox 1052 512 1154 546; x_wconf 88' lang='lat' dir='ltr'>sunt</span> <span class='ocrx_word' id='word_1_20' title='bbox 1190 521 1198 546; x_wconf 75' lang='grc' dir='ltr'>ε</span> <span class='ocrx_word' id='word_1_21' title='bbox 1232 518 1331 562; x_wconf 85' lang='lat' dir='ltr'>quae</span> <span class='ocrx_word' id='word_1_22' title='bbox 1354 511 1501 546; x_wconf 86' lang='lat' dir='ltr'>autem</span> <span class='ocrx_word' id='word_1_23' title='bbox 1522 517 1612 545; x_wconf 91' lang='lat' dir='ltr'>non</span> <span class='ocrx_word' id='word_1_24' title='bbox 1630 501 1850 556; x_wconf 87' lang='lat' dir='ltr'>videntur,</span> <span class='ocrx_word' id='word_1_25' title='bbox 1915 512 1918 551; x_wconf 72' lang='grc' dir='ltr'><em>ζ</em></span> 
     </span>
     <span class='ocr_line' id='line_1_4' title="bbox 471 572 1857 631; baseline -0.001 -14"><span class='ocrx_word' id='word_1_26' title='bbox 471 595 490 618; x_wconf 90' lang='lat'>»</span> <span class='ocrx_word' id='word_1_27' title='bbox 521 587 683 621; x_wconf 69' lang='lat' dir='ltr'>aeterna</span> <span class='ocrx_word' id='word_1_28' title='bbox 702 581 730 618; x_wconf 93' lang='lat'>¹.</span> <span class='ocrx_word' id='word_1_29' title='bbox 771 595 790 616; x_wconf 89' lang='lat'>»</span> <span class='ocrx_word' id='word_1_30' title='bbox 814 574 912 619; x_wconf 88' lang='lat' dir='ltr'>Noli</span> <span class='ocrx_word' id='word_1_31' title='bbox 941 589 1030 617; x_wconf 89' lang='lat' dir='ltr'>esse</span> <span class='ocrx_word' id='word_1_32' title='bbox 1052 573 1173 631; x_wconf 84' lang='lat' dir='ltr'>piger</span> <span class='ocrx_word' id='word_1_33' title='bbox 1202 573 1248 615; x_wconf 89' lang='lat' dir='ltr'>in</span> <span class='ocrx_word' id='word_1_34' title='bbox 1274 572 1423 617; x_wconf 83' lang='lat' dir='ltr'>labore</span> <span class='ocrx_word' id='word_1_35' title='bbox 1448 573 1660 628; x_wconf 81' lang='lat' dir='ltr'>breviter,</span> <span class='ocrx_word' id='word_1_36' title='bbox 1686 582 1729 616; x_wconf 88' lang='lat' dir='ltr'>et</span> <span class='ocrx_word' id='word_1_37' title='bbox 1750 587 1857 630; x_wconf 85' lang='lat' dir='ltr'>gau-</span> 
     </span>
     <span class='ocr_line' id='line_1_5' title="bbox 469 642 1917 699; baseline -0.002 -10"><span class='ocrx_word' id='word_1_38' title='bbox 469 646 594 690; x_wconf 89' lang='lat' dir='ltr'>debis</span> <span class='ocrx_word' id='word_1_39' title='bbox 616 643 936 688; x_wconf 77' lang='lat' dir='ltr'>incessabiliter.</span> <span class='ocrx_word' id='word_1_40' title='bbox 951 645 1176 686; x_wconf 84' lang='lat' dir='ltr'>AEternam</span> <span class='ocrx_word' id='word_1_41' title='bbox 1199 642 1331 684; x_wconf 78' lang='lat' dir='ltr'>vitam</span> <span class='ocrx_word' id='word_1_42' title='bbox 1349 643 1428 686; x_wconf 88' lang='lat' dir='ltr'>tibi</span> <span class='ocrx_word' id='word_1_43' title='bbox 1443 643 1624 686; x_wconf 87' lang='lat' dir='ltr'>daturus</span> <span class='ocrx_word' id='word_1_44' title='bbox 1638 651 1702 686; x_wconf 83' lang='lat' dir='ltr'>est</span> <span class='ocrx_word' id='word_1_45' title='bbox 1717 645 1852 687; x_wconf 91' lang='lat' dir='ltr'>Deus:</span> <span class='ocrx_word' id='word_1_46' title='bbox 1914 665 1917 699; x_wconf 63' lang='grc' dir='ltr'><strong>ς</strong></span> 
     </span>
    </p>
   </div>
   <div class='ocr_carea' id='block_1_3' title="bbox 468 709 1265 774">
    <p class='ocr_par' dir='ltr' id='par_1_3' title="bbox 468 709 1265 774">
     <span class='ocr_line' id='line_1_6' title="bbox 468 709 1265 774; baseline -0.009 -15"><span class='ocrx_word' id='word_1_47' title='bbox 468 717 607 772; x_wconf 83' lang='lat' dir='ltr'>cogita</span> <span class='ocrx_word' id='word_1_48' title='bbox 630 723 796 774; x_wconf 86' lang='lat' dir='ltr'>quanto</span> <span class='ocrx_word' id='word_1_49' title='bbox 816 712 966 756; x_wconf 83' lang='lat' dir='ltr'>labore</span> <span class='ocrx_word' id='word_1_50' title='bbox 988 709 1173 754; x_wconf 89' lang='lat' dir='ltr'>emenda</span> <span class='ocrx_word' id='word_1_51' title='bbox 1197 710 1265 753; x_wconf 86' lang='lat' dir='ltr'>sit.</span> 
     </span>
    </p>
   </div>
   <div class='ocr_carea' id='block_1_4' title="bbox 464 778 1916 2667">
    <p class='ocr_par' dir='ltr' id='par_1_4' title="bbox 464 771 1916 2667">
     <span class='ocr_line' id='line_1_7' title="bbox 523 778 1857 841; baseline -0.003 -13"><span class='ocrx_word' id='word_1_52' title='bbox 523 786 684 828; x_wconf 85' lang='lat' dir='ltr'>XXIV.</span> <span class='ocrx_word' id='word_1_53' title='bbox 712 781 947 835; x_wconf 79' lang='lat' dir='ltr'>Intendite,</span> <span class='ocrx_word' id='word_1_54' title='bbox 968 779 1143 836; x_wconf 77' lang='lat' dir='ltr'>fratres3</span> <span class='ocrx_word' id='word_1_55' title='bbox 1166 778 1321 823; x_wconf 79' lang='lat' dir='ltr'>venale</span> <span class='ocrx_word' id='word_1_56' title='bbox 1342 790 1420 824; x_wconf 89' lang='lat' dir='ltr'>est.</span> <span class='ocrx_word' id='word_1_57' title='bbox 1455 780 1619 824; x_wconf 87' lang='lat' dir='ltr'>Venale</span> <span class='ocrx_word' id='word_1_58' title='bbox 1647 789 1710 825; x_wconf 87' lang='lat' dir='ltr'>est</span> <span class='ocrx_word' id='word_1_59' title='bbox 1736 779 1857 841; x_wconf 91' lang='lat' dir='ltr'>quod</span> 
     </span>
     <span class='ocr_line' id='line_1_8' title="bbox 465 848 1916 909; baseline -0.003 -11"><span class='ocrx_word' id='word_1_60' title='bbox 465 855 624 909; x_wconf 80' lang='lat' dir='ltr'>habeo,</span> <span class='ocrx_word' id='word_1_61' title='bbox 649 853 756 897; x_wconf 85' lang='lat' dir='ltr'>dicit</span> <span class='ocrx_word' id='word_1_62' title='bbox 778 853 854 896; x_wconf 86' lang='lat' dir='ltr'>tibi</span> <span class='ocrx_word' id='word_1_63' title='bbox 877 855 1006 905; x_wconf 74' lang='lat' dir='ltr'>Deus,</span> <span class='ocrx_word' id='word_1_64' title='bbox 1027 865 1121 893; x_wconf 89' lang='lat' dir='ltr'>eme</span> <span class='ocrx_word' id='word_1_65' title='bbox 1144 848 1267 892; x_wconf 83' lang='lat' dir='ltr'>illud.</span> <span class='ocrx_word' id='word_1_66' title='bbox 1290 849 1400 902; x_wconf 82' lang='lat' dir='ltr'>Quid</span> <span class='ocrx_word' id='word_1_67' title='bbox 1419 851 1552 895; x_wconf 84' lang='lat' dir='ltr'>habet</span> <span class='ocrx_word' id='word_1_68' title='bbox 1571 851 1753 894; x_wconf 78' lang='lat' dir='ltr'>venale?</span> <span class='ocrx_word' id='word_1_69' title='bbox 1775 854 1858 894; x_wconf 90' lang='lat' dir='ltr'>Re·</span> <span class='ocrx_word' id='word_1_70' title='bbox 1914 871 1916 893; x_wconf 83' lang='grc'>;</span> 
     </span>
     <span class='ocr_line' id='line_1_9' title="bbox 464 919 1915 985; baseline -0.001 -17"><span class='ocrx_word' id='word_1_71' title='bbox 464 925 613 985; x_wconf 84' lang='lat' dir='ltr'>quiem</span> <span class='ocrx_word' id='word_1_72' title='bbox 633 923 832 968; x_wconf 83' lang='lat' dir='ltr'>venalem</span> <span class='ocrx_word' id='word_1_73' title='bbox 854 922 1015 976; x_wconf 82' lang='lat' dir='ltr'>habeo,</span> <span class='ocrx_word' id='word_1_74' title='bbox 1036 935 1131 964; x_wconf 89' lang='lat' dir='ltr'>eme</span> <span class='ocrx_word' id='word_1_75' title='bbox 1154 919 1272 963; x_wconf 80' lang='lat' dir='ltr'>illam</span> <span class='ocrx_word' id='word_1_76' title='bbox 1290 920 1345 964; x_wconf 88' lang='lat' dir='ltr'>de</span> <span class='ocrx_word' id='word_1_77' title='bbox 1361 921 1526 965; x_wconf 82' lang='lat' dir='ltr'>labore.</span> <span class='ocrx_word' id='word_1_78' title='bbox 1548 921 1783 976; x_wconf 84' lang='lat' dir='ltr'>Intendite‚</span> <span class='ocrx_word' id='word_1_79' title='bbox 1809 930 1860 966; x_wconf 91' lang='lat' dir='ltr'>ut</span> <span class='ocrx_word' id='word_1_80' title='bbox 1913 948 1915 980; x_wconf 79' lang='lat'>3</span> 
     </span>
     <span class='ocr_line' id='line_1_10' title="bbox 466 990 1916 1052; baseline -0.003 -13"><span class='ocrx_word' id='word_1_81' title='bbox 466 996 598 1039; x_wconf 84' lang='lat' dir='ltr'>simus</span> <span class='ocrx_word' id='word_1_82' title='bbox 619 995 665 1038; x_wconf 91' lang='lat' dir='ltr'>in</span> <span class='ocrx_word' id='word_1_83' title='bbox 687 994 864 1039; x_wconf 90' lang='lat' dir='ltr'>nomine</span> <span class='ocrx_word' id='word_1_84' title='bbox 889 992 1050 1037; x_wconf 84' lang='lat' dir='ltr'>Christi</span> <span class='ocrx_word' id='word_1_85' title='bbox 1073 990 1205 1034; x_wconf 79' lang='lat' dir='ltr'>fortes</span> <span class='ocrx_word' id='word_1_86' title='bbox 1236 990 1468 1035; x_wconf 85' lang='lat' dir='ltr'>Christiani</span> <span class='ocrx_word' id='word_1_87' title='bbox 1493 1011 1501 1037; x_wconf 93' lang='lat'>:</span> <span class='ocrx_word' id='word_1_88' title='bbox 1523 993 1614 1052; x_wconf 80' lang='lat' dir='ltr'>jam</span> <span class='ocrx_word' id='word_1_89' title='bbox 1638 991 1858 1036; x_wconf 86' lang='lat' dir='ltr'>modicum</span> <span class='ocrx_word' id='word_1_90' title='bbox 1912 1000 1916 1018; x_wconf 82' lang='grc'>’-</span> 
     </span>
     <span class='ocr_line' id='line_1_11' title="bbox 467 1059 1915 1126; baseline -0.003 -16"><span class='ocrx_word' id='word_1_91' title='bbox 467 1075 531 1110; x_wconf 88' lang='lat' dir='ltr'>est</span> <span class='ocrx_word' id='word_1_92' title='bbox 551 1065 673 1126; x_wconf 88' lang='lat' dir='ltr'>quod</span> <span class='ocrx_word' id='word_1_93' title='bbox 692 1073 823 1109; x_wconf 84' lang='lat' dir='ltr'>restat</span> <span class='ocrx_word' id='word_1_94' title='bbox 839 1064 883 1107; x_wconf 89' lang='lat' dir='ltr'>in</span> <span class='ocrx_word' id='word_1_95' title='bbox 903 1062 1090 1116; x_wconf 84' lang='lat' dir='ltr'>Psalmo,</span> <span class='ocrx_word' id='word_1_96' title='bbox 1114 1076 1203 1105; x_wconf 90' lang='lat' dir='ltr'>non</span> <span class='ocrx_word' id='word_1_97' title='bbox 1224 1059 1471 1120; x_wconf 80' lang='lat' dir='ltr'>fatigemur.</span> <span class='ocrx_word' id='word_1_98' title='bbox 1494 1064 1721 1115; x_wconf 88' lang='lat' dir='ltr'>Quomodo</span> <span class='ocrx_word' id='word_1_99' title='bbox 1742 1063 1858 1106; x_wconf 88' lang='lat' dir='ltr'>enim</span> <span class='ocrx_word' id='word_1_100' title='bbox 1912 1101 1915 1106; x_wconf 90' lang='lat'><em>.</em></span> 
     </span>
     <span class='ocr_line' id='line_1_12' title="bbox 468 1131 1914 1195; baseline 0 -15"><span class='ocrx_word' id='word_1_101' title='bbox 468 1135 591 1180; x_wconf 83' lang='lat' dir='ltr'>fortis</span> <span class='ocrx_word' id='word_1_102' title='bbox 618 1136 780 1195; x_wconf 86' lang='lat' dir='ltr'>poterit</span> <span class='ocrx_word' id='word_1_103' title='bbox 802 1150 890 1178; x_wconf 83' lang='lat' dir='ltr'>esse</span> <span class='ocrx_word' id='word_1_104' title='bbox 924 1135 965 1178; x_wconf 91' lang='lat' dir='ltr'>in</span> <span class='ocrx_word' id='word_1_105' title='bbox 1001 1131 1228 1187; x_wconf 76' lang='lat' dir='ltr'>faciendo,</span> <span class='ocrx_word' id='word_1_106' title='bbox 1253 1133 1327 1191; x_wconf 90' lang='lat' dir='ltr'>qui</span> <span class='ocrx_word' id='word_1_107' title='bbox 1349 1132 1496 1178; x_wconf 83' lang='lat' dir='ltr'>deficit</span> <span class='ocrx_word' id='word_1_108' title='bbox 1526 1134 1571 1178; x_wconf 92' lang='lat' dir='ltr'>in</span> <span class='ocrx_word' id='word_1_109' title='bbox 1608 1134 1859 1178; x_wconf 84' lang='lat' dir='ltr'>audiendo?</span> <span class='ocrx_word' id='word_1_110' title='bbox 1912 1171 1914 1180; x_wconf 75' lang='grc'>,</span> 
     </span>
     <span class='ocr_line' id='line_1_13' title="bbox 466 1202 1913 1263; baseline -0.005 -13"><span class='ocrx_word' id='word_1_111' title='bbox 466 1206 620 1251; x_wconf 83' lang='lat' dir='ltr'>Aderit</span> <span class='ocrx_word' id='word_1_112' title='bbox 644 1206 852 1249; x_wconf 86' lang='lat' dir='ltr'>Dominus</span> <span class='ocrx_word' id='word_1_113' title='bbox 878 1214 925 1248; x_wconf 91' lang='lat' dir='ltr'>ut</span> <span class='ocrx_word' id='word_1_114' title='bbox 953 1204 1045 1248; x_wconf 84' lang='lat' dir='ltr'>vois</span> <span class='ocrx_word' id='word_1_115' title='bbox 1071 1202 1189 1262; x_wconf 88' lang='lat' dir='ltr'>quob</span> <span class='ocrx_word' id='word_1_116' title='bbox 1222 1203 1438 1263; x_wconf 79' lang='lat' dir='ltr'>reliquum</span> <span class='ocrx_word' id='word_1_117' title='bbox 1463 1213 1545 1260; x_wconf 87' lang='lat' dir='ltr'>est,</span> <span class='ocrx_word' id='word_1_118' title='bbox 1580 1205 1857 1263; x_wconf 73' lang='lat' dir='ltr'>explicemus.</span> <span class='ocrx_word' id='word_1_119' title='bbox 1911 1240 1913 1243; x_wconf 81' lang='grc'>,</span> 
     </span>
     <span class='ocr_line' id='line_1_14' title="bbox 469 1274 1913 1335; baseline -0.002 -15"><span class='ocrx_word' id='word_1_120' title='bbox 469 1275 693 1321; x_wconf 84' lang='lat' dir='ltr'>Attendite</span> <span class='ocrx_word' id='word_1_121' title='bbox 717 1295 725 1320; x_wconf 91' lang='lat'>:</span> <span class='ocrx_word' id='word_1_122' title='bbox 750 1274 942 1335; x_wconf 84' lang='lat' dir='ltr'>quodam</span> <span class='ocrx_word' id='word_1_123' title='bbox 969 1274 1101 1318; x_wconf 88' lang='lat' dir='ltr'>modo</span> <span class='ocrx_word' id='word_1_124' title='bbox 1120 1278 1234 1318; x_wconf 88' lang='lat' dir='ltr'>Deus</span> <span class='ocrx_word' id='word_1_125' title='bbox 1258 1275 1482 1334; x_wconf 81' lang='lat' dir='ltr'>proposuit</span> <span class='ocrx_word' id='word_1_126' title='bbox 1500 1274 1653 1318; x_wconf 86' lang='lat' dir='ltr'>venale</span> <span class='ocrx_word' id='word_1_127' title='bbox 1676 1289 1860 1331; x_wconf 79' lang='lat' dir='ltr'>regnum</span> <span class='ocrx_word' id='word_1_128' title='bbox 1910 1305 1913 1309; x_wconf 34' lang='lat' dir='ltr'>r</span> 
     </span>
     <span class='ocr_line' id='line_1_15' title="bbox 467 1335 1913 1404; baseline -0.001 -14"><span class='ocrx_word' id='word_1_129' title='bbox 467 1346 696 1391; x_wconf 87' lang='lat' dir='ltr'>coelorum.</span> <span class='ocrx_word' id='word_1_130' title='bbox 726 1345 912 1389; x_wconf 83' lang='lat' dir='ltr'>Dioisilli</span> <span class='ocrx_word' id='word_1_131' title='bbox 931 1364 940 1389; x_wconf 74' lang='grc' dir='ltr'>ι</span> <span class='ocrx_word' id='word_1_132' title='bbox 961 1349 1183 1398; x_wconf 84' lang='lat' dir='ltr'>Quantum</span> <span class='ocrx_word' id='word_1_133' title='bbox 1202 1345 1347 1389; x_wconf 76' lang='lat' dir='ltr'>valet?</span> <span class='ocrx_word' id='word_1_134' title='bbox 1370 1345 1562 1389; x_wconf 85' lang='lat' dir='ltr'>Pretium</span> <span class='ocrx_word' id='word_1_135' title='bbox 1583 1345 1713 1404; x_wconf 88' lang='lat' dir='ltr'>ipsius</span> <span class='ocrx_word' id='word_1_136' title='bbox 1734 1344 1860 1388; x_wconf 84' lang='lat' dir='ltr'>labor</span> <span class='ocrx_word' id='word_1_137' title='bbox 1910 1335 1913 1374; x_wconf 68' lang='grc' dir='ltr'>’ἷ</span> 
     </span>
     <span class='ocr_line' id='line_1_16' title="bbox 468 1413 1860 1477; baseline 0.001 -17"><span class='ocrx_word' id='word_1_138' title='bbox 468 1426 532 1461; x_wconf 89' lang='lat' dir='ltr'>est</span> <span class='ocrx_word' id='word_1_139' title='bbox 556 1437 565 1462; x_wconf 92' lang='lat'><strong>:</strong></span> <span class='ocrx_word' id='word_1_140' title='bbox 586 1416 809 1477; x_wconf 86' lang='lat' dir='ltr'>quomodo</span> <span class='ocrx_word' id='word_1_141' title='bbox 840 1418 873 1460; x_wconf 87' lang='lat' dir='ltr'>si</span> <span class='ocrx_word' id='word_1_142' title='bbox 903 1415 1087 1470; x_wconf 81' lang='lat' dir='ltr'>diceret,</span> <span class='ocrx_word' id='word_1_143' title='bbox 1115 1413 1307 1460; x_wconf 80' lang='lat' dir='ltr'>Pretium</span> <span class='ocrx_word' id='word_1_144' title='bbox 1332 1417 1464 1475; x_wconf 86' lang='lat' dir='ltr'>ipsius</span> <span class='ocrx_word' id='word_1_145' title='bbox 1487 1431 1641 1459; x_wconf 82' lang='lat' dir='ltr'>aurum</span> <span class='ocrx_word' id='word_1_146' title='bbox 1665 1425 1743 1468; x_wconf 88' lang='lat' dir='ltr'>est,</span> <span class='ocrx_word' id='word_1_147' title='bbox 1769 1430 1860 1459; x_wconf 91' lang='lat' dir='ltr'>non</span> 
     </span>
     <span class='ocr_line' id='line_1_17' title="bbox 468 1485 1860 1546; baseline -0.002 -15"><span class='ocrx_word' id='word_1_148' title='bbox 468 1487 687 1531; x_wconf 82' lang='lat' dir='ltr'>sufficeret</span> <span class='ocrx_word' id='word_1_149' title='bbox 716 1487 799 1531; x_wconf 85' lang='lat' dir='ltr'>hoe</span> <span class='ocrx_word' id='word_1_150' title='bbox 829 1485 969 1530; x_wconf 89' lang='lat' dir='ltr'>solum</span> <span class='ocrx_word' id='word_1_151' title='bbox 997 1485 1162 1541; x_wconf 77' lang='lat' dir='ltr'>dicere,</span> <span class='ocrx_word' id='word_1_152' title='bbox 1193 1485 1269 1530; x_wconf 90' lang='lat' dir='ltr'>sed</span> <span class='ocrx_word' id='word_1_153' title='bbox 1296 1501 1511 1546; x_wconf 86' lang='lat' dir='ltr'>quaereres</span> <span class='ocrx_word' id='word_1_154' title='bbox 1541 1494 1756 1545; x_wconf 84' lang='lat' dir='ltr'>quantum</span> <span class='ocrx_word' id='word_1_155' title='bbox 1780 1500 1860 1528; x_wconf 86' lang='lat' dir='ltr'>au·</span> 
     </span>
     <span class='ocr_line' id='line_1_18' title="bbox 469 1554 1911 1610; baseline -0.002 -9"><span class='ocrx_word' id='word_1_156' title='bbox 469 1573 581 1601; x_wconf 86' lang='lat' dir='ltr'>rum.</span> <span class='ocrx_word' id='word_1_157' title='bbox 608 1559 715 1602; x_wconf 82' lang='lat' dir='ltr'>Nam</span> <span class='ocrx_word' id='word_1_158' title='bbox 734 1566 776 1600; x_wconf 90' lang='lat' dir='ltr'>et</span> <span class='ocrx_word' id='word_1_159' title='bbox 798 1555 960 1600; x_wconf 89' lang='lat' dir='ltr'>solidus</span> <span class='ocrx_word' id='word_1_160' title='bbox 984 1571 1137 1600; x_wconf 87' lang='lat' dir='ltr'>aurum</span> <span class='ocrx_word' id='word_1_161' title='bbox 1159 1565 1237 1610; x_wconf 84' lang='lat' dir='ltr'>est,</span> <span class='ocrx_word' id='word_1_162' title='bbox 1264 1565 1306 1599; x_wconf 90' lang='lat' dir='ltr'>et</span> <span class='ocrx_word' id='word_1_163' title='bbox 1327 1555 1578 1610; x_wconf 83' lang='lat' dir='ltr'>semiuncia,</span> <span class='ocrx_word' id='word_1_164' title='bbox 1600 1564 1644 1599; x_wconf 88' lang='lat' dir='ltr'>et</span> <span class='ocrx_word' id='word_1_165' title='bbox 1663 1554 1792 1610; x_wconf 83' lang='lat' dir='ltr'>libra,</span> <span class='ocrx_word' id='word_1_166' title='bbox 1817 1563 1861 1598; x_wconf 90' lang='lat' dir='ltr'>et</span> <span class='ocrx_word' id='word_1_167' title='bbox 1908 1566 1911 1592; x_wconf 76' lang='grc' dir='ltr'><strong><em>ῑ</em></strong></span> 
     </span>
     <span class='ocr_line' id='line_1_19' title="bbox 473 1625 1910 1687; baseline -0.002 -16"><span class='ocrx_word' id='word_1_168' title='bbox 473 1627 556 1671; x_wconf 80' lang='lat' dir='ltr'>tale</span> <span class='ocrx_word' id='word_1_169' title='bbox 587 1626 766 1687; x_wconf 80' lang='lat' dir='ltr'>aliquid.</span> <span class='ocrx_word' id='word_1_170' title='bbox 800 1625 904 1670; x_wconf 89' lang='lat' dir='ltr'>ldeo</span> <span class='ocrx_word' id='word_1_171' title='bbox 938 1625 1048 1669; x_wconf 75' lang='lat' dir='ltr'>dixit</span> <span class='ocrx_word' id='word_1_172' title='bbox 1078 1626 1266 1685; x_wconf 90' lang='lat' dir='ltr'>pretium</span> <span class='ocrx_word' id='word_1_173' title='bbox 1286 1661 1296 1681; x_wconf 82' lang='grc'>,</span> <span class='ocrx_word' id='word_1_174' title='bbox 1327 1642 1382 1670; x_wconf 90' lang='grc'>116</span> <span class='ocrx_word' id='word_1_175' title='bbox 1412 1625 1629 1670; x_wconf 83' lang='lat' dir='ltr'>laborares</span> <span class='ocrx_word' id='word_1_176' title='bbox 1665 1640 1860 1685; x_wconf 86' lang='lat' dir='ltr'>quaerere</span> <span class='ocrx_word' id='word_1_177' title='bbox 1908 1634 1910 1636; x_wconf 82' lang='lat'>&#39;</span> 
     </span>
     <span class='ocr_line' id='line_1_20' title="bbox 468 1696 1909 1758; baseline -0.001 -17"><span class='ocrx_word' id='word_1_178' title='bbox 468 1698 666 1758; x_wconf 82' lang='lat' dir='ltr'>quandiu</span> <span class='ocrx_word' id='word_1_179' title='bbox 687 1697 917 1741; x_wconf 88' lang='lat' dir='ltr'>invenires.</span> <span class='ocrx_word' id='word_1_180' title='bbox 944 1698 1084 1756; x_wconf 84' lang='lat' dir='ltr'>Hujus</span> <span class='ocrx_word' id='word_1_181' title='bbox 1108 1697 1168 1739; x_wconf 89' lang='lat' dir='ltr'>rei</span> <span class='ocrx_word' id='word_1_182' title='bbox 1188 1697 1376 1756; x_wconf 88' lang='lat' dir='ltr'>pretium</span> <span class='ocrx_word' id='word_1_183' title='bbox 1396 1696 1521 1740; x_wconf 85' lang='lat' dir='ltr'>labor</span> <span class='ocrx_word' id='word_1_184' title='bbox 1542 1698 1634 1740; x_wconf 81' lang='lat' dir='ltr'>est?</span> <span class='ocrx_word' id='word_1_185' title='bbox 1664 1700 1860 1749; x_wconf 86' lang='lat' dir='ltr'>Quantus</span> <span class='ocrx_word' id='word_1_186' title='bbox 1907 1699 1909 1753; x_wconf 64' lang='lat' dir='ltr'><strong>ff</strong></span> 
     </span>
     <span class='ocr_line' id='line_1_21' title="bbox 470 1766 1909 1828; baseline -0.002 -15"><span class='ocrx_word' id='word_1_187' title='bbox 470 1770 595 1814; x_wconf 81' lang='lat' dir='ltr'>labor</span> <span class='ocrx_word' id='word_1_188' title='bbox 612 1771 701 1813; x_wconf 79' lang='lat' dir='ltr'>est?</span> <span class='ocrx_word' id='word_1_189' title='bbox 729 1772 826 1812; x_wconf 82' lang='lat' dir='ltr'>Jam</span> <span class='ocrx_word' id='word_1_190' title='bbox 849 1784 996 1828; x_wconf 85' lang='lat' dir='ltr'>quaere</span> <span class='ocrx_word' id='word_1_191' title='bbox 1022 1778 1067 1812; x_wconf 87' lang='lat' dir='ltr'>tu</span> <span class='ocrx_word' id='word_1_192' title='bbox 1089 1778 1305 1828; x_wconf 82' lang='lat' dir='ltr'>quantum</span> <span class='ocrx_word' id='word_1_193' title='bbox 1326 1767 1618 1812; x_wconf 85' lang='lat' dir='ltr'>laborandum</span> <span class='ocrx_word' id='word_1_194' title='bbox 1643 1766 1711 1810; x_wconf 87' lang='lat' dir='ltr'>sit.</span> <span class='ocrx_word' id='word_1_195' title='bbox 1736 1769 1861 1812; x_wconf 78' lang='lat' dir='ltr'>Non·</span> <span class='ocrx_word' id='word_1_196' title='bbox 1906 1785 1909 1828; x_wconf 70' lang='lat' dir='ltr'>g</span> 
     </span>
     <span class='ocr_line' id='line_1_22' title="bbox 471 1832 1909 1897; baseline -0.002 -14"><span class='ocrx_word' id='word_1_197' title='bbox 471 1841 578 1883; x_wconf 91' lang='lat' dir='ltr'>dum</span> <span class='ocrx_word' id='word_1_198' title='bbox 601 1837 760 1882; x_wconf 86' lang='lat' dir='ltr'>dieitur</span> <span class='ocrx_word' id='word_1_199' title='bbox 780 1838 859 1881; x_wconf 87' lang='lat' dir='ltr'>tibi</span> <span class='ocrx_word' id='word_1_200' title='bbox 881 1847 1069 1897; x_wconf 83' lang='lat' dir='ltr'>quantus</span> <span class='ocrx_word' id='word_1_201' title='bbox 1092 1836 1268 1881; x_wconf 86' lang='lat' dir='ltr'>futurus</span> <span class='ocrx_word' id='word_1_202' title='bbox 1294 1838 1349 1881; x_wconf 87' lang='lat' dir='ltr'>sit</span> <span class='ocrx_word' id='word_1_203' title='bbox 1364 1836 1491 1881; x_wconf 84' lang='lat' dir='ltr'>labor</span> <span class='ocrx_word' id='word_1_204' title='bbox 1506 1837 1601 1891; x_wconf 82' lang='lat' dir='ltr'>iste,</span> <span class='ocrx_word' id='word_1_205' title='bbox 1625 1836 1694 1881; x_wconf 90' lang='lat' dir='ltr'>vel</span> <span class='ocrx_word' id='word_1_206' title='bbox 1716 1851 1860 1896; x_wconf 85' lang='lat' dir='ltr'>quan·</span> <span class='ocrx_word' id='word_1_207' title='bbox 1906 1832 1909 1893; x_wconf 69' lang='grc' dir='ltr'><em>ξ</em></span> 
     </span>
     <span class='ocr_line' id='line_1_23' title="bbox 471 1906 1908 1965; baseline -0.002 -12"><span class='ocrx_word' id='word_1_208' title='bbox 471 1919 564 1953; x_wconf 87' lang='lat' dir='ltr'>tum</span> <span class='ocrx_word' id='word_1_209' title='bbox 581 1908 740 1953; x_wconf 81' lang='lat' dir='ltr'>laboris</span> <span class='ocrx_word' id='word_1_210' title='bbox 767 1907 821 1951; x_wconf 89' lang='lat' dir='ltr'>de</span> <span class='ocrx_word' id='word_1_211' title='bbox 844 1917 886 1951; x_wconf 86' lang='lat' dir='ltr'>te</span> <span class='ocrx_word' id='word_1_212' title='bbox 908 1909 1120 1965; x_wconf 79' lang='lat' dir='ltr'>exigatur:</span> <span class='ocrx_word' id='word_1_213' title='bbox 1152 1907 1263 1951; x_wconf 92' lang='lat' dir='ltr'>illud</span> <span class='ocrx_word' id='word_1_214' title='bbox 1285 1907 1364 1951; x_wconf 88' lang='lat' dir='ltr'>tibi</span> <span class='ocrx_word' id='word_1_215' title='bbox 1382 1906 1488 1951; x_wconf 88' lang='lat' dir='ltr'>dicit</span> <span class='ocrx_word' id='word_1_216' title='bbox 1510 1910 1647 1951; x_wconf 88' lang='lat' dir='ltr'>Deus:</span> <span class='ocrx_word' id='word_1_217' title='bbox 1672 1909 1767 1965; x_wconf 81' lang='lat' dir='ltr'>Ego</span> <span class='ocrx_word' id='word_1_218' title='bbox 1789 1921 1861 1951; x_wconf 89' lang='lat' dir='ltr'>os-</span> <span class='ocrx_word' id='word_1_219' title='bbox 1905 1934 1908 1956; x_wconf 59' lang='lat'><em>5</em></span> 
     </span>
     <span class='ocr_line' id='line_1_24' title="bbox 473 1977 1861 2039; baseline -0.003 -15"><span class='ocrx_word' id='word_1_220' title='bbox 473 1981 606 2024; x_wconf 87' lang='lat' dir='ltr'>tendo</span> <span class='ocrx_word' id='word_1_221' title='bbox 634 1988 797 2039; x_wconf 85' lang='lat' dir='ltr'>quanta</span> <span class='ocrx_word' id='word_1_222' title='bbox 827 1979 881 2022; x_wconf 87' lang='lat' dir='ltr'>sit</span> <span class='ocrx_word' id='word_1_223' title='bbox 917 1977 990 2021; x_wconf 80' lang='lat' dir='ltr'>illa</span> <span class='ocrx_word' id='word_1_224' title='bbox 1018 1978 1210 2038; x_wconf 82' lang='lat' dir='ltr'>requies3</span> <span class='ocrx_word' id='word_1_225' title='bbox 1250 1987 1298 2021; x_wconf 87' lang='lat' dir='ltr'>tu</span> <span class='ocrx_word' id='word_1_226' title='bbox 1321 1977 1471 2037; x_wconf 88' lang='lat' dir='ltr'>judica</span> <span class='ocrx_word' id='word_1_227' title='bbox 1512 1986 1680 2038; x_wconf 84' lang='lat' dir='ltr'>quanto</span> <span class='ocrx_word' id='word_1_228' title='bbox 1712 1977 1861 2021; x_wconf 88' lang='lat' dir='ltr'>labore</span> 
     </span>
     <span class='ocr_line' id='line_1_25' title="bbox 472 2041 1906 2108; baseline -0.003 -14"><span class='ocrx_word' id='word_1_229' title='bbox 472 2050 655 2094; x_wconf 81' lang='lat' dir='ltr'>emenda</span> <span class='ocrx_word' id='word_1_230' title='bbox 673 2052 740 2094; x_wconf 89' lang='lat' dir='ltr'>sit.</span> <span class='ocrx_word' id='word_1_231' title='bbox 764 2050 887 2094; x_wconf 83' lang='lat' dir='ltr'>Dicat</span> <span class='ocrx_word' id='word_1_232' title='bbox 906 2065 1009 2107; x_wconf 80' lang='lat' dir='ltr'>ergo</span> <span class='ocrx_word' id='word_1_233' title='bbox 1023 2052 1136 2092; x_wconf 88' lang='lat' dir='ltr'>Deus</span> <span class='ocrx_word' id='word_1_234' title='bbox 1153 2056 1317 2108; x_wconf 85' lang='lat' dir='ltr'>quanta</span> <span class='ocrx_word' id='word_1_235' title='bbox 1340 2048 1489 2091; x_wconf 85' lang='lat' dir='ltr'>futura</span> <span class='ocrx_word' id='word_1_236' title='bbox 1504 2047 1558 2091; x_wconf 89' lang='lat' dir='ltr'>sit</span> <span class='ocrx_word' id='word_1_237' title='bbox 1570 2048 1659 2106; x_wconf 87' lang='lat' dir='ltr'>ipsa</span> <span class='ocrx_word' id='word_1_238' title='bbox 1671 2048 1857 2107; x_wconf 87' lang='lat' dir='ltr'>requies.</span> <span class='ocrx_word' id='word_1_239' title='bbox 1904 2041 1906 2086; x_wconf 75' lang='grc' dir='ltr'>ἒ</span> 
     </span>
     <span class='ocr_line' id='line_1_26' title="bbox 475 2117 1863 2180; baseline -0.002 -16"><span class='ocrx_word' id='word_1_240' title='bbox 475 2140 496 2163; x_wconf 74' lang='grc' dir='ltr'>(ι</span> <span class='ocrx_word' id='word_1_241' title='bbox 530 2121 648 2164; x_wconf 83' lang='lat' dir='ltr'>Beati</span> <span class='ocrx_word' id='word_1_242' title='bbox 681 2121 758 2180; x_wconf 88' lang='lat' dir='ltr'>qui</span> <span class='ocrx_word' id='word_1_243' title='bbox 781 2120 980 2163; x_wconf 85' lang='lat' dir='ltr'>habitant</span> <span class='ocrx_word' id='word_1_244' title='bbox 1002 2119 1046 2161; x_wconf 92' lang='lat' dir='ltr'>in</span> <span class='ocrx_word' id='word_1_245' title='bbox 1069 2119 1201 2162; x_wconf 86' lang='lat' dir='ltr'>domo</span> <span class='ocrx_word' id='word_1_246' title='bbox 1233 2128 1327 2173; x_wconf 84' lang='lat' dir='ltr'>tua,</span> <span class='ocrx_word' id='word_1_247' title='bbox 1352 2118 1397 2161; x_wconf 90' lang='lat' dir='ltr'>in</span> <span class='ocrx_word' id='word_1_248' title='bbox 1421 2117 1578 2162; x_wconf 85' lang='lat' dir='ltr'>saecula</span> <span class='ocrx_word' id='word_1_249' title='bbox 1601 2119 1863 2161; x_wconf 81' lang='lat' dir='ltr'>saeculorum</span> 
     </span>
     <span class='ocr_line' id='line_1_27' title="bbox 476 2187 1905 2248; baseline -0.001 -16"><span class='ocrx_word' id='word_1_250' title='bbox 476 2210 497 2233; x_wconf 86' lang='lat'>»</span> <span class='ocrx_word' id='word_1_251' title='bbox 531 2191 778 2235; x_wconf 85' lang='lat' dir='ltr'>laudabunt</span> <span class='ocrx_word' id='word_1_252' title='bbox 796 2195 879 2234; x_wconf 64' lang='lat' dir='ltr'>te‘l.</span> <span class='ocrx_word' id='word_1_253' title='bbox 909 2209 928 2231; x_wconf 92' lang='lat'>»</span> <span class='ocrx_word' id='word_1_254' title='bbox 957 2192 1059 2233; x_wconf 85' lang='lat' dir='ltr'>Haec</span> <span class='ocrx_word' id='word_1_255' title='bbox 1077 2198 1142 2232; x_wconf 90' lang='lat' dir='ltr'>est</span> <span class='ocrx_word' id='word_1_256' title='bbox 1161 2190 1328 2248; x_wconf 88' lang='lat' dir='ltr'>requies</span> <span class='ocrx_word' id='word_1_257' title='bbox 1350 2188 1636 2248; x_wconf 86' lang='lat' dir='ltr'>sempiterna:</span> <span class='ocrx_word' id='word_1_258' title='bbox 1663 2187 1754 2231; x_wconf 88' lang='lat' dir='ltr'>sine</span> <span class='ocrx_word' id='word_1_259' title='bbox 1776 2188 1862 2231; x_wconf 90' lang='lat' dir='ltr'>fine</span> <span class='ocrx_word' id='word_1_260' title='bbox 1902 2209 1905 2217; x_wconf 47' lang='lat' dir='ltr'><strong><em>f</em></strong></span> 
     </span>
     <span class='ocr_line' id='line_1_28' title="bbox 473 2258 1863 2322; baseline -0.003 -16"><span class='ocrx_word' id='word_1_261' title='bbox 473 2263 554 2306; x_wconf 87' lang='lat' dir='ltr'>erit</span> <span class='ocrx_word' id='word_1_262' title='bbox 576 2262 745 2322; x_wconf 90' lang='lat' dir='ltr'>requies</span> <span class='ocrx_word' id='word_1_263' title='bbox 767 2262 863 2315; x_wconf 83' lang='lat' dir='ltr'>ista,</span> <span class='ocrx_word' id='word_1_264' title='bbox 895 2262 985 2304; x_wconf 86' lang='lat' dir='ltr'>sine</span> <span class='ocrx_word' id='word_1_265' title='bbox 1009 2261 1094 2303; x_wconf 91' lang='lat' dir='ltr'>fine</span> <span class='ocrx_word' id='word_1_266' title='bbox 1113 2260 1194 2303; x_wconf 82' lang='lat' dir='ltr'>erit</span> <span class='ocrx_word' id='word_1_267' title='bbox 1217 2259 1424 2317; x_wconf 82' lang='lat' dir='ltr'>gaudium</span> <span class='ocrx_word' id='word_1_268' title='bbox 1448 2260 1546 2314; x_wconf 85' lang='lat' dir='ltr'>hoc,</span> <span class='ocrx_word' id='word_1_269' title='bbox 1566 2259 1656 2303; x_wconf 85' lang='lat' dir='ltr'>sine</span> <span class='ocrx_word' id='word_1_270' title='bbox 1673 2259 1759 2302; x_wconf 89' lang='lat' dir='ltr'>fine</span> <span class='ocrx_word' id='word_1_271' title='bbox 1782 2258 1863 2302; x_wconf 85' lang='lat' dir='ltr'>erit</span> 
     </span>
     <span class='ocr_line' id='line_1_29' title="bbox 473 2330 1905 2389; baseline -0.003 -12"><span class='ocrx_word' id='word_1_272' title='bbox 473 2333 624 2377; x_wconf 77' lang='lat' dir='ltr'>laetitia</span> <span class='ocrx_word' id='word_1_273' title='bbox 646 2335 741 2387; x_wconf 81' lang='lat' dir='ltr'>ista,</span> <span class='ocrx_word' id='word_1_274' title='bbox 766 2334 858 2376; x_wconf 91' lang='lat' dir='ltr'>sine</span> <span class='ocrx_word' id='word_1_275' title='bbox 883 2331 970 2374; x_wconf 77' lang='lat' dir='ltr'>fine</span> <span class='ocrx_word' id='word_1_276' title='bbox 987 2331 1067 2374; x_wconf 82' lang='lat' dir='ltr'>erit</span> <span class='ocrx_word' id='word_1_277' title='bbox 1085 2331 1353 2389; x_wconf 85' lang='lat' dir='ltr'>incorruptio</span> <span class='ocrx_word' id='word_1_278' title='bbox 1377 2331 1536 2375; x_wconf 85' lang='lat' dir='ltr'>:vitam</span> <span class='ocrx_word' id='word_1_279' title='bbox 1559 2339 1767 2374; x_wconf 71' lang='lat' dir='ltr'>aeternam</span> <span class='ocrx_word' id='word_1_280' title='bbox 1781 2330 1862 2373; x_wconf 86' lang='lat' dir='ltr'>ha-</span> <span class='ocrx_word' id='word_1_281' title='bbox 1903 2345 1905 2347; x_wconf 66' lang='grc'><strong><em>’</em></strong></span> 
     </span>
     <span class='ocr_line' id='line_1_30' title="bbox 476 2400 1903 2463; baseline -0.001 -17"><span class='ocrx_word' id='word_1_282' title='bbox 476 2404 615 2460; x_wconf 76' lang='lat' dir='ltr'>bebis3</span> <span class='ocrx_word' id='word_1_283' title='bbox 632 2404 825 2463; x_wconf 88' lang='lat' dir='ltr'>requiem</span> <span class='ocrx_word' id='word_1_284' title='bbox 847 2418 945 2462; x_wconf 75' lang='lat' dir='ltr'>quae</span> <span class='ocrx_word' id='word_1_285' title='bbox 960 2402 1196 2445; x_wconf 84' lang='lat' dir='ltr'>nonhabet</span> <span class='ocrx_word' id='word_1_286' title='bbox 1218 2403 1365 2445; x_wconf 78' lang='lat' dir='ltr'>finem.</span> <span class='ocrx_word' id='word_1_287' title='bbox 1384 2407 1556 2455; x_wconf 80' lang='lat' dir='ltr'>Quanto</span> <span class='ocrx_word' id='word_1_288' title='bbox 1570 2401 1719 2445; x_wconf 87' lang='lat' dir='ltr'>labore</span> <span class='ocrx_word' id='word_1_289' title='bbox 1731 2400 1862 2459; x_wconf 84' lang='lat' dir='ltr'>digna</span> <span class='ocrx_word' id='word_1_290' title='bbox 1902 2441 1903 2458; x_wconf 18' lang='grc' dir='ltr'>ζ</span> 
     </span>
     <span class='ocr_line' id='line_1_31' title="bbox 476 2465 1903 2532; baseline -0.002 -15"><span class='ocrx_word' id='word_1_291' title='bbox 476 2483 540 2517; x_wconf 84' lang='lat' dir='ltr'>est</span> <span class='ocrx_word' id='word_1_292' title='bbox 562 2474 730 2532; x_wconf 82' lang='lat' dir='ltr'>requies</span> <span class='ocrx_word' id='word_1_293' title='bbox 742 2489 841 2532; x_wconf 81' lang='lat' dir='ltr'>quae</span> <span class='ocrx_word' id='word_1_294' title='bbox 859 2488 946 2516; x_wconf 89' lang='grc'>11011</span> <span class='ocrx_word' id='word_1_295' title='bbox 969 2473 1103 2516; x_wconf 81' lang='lat' dir='ltr'>habet</span> <span class='ocrx_word' id='word_1_296' title='bbox 1122 2472 1280 2515; x_wconf 75' lang='lat' dir='ltr'>finem?</span> <span class='ocrx_word' id='word_1_297' title='bbox 1300 2473 1342 2516; x_wconf 90' lang='lat' dir='ltr'>Si</span> <span class='ocrx_word' id='word_1_298' title='bbox 1354 2488 1506 2517; x_wconf 91' lang='lat' dir='ltr'>verum</span> <span class='ocrx_word' id='word_1_299' title='bbox 1518 2473 1581 2518; x_wconf 90' lang='lat' dir='ltr'>vis</span> <span class='ocrx_word' id='word_1_300' title='bbox 1593 2485 1859 2530; x_wconf 77' lang='lat' dir='ltr'>comparare,</span> <span class='ocrx_word' id='word_1_301' title='bbox 1899 2465 1903 2532; x_wconf 58' lang='lat' dir='ltr'>Js</span> 
     </span>
     <span class='ocr_line' id='line_1_32' title="bbox 477 2541 1862 2603; baseline -0.003 -15"><span class='ocrx_word' id='word_1_302' title='bbox 477 2554 520 2588; x_wconf 90' lang='lat' dir='ltr'>et</span> <span class='ocrx_word' id='word_1_303' title='bbox 542 2559 694 2588; x_wconf 84' lang='lat' dir='ltr'>verum</span> <span class='ocrx_word' id='word_1_304' title='bbox 715 2542 933 2603; x_wconf 79' lang='lat' dir='ltr'>judicare,</span> <span class='ocrx_word' id='word_1_305' title='bbox 966 2551 1124 2585; x_wconf 84' lang='lat' dir='ltr'>aeterna</span> <span class='ocrx_word' id='word_1_306' title='bbox 1159 2542 1326 2601; x_wconf 84' lang='lat' dir='ltr'>requies</span> <span class='ocrx_word' id='word_1_307' title='bbox 1368 2552 1531 2587; x_wconf 75' lang='lat' dir='ltr'>aeterno</span> <span class='ocrx_word' id='word_1_308' title='bbox 1564 2541 1714 2586; x_wconf 86' lang='lat' dir='ltr'>labore.</span> <span class='ocrx_word' id='word_1_309' title='bbox 1747 2550 1862 2585; x_wconf 83' lang='lat' dir='ltr'>recte</span> 
     </span>
     <span class='ocr_line' id='line_1_33' title="bbox 479 2610 1863 2667; baseline -0.002 -9"><span class='ocrx_word' id='word_1_310' title='bbox 479 2615 651 2659; x_wconf 86' lang='lat' dir='ltr'>emitur.</span> <span class='ocrx_word' id='word_1_311' title='bbox 678 2616 841 2657; x_wconf 85' lang='lat' dir='ltr'>Verum</span> <span class='ocrx_word' id='word_1_312' title='bbox 864 2613 946 2656; x_wconf 85' lang='lat' dir='ltr'>hoc</span> <span class='ocrx_word' id='word_1_313' title='bbox 977 2621 1040 2655; x_wconf 83' lang='lat' dir='ltr'>est</span> <span class='ocrx_word' id='word_1_314' title='bbox 1067 2631 1076 2656; x_wconf 72' lang='grc' dir='ltr'>ε</span> <span class='ocrx_word' id='word_1_315' title='bbox 1112 2611 1186 2655; x_wconf 88' lang='lat' dir='ltr'>sed</span> <span class='ocrx_word' id='word_1_316' title='bbox 1209 2610 1298 2655; x_wconf 83' lang='lat' dir='ltr'>noli</span> <span class='ocrx_word' id='word_1_317' title='bbox 1325 2612 1498 2667; x_wconf 79' lang='lat' dir='ltr'>timere,</span> <span class='ocrx_word' id='word_1_318' title='bbox 1531 2611 1768 2656; x_wconf 84' lang='lat' dir='ltr'>misericors</span> <span class='ocrx_word' id='word_1_319' title='bbox 1800 2620 1863 2656; x_wconf 86' lang='lat' dir='ltr'>est</span> 
     </span>
    </p>
   </div>
   <div class='ocr_carea' id='block_1_5' title="bbox 527 2698 1283 2742">
    <p class='ocr_par' dir='ltr' id='par_1_5' title="bbox 527 2698 1283 2742">
     <span class='ocr_line' id='line_1_34' title="bbox 527 2698 1283 2742; baseline -0.007 -9"><span class='ocrx_word' id='word_1_320' title='bbox 527 2709 535 2724; x_wconf 92' lang='lat'><strong>¹</strong></span> <span class='ocrx_word' id='word_1_321' title='bbox 559 2712 576 2733; x_wconf 76' lang='lat'><strong>2</strong></span> <span class='ocrx_word' id='word_1_322' title='bbox 597 2704 654 2732; x_wconf 65' lang='lat' dir='ltr'>tlon·</span> <span class='ocrx_word' id='word_1_323' title='bbox 688 2714 730 2740; x_wconf 73' lang='lat' dir='ltr'>tv,</span> <span class='ocrx_word' id='word_1_324' title='bbox 758 2711 806 2742; x_wconf 71' lang='lat'>17,</span> <span class='ocrx_word' id='word_1_325' title='bbox 838 2703 883 2731; x_wconf 79' lang='lat'>18.</span> <span class='ocrx_word' id='word_1_326' title='bbox 910 2717 945 2720; x_wconf 44' lang='lat'>*—</span> <span class='ocrx_word' id='word_1_327' title='bbox 968 2706 978 2720; x_wconf 77' lang='lat'>‘³</span> <span class='ocrx_word' id='word_1_328' title='bbox 1002 2698 1283 2739; x_wconf 55' lang='lat' dir='ltr'>1&#39;2a!.1,xxx‘.117*7›.</span> 
     </span>
    </p>
   </div>
   <div class='ocr_carea' id='block_1_6' title="bbox 0 0 1926 320">
    <p class='ocr_par' dir='ltr' id='par_1_6' title="bbox 0 0 1926 320">
     <span class='ocr_line' id='line_1_35' title="bbox 0 0 1926 320; baseline 0 3019"><span class='ocrx_word' id='word_1_329' title='bbox 0 0 1926 320; x_wconf 95' lang='lat' dir='ltr'> </span> 
     </span>
    </p>
   </div>
   <div class='ocr_carea' id='block_1_7' title="bbox 1915 390 1919 426">
    <p class='ocr_par' dir='ltr' id='par_1_7' title="bbox 1915 390 1919 426">
     <span class='ocr_line' id='line_1_36' title="bbox 1915 390 1919 426; baseline 0 0"><span class='ocrx_word' id='word_1_330' title='bbox 1915 390 1919 426; x_wconf 70' lang='grc' dir='ltr'><strong>ἱ</strong></span> 
     </span>
    </p>
   </div>
   <div class='ocr_carea' id='block_1_8' title="bbox 1880 441 1926 3339">
    <p class='ocr_par' dir='ltr' id='par_1_8' title="bbox 1880 441 1926 3339">
     <span class='ocr_line' id='line_1_37' title="bbox 1880 441 1926 3339; baseline 0 0"><span class='ocrx_word' id='word_1_331' title='bbox 1880 441 1926 3339; x_wconf 95' lang='lat' dir='ltr'> </span> 
     </span>
    </p>
   </div>
  </div>
 </body>
</html>
