1926 3339
451 340 533 378 378
895 352 927 378 s.
963 349 1196 379 Auens-nm
1228 351 1408 378 Episcom

452 437 472 460 »
508 431 708 475 exurgam
728 452 738 472 ,
765 416 871 460 dicit
889 417 1129 462 Dominus:
1155 432 1317 477 ponam
1348 417 1395 460 in
1416 415 1608 460 salutari.
1636 417 1841 462 Salutaris
1881 422 1891 443 ‘⁷

449 499 621 543 noster,
649 489 846 534 Salvator
860 499 1006 533 noster
1028 499 1106 533 est.
1138 510 1155 530 »
1190 493 1242 533 In
1267 488 1343 533 illo
1379 487 1518 533 voluit
1539 504 1700 548 ponere
1721 504 1843 548 spem
1884 501 1892 550 ξ’·

450 562 646 607 omnium
674 562 856 619 inopum
879 570 923 605 et
944 561 1180 619 egentium.
1203 564 1259 604 Et
1280 559 1389 621 quid
1410 560 1498 604 ait?
1519 580 1539 602 «
1563 559 1844 611 Fiducialiter
1883 554 1892 617 ᾗ

458 653 476 674 »
517 647 638 690 agan]
663 631 708 674 in
743 633 830 675 e01.
860 649 878 671 »
914 630 1030 684 Quid
1061 640 1150 685 est,
1174 650 1193 672 «
1218 629 1498 674 Fiducialiter
1520 631 1674 689 agam?
1702 649 1720 671 »
1747 633 1845 676 Non
1886 625 1894 633 ⁰

453 703 646 756 timebit,
687 718 778 746 non
811 711 958 761 parcet
983 702 1098 747 vitiis
1129 711 1173 746 et
1203 702 1567 761 concupiscentiis
1593 702 1840 746 hominum.
1884 721 1887 727 ·

449 776 561 818 Vere
590 772 786 817 medicus
808 772 948 817 fidelis
964 808 976 827 ,
1002 772 1249 817 medicinali
1272 773 1388 817 ferro
1421 773 1630 817 sermonis
1656 773 1847 818 instruc-

448 854 546 899 tus,
577 845 715 888 secuit
747 843 892 888 onmia
921 843 1122 888 vulnera.
1161 843 1266 888 Ideo
1295 844 1370 904 qui
1405 842 1502 888 talis
1530 843 1768 904 praedictus
1804 853 1848 888 et
1890 838 1897 857 ²

446 915 792 975 praenuntiatus,
831 913 927 958 talis
967 915 1100 958 etiam
1134 915 1338 958 inventus
1377 923 1456 959 est.
1491 914 1775 974 Loquebatur
1801 915 1848 958 in
1887 912 1897 966 ἶ

447 994 624 1041 monte,
666 985 744 1029 ubi
782 985 890 1030 dixit
926 1004 974 1030 :«
1014 985 1133 1029 Beati
1166 1000 1380 1045 pauperes
1418 985 1602 1044 spiritu,
1638 985 1848 1046 qnoniam
1891 992 1899 1036 ξ

451 1075 472 1098 »
507 1057 700 1116 ipsorum
723 1065 787 1100 est
805 1071 987 1114 regnum
1011 1056 1242 1100 coelorum.
1272 1056 1339 1100 lbi
1362 1056 1478 1100 beati
1496 1056 1603 1100 dicti
1624 1065 1748 1112 sunt,
1769 1055 1849 1116 qui
1893 1061 1901 1093 ’-

447 1145 468 1170 n
503 1127 851 1187 persecutionem
876 1127 1105 1186 patiuntur
1138 1136 1316 1187 propter
1339 1127 1555 1187 justitiam
1581 1146 1591 1172 :
1620 1145 1640 1168 »
1677 1125 1723 1170 in
1756 1126 1850 1187 ipso

447 1213 647 1242 sermone
671 1196 808 1250 dixit,
839 1216 859 1239 ε(
894 1197 1002 1250 Quia
1030 1198 1225 1257 ipsorum
1258 1207 1322 1242 est
1357 1213 1542 1257 regnum
1572 1197 1801 1242 coelorum.
1829 1218 1846 1239 »

447 1270 505 1312 Et
529 1277 579 1311 ut
602 1267 765 1311 faceret
782 1267 879 1311 illos
910 1266 1141 1311 luminaria
1161 1303 1171 1324 ,
1197 1267 1242 1312 id
1264 1277 1328 1312 est
1343 1304 1354 1324 ,
1386 1269 1600 1327 patienter
1618 1267 1852 1313 tolerantes
1892 1282 1899 1297 ²

449 1339 595 1384 omnia
619 1339 699 1383 ista
721 1339 869 1399 iniqua
887 1374 897 1393 ,
917 1355 1017 1400 quae
1040 1348 1269 1384 transeunt
1289 1359 1298 1384 ε
1320 1359 1339 1381 «
1361 1340 1481 1384 Beati
1504 1340 1621 1384 eritis
1638 1375 1650 1395 ,
1680 1339 1850 1400 inquit,

451 1428 473 1453 »
512 1426 614 1454 cum
636 1426 712 1454 vos
734 1411 953 1469 persecuti
966 1410 1154 1467 luerint,
1176 1421 1219 1456 et
1237 1411 1427 1456 dixerint
1448 1427 1578 1457 omne
1596 1411 1761 1456 malum
1775 1410 1854 1456 ad·
1878 1455 1882 1457 Α

451 1499 472 1523 »
507 1496 681 1526 versum
710 1497 787 1526 vos
814 1502 825 1538 3
851 1481 1037 1541 gaudete
1073 1492 1118 1526 et
1139 1482 1359 1538 exultate,
1391 1483 1495 1543 quia
1527 1498 1692 1528 merces
1713 1492 1854 1528 vestra
1891 1508 1896 1521 ι

453 1570 473 1594 »
510 1566 666 1610 magna
689 1561 753 1595 est
785 1552 832 1595 in
869 1551 990 1596 coelis
1003 1556 1037 1596 ².
1070 1571 1090 1594 »
1118 1553 1286 1597 Deinde
1314 1553 1360 1596 in
1386 1569 1618 1613 progressu
1645 1554 1854 1598 sermonis

450 1637 552 1666 cum
580 1623 738 1667 docere
760 1622 996 1682 inciperet,
1029 1624 1231 1684 quamvis
1255 1639 1356 1668 eum
1381 1625 1510 1668 turba
1528 1623 1850 1680 circumdaret,
1894 1627 1896 1657 ἶ

449 1694 558 1738 dixit
585 1694 686 1738 talia
715 1694 945 1754 Discipulis
972 1695 1059 1739 suis
1075 1731 1086 1751 ,
1112 1711 1212 1756 quae
1235 1694 1418 1740 ferirent
1439 1696 1597 1741 faciem
1614 1696 1855 1740 Pharisaeo-

449 1781 547 1809 rum
563 1775 607 1809 et
624 1768 647 1810 J
654 1765 883 1810 udaeorum
899 1802 909 1821 ,
927 1767 1003 1826 qui
1020 1767 1143 1826 quasi
1156 1766 1368 1826 primatus
1386 1767 1616 1812 habebant
1635 1782 1856 1827 exponen·
1894 1785 1898 1790 ⁸

448 1836 605 1879 darum
624 1836 947 1896 Scripturarum
970 1836 1196 1894 omnium,
1223 1837 1298 1896 qui
1321 1836 1404 1880 sibi
1437 1838 1559 1897 quasi
1589 1838 1696 1897 justi
1724 1835 1851 1881 vide-

447 1906 625 1961 bantur,
638 1906 709 1950 vel
723 1906 861 1951 videri
874 1923 918 1950 se
932 1907 1276 1962 arbitrabantur,
1288 1916 1331 1951 et
1347 1907 1402 1952 ad
1416 1923 1605 1968 quorum
1618 1907 1854 1968 primatum
1896 1929 1898 1931 ·

447 1976 588 2037 plebis
611 1978 876 2038 obsequium
902 1977 1139 2022 videbatur
1161 1978 1464 2038 obtemperare
1490 1999 1500 2024 2
1521 1995 1612 2024 non
1633 1981 1850 2040 pepercit,

446 2058 490 2093 et
512 2049 649 2104 dixit,
687 2069 707 2091 «
746 2050 934 2103 Quando
966 2050 1124 2106 oratis,
1166 2066 1256 2094 non
1291 2051 1410 2095 eritis
1441 2051 1554 2095 sicut
1581 2052 1850 2111 hypocritae,
1900 2053 1907 2102 s

449 2138 469 2161 »
491 2120 568 2180 qui
583 2130 731 2164 amant
741 2121 788 2164 in
801 2121 1032 2180 synagogis
1044 2130 1087 2165 et
1099 2120 1268 2180 angulis
1282 2121 1524 2181 platearum
1537 2131 1699 2166 stantes
1712 2137 1851 2179 orare,
1904 2167 1905 2170 ,

450 2209 470 2232 »
506 2200 557 2235 ut
578 2190 809 2235 videantur
833 2191 1188 2236 abrhominibus3
1215 2211 1224 2236 ε
1254 2210 1273 2233 »
1304 2201 1345 2235 et
1371 2200 1526 2236 caetera
1549 2191 1668 2236 talia.
1698 2193 1856 2251 Tetigit
1898 2231 1900 2234 .

446 2276 618 2316 omnes,
656 2277 746 2305 non
768 2262 918 2306 timuit
950 2261 1160 2322 aliquem.
1189 2264 1246 2306 Et
1272 2277 1372 2306 cum
1407 2263 1683 2308 terminasset
1711 2263 1854 2324 ipsum

442 2348 703 2385 sermonem,
720 2331 940 2378 conclusit
958 2333 1012 2377 de
1026 2333 1103 2377 illo
1120 2334 1342 2393 Scriptura
1359 2333 1587 2392 Evangelii
1599 2335 1659 2380 sic
1676 2355 1685 2380 ;
1708 2353 1725 2375 «
1745 2338 1777 2379 F
1783 2351 1855 2380 ac-

445 2423 465 2446 »
503 2413 595 2448 tum
616 2414 679 2447 est
695 2439 706 2457 ‚
731 2404 877 2464 inquit
892 2440 903 2459 ,
929 2419 1032 2448 cum
1054 2415 1397 2449 consummasset
1419 2408 1543 2450 Jcsus
1570 2405 1704 2451 verba
1724 2406 1819 2451 haec
1838 2441 1849 2462 ,
1903 2444 1905 2447 ,

445 2493 465 2515 n
501 2474 832 2518 admirabantur
868 2474 1013 2519 turbae
1048 2491 1179 2534 super
1213 2476 1415 2520 doctrina
1449 2477 1556 2536 ejus.
1593 2480 1698 2521 Erat
1735 2477 1852 2521 enim
1912 2508 1914 2511 -

439 2565 458 2588 »
495 2545 658 2590 docens
694 2562 767 2590 eos
802 2556 1017 2606 tanquam
1055 2555 1318 2606 potestatem
1354 2548 1522 2593 habens
1553 2583 1564 2601 ,
1598 2564 1689 2593 non
1729 2549 1853 2609 quasi
1909 2585 1912 2589 Α

446 2636 468 2659 ι)
506 2617 667 2663 Scribae
690 2633 843 2662 eorum
865 2628 909 2663 et
932 2618 1140 2663 Pharisaei
1155 2620 1187 2663 4.
1210 2637 1230 2660 »
1252 2622 1425 2673 Quanta
1448 2635 1554 2678 ergo
1572 2619 1646 2664 ille
1662 2655 1673 2676 ,
1698 2619 1852 2681 dequo

499 2703 661 2743 ¹Psal.x1,
679 2703 909 2735 6.-2Matth.
933 2715 963 2742 v,
986 2703 1003 2734 3
1026 2707 1059 2735 et
1085 2713 1192 2735 10-12.
1215 2721 1255 2726 —-
1271 2703 1342 2736 31d.
1364 2716 1411 2745 vn,
1434 2705 1463 2736 5.
1485 2722 1524 2727 -—
1546 2704 1626 2737 41d.
1648 2716 1704 2746 vn,
1723 2705 1847 2748 28,9.9.
