1926 3339
0 0 17 246 ἵ

5 250 10 369 l
176 325 418 355 mulinum
452 329 466 354 1
498 329 544 355 liv
575 325 780 355 PsALMUM
812 328 1041 365 Lxxxvm,
1076 325 1214 356 SERMO
1246 330 1277 355 1.
1342 317 1420 356 ‘251

47 398 104 436 De
121 391 186 435 his
201 391 322 436 coelis
339 390 498 435 dicitur
511 426 522 446 ‚
540 411 558 433 «
575 391 685 436 Coeli
704 400 906 436 enarrant
923 391 1103 450 gloriam
1126 393 1218 447 Dei,
1238 402 1282 436 et
1297 409 1427 452 opera

43 481 64 506 »
98 478 310 507 manuum
337 464 429 522 ejus
458 463 689 507 annuntiat
709 464 1076 507 firmamentum¹.
1100 481 1121 504 »
1153 466 1210 507 Et
1227 472 1276 507 ut
1292 479 1427 508 nove-

41 532 131 580 ritis
153 531 207 576 de
228 533 294 577 his
313 532 435 577 coelis
460 532 566 587 dici,
593 542 716 577 certe
738 533 860 577 dehis
888 535 934 578 in
956 534 1240 595 consequenti
1261 549 1426 594 expres·

39 604 126 649 sius
149 602 315 647 dictum
344 612 433 658 est,
468 622 489 645 «
524 606 622 648 Non
652 614 754 648 sunt
784 604 971 665 loquelae
1002 620 1145 665 neque
1178 620 1422 660 sermones,

2 727 6 748 ί
43 695 62 718 »
96 689 286 735 quorum
304 690 392 718 non
411 675 644 719 audiantur
654 692 781 720 voees
797 692 946 720 eorum
962 678 1023 721 ².»
1041 679 1197 729 Quaere
1216 691 1422 736 quorum,

1 749 5 810 j
39 761 128 791 non
148 746 340 790 invenies
374 762 502 805 supra
531 747 609 790 nisi
633 747 862 791 coelorum.
898 748 939 792 Si
962 745 1063 805 ergo
1090 746 1288 806 Apostoli
1305 757 1422 802 sunt,

1 815 7 900 ἓ
37 831 225 876 quorum
245 816 289 859 in
314 816 517 860 omnibus
538 815 724 876 loquelis
745 833 828 862 vox
853 817 1001 861 audita
1024 827 1107 871 est,
1143 818 1222 876 ipsi
1245 827 1347 861 sunt
1371 818 1426 862 de

38 887 197 947 quibus
215 885 380 930 dictum
399 896 483 941 est,
505 906 524 928 «
543 890 595 930 In
617 902 792 932 omnem
815 897 970 931 terram
987 888 1091 931 exiit
1108 903 1238 931 sonus
1254 904 1421 943 eorum,

42 976 61 1000 »
95 957 204 1000 etin
234 958 340 1001 fines
372 958 489 1001 orbis
512 966 637 1001 terrae
666 958 798 1001 verba
831 959 1037 1014 eorum33
1066 976 1086 998 »
1113 958 1214 1017 quia
1247 958 1326 1002 etsi
1359 974 1426 1002 as*—

0 977 3 1007 ι

0 1021 4 1124 ἰ
37 1028 197 1086 sumpti
214 1028 317 1071 hinc
339 1036 441 1071 sunt
456 1037 690 1088 antequam
704 1027 893 1072 Ecclesia
905 1027 1106 1087 impleret
1123 1028 1273 1072 orbem
1287 1037 1425 1072 terra-

0 1248 3 1271 l

3 502 7 521 1

38 1113 150 1153 rum,
175 1107 323 1142 tamen
342 1098 475 1142 verba
491 1113 641 1142 eorum
664 1107 958 1158 pervenerunt
983 1113 1120 1158 usque
1143 1097 1198 1142 ad
1220 1099 1426 1143 terminos

37 1168 152 1213 orbis
187 1178 313 1212 terrae
346 1189 353 1213 :
391 1169 503 1213 bene
543 1170 776 1228 accipimus
811 1170 856 1213 in
897 1170 962 1213 his
1004 1169 1234 1228 impletum
1252 1205 1262 1223 ,
1304 1170 1425 1230 quod

0 1275 3 1296 ξ
37 1255 153 1284 nunc
174 1239 374 1298 legimus,
404 1260 422 1281 «
450 1243 502 1284 In
523 1240 644 1285 coelis
667 1241 984 1299 praeparabitur
1003 1241 1159 1284 veritas
1178 1249 1268 1284 tua.
1293 1258 1312 1281 η

0 1337 3 1369 i
93 1313 168 1355 IV.
194 1330 210 1350 «
236 1311 433 1369 Disposui
455 1320 763 1355 testamentum
784 1311 930 1356 electis
947 1312 1118 1355 meis4.»
1146 1311 1335 1369 Dixisti(
1352 1311 1423 1354 in-

0 1375 2 1445 [
36 1379 256 1439 telligitis)
293 1382 376 1425 hoc
406 1391 546 1426 totum
582 1402 590 1426 ς
630 1382 800 1436 dixisti,
832 1401 851 1423 «
886 1382 1083 1441 Disposui
1117 1391 1424 1426 testamentum

0 1448 2 1492 l
38 1469 58 1494 »
94 1450 240 1495 electis
269 1451 389 1495 meis.
415 1471 434 1493 »
463 1453 590 1505 Quod
615 1462 944 1507 testamentum,
970 1452 1050 1495 nisi
1076 1454 1274 1497 Novum?
1296 1452 1425 1505 Quod

0 1495 2 1562 l
35 1530 357 1576 testamentum,
379 1523 457 1565 nisi
475 1539 564 1583 quo
582 1538 843 1567 renovamur
856 1522 909 1566 ad
924 1538 1081 1567 novam
1098 1521 1424 1566 haereditatem?

0 1595 1 1598 ’
37 1591 159 1646 Quod
186 1601 521 1648 testamentum,
566 1594 648 1637 nisi
675 1595 797 1653 cujus
833 1592 1098 1637 haereditatis
1132 1592 1346 1637 desiderio
1382 1602 1424 1637 et

0 1692 1 1698 =
36 1679 180 1707 amore
207 1673 430 1708 cantamus
460 1664 679 1709 canticum
711 1665 905 1708 novum?
942 1683 962 1705 «
995 1662 1221 1723 Disposui,
1253 1663 1419 1723 inquit,

0 1768 1 1776 ,
38 1751 58 1776 »
93 1743 402 1778 testamentum
434 1735 579 1780 electis
601 1735 741 1778 meiss
760 1735 910 1779 Juravi
938 1734 1076 1778 David
1099 1750 1223 1778 servo
1254 1750 1368 1778 meo.
1399 1753 1419 1776 n

0 1809 1 1812 ’
35 1808 175 1859 Quam
199 1822 374 1850 securus
396 1806 592 1866 loquitur
609 1807 687 1850 iste
702 1842 712 1861 ,
740 1807 815 1866 qui
837 1805 1057 1864 intelligit,
1085 1807 1208 1865 cujus
1231 1822 1276 1849 os
1293 1806 1424 1850 servit

35 1877 228 1920 veritati?
259 1877 476 1929 Quoniam
497 1877 656 1932 dixeisti,
680 1893 856 1922 securus
873 1876 1045 1937 loquor.
1070 1877 1112 1922 Si
1135 1892 1337 1920 securum
1354 1892 1424 1920 me

35 1944 152 2000 sacis,
178 1947 279 2006 quia
306 1946 447 1991 dixisti
480 1967 488 1991 :
514 1957 680 2007 quanto
713 1948 995 2002 securiorem,
1022 1949 1123 2007 quia
1147 1947 1329 2007 jurasti?
1347 1947 1423 1991 Dei

35 2017 196 2077 quippe
212 2018 373 2077 juratio
388 2054 399 2072 ,
424 2019 716 2077 promissionis
740 2027 801 2062 est
831 2019 1118 2063 confirmatio.
1145 2022 1260 2062 Bene
1275 2018 1424 2077 prohi-

34 2088 163 2132 betur
185 2089 317 2132 homo
333 2090 532 2148 jurare⁵3
562 2105 617 2132 ne
646 2089 963 2133 consuetudine
980 2088 1158 2149 jurandi
1175 2123 1186 2143 ,
1218 2089 1319 2148 quia
1347 2103 1424 2147 po—

34 2167 117 2202 test
132 2159 264 2203 homo
286 2159 377 2203 falli
389 2160 556 2214 ‚2etiam
578 2160 623 2202 in
644 2160 883 2219 perjurium
901 2158 1170 2219 prolabatur.
1208 2162 1322 2203 Deus
1350 2174 1422 2203 so-

35 2229 101 2273 lus
123 2245 298 2274 securus
309 2232 442 2291 jurat,
469 2231 570 2291 quia
589 2229 680 2274 salli
698 2247 786 2276 non
808 2239 966 2289 potest.

93 2303 146 2344 V.
161 2300 394 2345 Videamus
412 2317 514 2360 ergo
532 2301 639 2362 quid
657 2302 869 2361 juraverit
887 2304 1015 2345 Deus.
1037 2319 1057 2341 «
1073 2302 1096 2344 J
1102 2301 1237 2354 mavi,
1253 2300 1418 2360 inquit,

38 2388 59 2412 »
86 2371 220 2415 David
245 2388 367 2416 servo
389 2387 487 2416 meo
505 2392 512 2417 :
544 2375 684 2432 Usque
705 2373 750 2415 in
768 2380 980 2416 aeternum
1003 2371 1259 2431 praeparabo
1276 2387 1423 2414 semen

37 2458 58 2482 ))
82 2449 207 2484 tuum
224 2443 255 2483 ⁰.
279 2460 298 2482 »
318 2445 473 2487 Semen
490 2442 626 2487 David
651 2442 770 2503 quod
793 2451 855 2486 est
871 2477 881 2496 ,
909 2442 990 2486 nisi
1012 2456 1158 2485 semen
1180 2441 1424 2486 Abrahae7?

37 2511 166 2565 Quod
179 2522 323 2557 autem
342 2529 488 2557 semen
502 2514 718 2558 Abrahae?
733 2517 788 2558 Et
810 2514 985 2568 semini,
1008 2514 1152 2573 inquit
1167 2548 1178 2568 ,
1204 2522 1282 2557 tuo
1303 2512 1423 2573 quod

85 2615 93 2630 ¹
125 2609 202 2640 Psal.
228 2621 322 2651 xvm,
354 2621 373 2641 2
410 2628 452 2632 —
472 2617 485 2632 2
514 2610 594 2642 Ibid.
619 2610 651 2651 4.
674 2627 716 2632 -
744 2609 857 2642 31bid.
883 2610 913 2641 5.
936 2628 978 2632 —
1002 2608 1018 2639 4
1040 2609 1121 2642 Psal.
1147 2620 1305 2649 mxxviii,
1326 2608 1353 2648 lq
1380 2626 1421 2631 —

41 2661 55 2686 5
72 2664 183 2695 Matth.
204 2676 238 2705 v,
258 2665 309 2705 34.
332 2682 373 2686 ——-
392 2663 406 2686 6
427 2665 505 2697 Psal.
527 2677 676 2705 Lxxxvni,
699 2665 728 2697 5.
749 2683 790 2687 —
810 2666 967 2705 7Gal.1n‚
990 2665 1040 2696 16.
