1926 3339
427 319 511 357 298
851 326 884 355 s.
920 310 1148 354 Auovs'r'im
1179 325 1376 353 131215001’1.

426 393 548 438 deret
569 391 780 437 mirabilia
810 392 864 436 de
887 392 978 449 lege
1001 391 1077 434 Dei
1103 407 1112 431 :
1144 389 1335 434 donante
1357 387 1431 433 illo
1447 423 1458 443 ,
1490 389 1562 432 cui
1581 388 1765 432 dicimus
1790 407 1800 433 ι
1907 394 1911 431 ἰ

431 483 451 507 «
485 463 645 508 Revela
665 462 813 508 oculos
840 477 983 517 meOS‚
1007 469 1050 505 et
1073 459 1355 505 considerabo
1383 459 1594 504 mirabilia
1623 458 1678 503 de
1709 458 1804 518 lege
1908 447 1912 509 ἱ

429 553 450 577 »
485 544 561 579 tua
578 537 606 578 ¹.
632 554 649 575 »

430 688 1067 708 ΝΜΜΜὶΜ-ἋΜΝΜΜΜΜΝΝἋ
1072 686 1808 704 ἋΜΜΙΜῑἋὶΜΜΝἱΛΝἊΜΑΛΜΜΜΜΜΜΏ

882 804 1274 851 ENARRATIO
1312 804 1333 849 I

840 959 900 997 IN
941 958 1242 998 PSALMUM
1285 956 1375 997 XC.

1009 1099 1187 1137 SERMO
1215 1100 1247 1136 1.

493 1239 528 1279 Ι.
555 1239 752 1279 PsALMUs
781 1234 859 1277 iste
890 1242 952 1277 est
980 1234 1035 1277 de
1067 1249 1155 1294 quo
1177 1233 1414 1278 Dominum
1443 1242 1641 1278 nostrum
1669 1234 1819 1277 Jesum

434 1305 657 1350 Christum
683 1302 884 1347 diabolus
913 1312 1079 1347 tentare
1104 1319 1230 1347 ausus
1251 1312 1328 1347 est.
1352 1303 1593 1347 Audiamus
1611 1317 1713 1361 ergo
1728 1336 1740 1357 ,
1770 1311 1821 1346 ut

433 1376 646 1435 possimus
663 1374 861 1417 instructi
884 1374 1077 1418 resistere
1093 1373 1315 1428 tentatori,
1340 1389 1430 1417 non
1451 1381 1760 1432 praesumentes
1775 1372 1821 1415 in

435 1445 581 1499 nobis,
602 1444 681 1488 sed
701 1444 746 1487 in
768 1444 862 1503 ipso
879 1445 956 1504 qui
975 1444 1092 1504 prior
1109 1453 1300 1489 tentatus
1322 1453 1407 1498 est,
1431 1459 1486 1487 ne
1508 1459 1586 1487 nos
1607 1443 1653 1486 in
1677 1451 1820 1487 tenta-

438 1517 553 1561 tione
574 1515 862 1560 vinceremur.
888 1514 957 1559 Illi
981 1515 1098 1558 enim
1122 1515 1305 1559 tentatio
1328 1530 1418 1559 non
1439 1523 1529 1558 erat
1550 1514 1787 1558 necessaria
1809 1532 1818 1558 :
1912 1523 1915 1542 ¹

438 1587 615 1631 tentatio
633 1585 816 1641 Christi,
841 1595 987 1630 nostra
1004 1585 1202 1631 doctrina
1219 1595 1296 1630 est.
1318 1587 1360 1631 Si
1378 1595 1522 1630 autem
1548 1585 1823 1629 attendamus
1912 1605 1915 1642 1

436 1658 544 1719 quid
567 1656 838 1717 responderit
871 1656 1072 1712 diabolo,
1097 1667 1147 1701 ut
1177 1658 1260 1701 hoc
1282 1666 1326 1701 et
1347 1672 1424 1701 nos
1457 1656 1794 1716 respondeamus
1809 1690 1821 1711 ‚
1912 1649 1916 1700 ἑ

437 1727 614 1789 quando
639 1727 836 1772 similiter
858 1737 1020 1786 tentat,
1046 1729 1257 1772 intramus
1280 1743 1357 1787 per
1385 1729 1563 1788 januam
1580 1762 1590 1782 ,
1616 1727 1726 1771 sicut
1748 1742 1824 1770 au·
1912 1758 1915 1789 ,

438 1799 559 1843 distis
585 1798 819 1841 lectionem
848 1798 1088 1857 Evangelii.
1110 1798 1226 1851 Quid
1249 1807 1314 1842 est
1339 1799 1455 1842 enim
1483 1799 1643 1841 intrare
1665 1812 1741 1857 per
1755 1797 1826 1857 ja-

437 1870 598 1913 nuam?
621 1871 788 1912 Intrare
804 1883 881 1927 per
895 1869 1133 1913 Christum.
1161 1871 1258 1927 Ipse
1278 1869 1393 1911 enim
1421 1868 1528 1912 dixit
1546 1887 1555 1913 2
1575 1887 1595 1910 «
1614 1871 1708 1926 Ego
1729 1882 1826 1912 sum

441 1958 461 1980 »
492 1940 667 1999 janua2.
688 1958 705 1979 »
723 1938 841 1992 Quid
862 1948 926 1983 est
946 1948 1092 1983 autem
1113 1939 1277 1983 intrare
1301 1939 1639 1999 perChristum‘?
1662 1937 1828 1982 Imitari
1912 1975 1916 1989 ,

437 2010 526 2055 vias
538 2009 711 2055 Christi.
737 2012 788 2053 In
803 2025 892 2069 quo
909 2010 1119 2055 imitaturi
1134 2025 1284 2054 sumus
1300 2011 1389 2055 vias
1406 2010 1594 2055 Christi?
1611 2007 1829 2070 numquid
1913 2006 1916 2036 ¹

440 2081 486 2126 in
511 2095 560 2124 ea
581 2079 902 2137 magnificentia
917 2115 928 2135 ,
958 2096 1042 2140 qua
1063 2083 1179 2124 Deus
1210 2089 1302 2124 erat
1326 2080 1371 2123 in
1393 2082 1551 2124 carne?
1572 2088 1647 2124 aut
1669 2079 1724 2122 ad
1744 2079 1829 2123 hoc
1913 2072 1916 2088 ’

442 2166 520 2195 nos
549 2151 819 2204 exhortatur,
839 2160 915 2195 aut
937 2151 1021 2195 hoc
1043 2166 1067 2194 a
1089 2150 1215 2194 nobis
1236 2150 1386 2208 exigit,
1418 2159 1468 2194 ut
1497 2149 1598 2193 talia
1619 2147 1829 2193 miracula

441 2221 586 2281 qualia
618 2218 722 2265 fecit
752 2221 868 2279 ipse,
913 2221 1150 2264 faciamus?
1182 2223 1271 2264 Aut
1301 2236 1404 2265 vero
1438 2220 1648 2264 Dominus
1684 2228 1830 2264 noster

444 2295 567 2336 Jesus
589 2291 785 2337 Christus
813 2306 902 2335 non
930 2300 973 2335 et
993 2290 1126 2335 modo
1148 2299 1191 2334 et
1218 2306 1387 2350 semper
1407 2306 1509 2334 eum
1540 2294 1665 2336 Patre
1687 2299 1829 2335 totum

443 2362 659 2407 mundum
683 2362 925 2421 gubernat?
946 2363 1005 2406 Et
1031 2361 1247 2422 numquid
1269 2361 1338 2405 vel
1359 2361 1414 2405 ad
1435 2362 1518 2405 hoc
1540 2370 1668 2405 vocat
1688 2361 1831 2405 homi-

445 2448 546 2477 nem
568 2432 730 2477 saciens
748 2447 848 2476 eum
872 2432 1132 2476 imitatorem
1152 2447 1302 2487 suum,
1328 2441 1377 2476 ut
1395 2447 1495 2476 eum
1521 2431 1596 2476 illo
1617 2431 1832 2491 gubernet

444 2502 609 2548 coelum
630 2512 674 2547 et
696 2512 876 2558 terram,
901 2512 944 2546 et
966 2503 1110 2547 omnia
1131 2503 1293 2562 quaein
1314 2503 1373 2546 eis
1397 2512 1525 2560 sunt,
1546 2511 1622 2546 aut
1643 2512 1694 2546 ut
1714 2501 1767 2546 sit
1788 2510 1832 2546 et

444 2574 534 2634 ipse
557 2583 739 2628 creator,
764 2588 842 2633 per
863 2588 994 2634 quem
1016 2573 1123 2617 fiant
1155 2573 1300 2618 omnia
1318 2608 1328 2627 ,
1360 2573 1472 2617 sicut
1500 2588 1577 2632 per
1605 2572 1827 2618 Christum

495 2676 503 2691 ¹
523 2669 601 2702 Psal.
622 2680 730 2709 cxvm,
750 2669 799 2701 18.
818 2685 859 2691 -
880 2675 892 2690 ²
911 2671 1004 2701 Joan.
1021 2680 1052 2706 x,
1079 2678 1109 2709 ς.
