1926 3339
430 260 670 291 ENARnAtrlo
703 265 749 291 m
782 260 984 291 PsALMUM
1018 265 1168 291 Lxxix.
1396 257 1449 294 95

68 329 219 373 batum
236 345 244 372 :
261 329 426 372 Octavo
444 327 514 372 die
528 327 791 372 circumcide
806 327 1018 371 infantem
1034 345 1043 370 ε
1059 327 1181 371 Offer
1196 328 1452 373 sacrificium

69 397 226 452 arietis,
256 396 410 451 vituli,
439 397 564 441 hirci.
590 397 689 443 Noli
709 397 894 451 moveri⁷
919 396 1075 440 umbra
1097 398 1188 456 ejus
1210 406 1272 441 est
1294 412 1453 457 coope-

67 467 178 513 riens
200 470 369 511 montes
388 467 488 522 Dei,
508 468 654 511 veniet
677 477 773 528 post
794 468 995 511 umbram
1015 467 1322 512 manifestatio.
1350 488 1373 510 α
1398 472 1456 513 Et

70 556 91 579 n
125 537 305 581 arbusta
317 538 407 597 ejus
426 536 578 583 cedros
594 538 696 594 Dei,
725 556 744 579 n
769 537 814 582 id
832 545 918 591 est,
942 538 1169 597 cooperuit
1191 538 1342 582 cedros
1358 538 1452 593 Dei,

68 607 312 663 altissimas,
338 606 412 651 sed
435 607 526 651 Dei.
556 609 667 652 Sunt
693 609 810 652 enim
838 607 958 652 cedri
987 608 1279 667 significantes
1301 623 1455 667 super-

65 678 142 723 bos
158 677 429 722 evertendos
450 677 612 723 Cedros
629 678 810 733 Libani,
838 677 1089 722 altitudines
1106 678 1260 722 mundi
1283 679 1456 739 operuit

65 749 297 794 crescendo
319 749 445 793 vinea
466 749 568 805 ista,
591 759 635 794 et
663 759 831 795 montes
854 750 950 805 Dei,
974 763 1129 794 omnes
1152 760 1323 795 sanctos
1346 754 1455 796 Pro—

64 821 241 879 pquas,
267 819 550 863 Pati-iarchas.

121 891 178 932 X.
206 888 291 933 Sed
314 904 543 949 quousque
572 907 592 929 «
612 888 854 933 Extendisti
872 887 1072 948 palmites
1089 890 1212 948 ejus?
1234 891 1378 949 Usque
1401 890 1456 934 ad

67 977 87 1001 n
121 973 240 1002 mare
261 967 305 1002 et
326 974 464 1018 usque
481 957 534 1002 ad
554 959 718 1002 flumen
732 959 990 1018 propagines
1007 959 1139 1019 ejus1.
1161 977 1181 999 »
1201 958 1309 1003 Inde
1320 960 1457 1019 quid?

68 1048 89 1070 κ(
124 1027 290 1088 thuid
310 1028 559 1072 destruxisti
575 1030 806 1073 maceriam
835 1029 962 1088 ejus?
987 1047 1006 1069 n
1036 1031 1130 1072 Jam
1155 1029 1311 1073 videtis
1333 1044 1457 1073 ever-

63 1114 152 1144 sam
180 1098 298 1142 illam
323 1108 498 1157 gentem
524 1098 779 1143 Judaeorum
805 1117 816 1144 ι
839 1100 928 1158 jam
951 1113 1002 1142 ex
1025 1098 1108 1143 alio
1122 1098 1293 1143 Psalmo
1316 1099 1457 1145 audis-

63 1170 116 1213 tis
133 1205 142 1223 ‚
167 1188 187 1210 «
218 1172 270 1212 In
287 1168 470 1214 dolabro
493 1179 536 1213 et
554 1169 759 1214 fractorio
777 1168 1031 1229 dejecerunt
1056 1173 1192 1213 eam‘l.
1221 1188 1240 1211 »
1267 1170 1455 1223 Quando

63 1240 212 1291 fieret,
237 1240 318 1283 nisi
349 1241 441 1300 ejus
469 1241 655 1284 maceria
692 1240 1020 1284 destrueretur?
1043 1242 1152 1292 Quae
1182 1250 1245 1285 est
1269 1242 1454 1286 maceria

57 1312 153 1370 ejus
167 1313 184 1354 Ξ)
196 1310 384 1355 Munitio
401 1313 507 1371 ejus.
523 1312 676 1355 Extitit
688 1312 802 1354 enim
818 1310 1003 1370 superba
1024 1310 1228 1355 adversus
1242 1311 1456 1370 plantato-

62 1397 153 1424 rem
165 1397 308 1425 suum.
327 1384 478 1426 Servos
497 1382 551 1425 ad
578 1398 622 1425 se
645 1382 794 1426 missos
817 1392 859 1425 et
882 1391 1078 1441 petentes
1107 1382 1353 1426 mercedem
1381 1399 1455 1428 co-

61 1450 153 1495 loni
200 1451 531 1509 flagellaverunt
546 1487 556 1506 ‚
592 1452 845 1496 ceciderunt
868 1487 878 1506 ,
920 1451 1175 1496 occiderunt
1214 1473 1223 1497 :
1258 1454 1377 1497 venit
1411 1463 1455 1498 et

62 1523 216 1566 unicus
232 1522 368 1567 Filius
385 1543 395 1580 3
412 1523 631 1567 dixerunt:
660 1542 676 1564 (ι
696 1524 777 1567 Hic
794 1532 857 1567 est
869 1524 1021 1579 haeres,
1041 1524 1188 1568 venite
1204 1524 1454 1569 occidamus

68 1614 85 1636 »
102 1609 218 1649 eum,
236 1603 278 1638 et
292 1604 437 1638 nostra
450 1595 530 1638 erit
541 1594 702 1638 heeredi
710 1604 770 1638 tas
787 1614 794 1638 :
811 1594 1081 1649 occiderunt,
1100 1603 1143 1638 et
1154 1603 1270 1638 extra
1282 1595 1453 1639 vineam

64 1682 85 1705 >1
103 1665 422 1724 projecerunt?
444 1684 461 1705 »
480 1666 720 1724 projectus,
740 1665 876 1723 magis
899 1665 1090 1724 possedit
1105 1665 1224 1710 unde
1235 1667 1454 1726 projectus

61 1744 140 1779 est.
161 1735 228 1780 Sic
243 1736 356 1779 enim
371 1736 409 1779 ei
423 1736 612 1779 minatur
626 1751 702 1795 per
726 1739 880 1780 Isaiam
906 1755 915 1781 :
938 1756 958 1777 «
975 1739 1201 1781 Destruam
1223 1738 1453 1782 maceriam

64 1824 84 1846 »
119 1806 225 1866 ejus.
252 1807 424 1858 Quare?
448 1806 685 1865 Expectavi
703 1807 819 1849 enim
832 1815 884 1850 ut
906 1805 1068 1851 faceret
1084 1822 1236 1860 uvam,
1253 1807 1357 1852 fecit
1379 1824 1453 1851 au-

62 1893 84 1917 »
120 1885 208 1920 tem
237 1875 395 1935 spinas.
425 1894 443 1917 »
465 1877 700 1935 Expectavi
712 1876 813 1920 inde
836 1875 1052 1931 fructum,
1078 1879 1278 1922 etinveni
1299 1894 1454 1938 pecca-

60 1955 172 1990 tum.
199 1945 311 1998 Quid
340 1946 653 2005 ergoquaeris,
690 1962 716 1990 o
753 1947 921 2006 Asaph,
959 1965 979 1988 «
1012 1947 1177 2006 thuid
1205 1947 1453 1993 destruxisti

65 2033 85 2057 »
106 2016 337 2060 maceriam
349 2016 464 2076 ejus}J
478 2018 569 2059 »Tu
587 2016 704 2060 enim
717 2017 855 2061 nescis
872 2032 1004 2077 quare
1016 2019 1034 2061 Ρ
1046 2019 1306 2078 «Expectavi
1327 2029 1377 2063 ut
1391 2020 1453 2064 fa‘-

65 2108 83 2130 »
104 2096 220 2132 ceret
226 2087 458 2148 judicium,
471 2097 512 2132 et
523 2087 624 2132 fecit
636 2088 947 2148 iniquitatem&
957 2090 1080 2134 »Non
1090 2089 1452 2135 eratdestruenda

56 2159 244 2204 maceria
267 2160 384 2219 ejus?
401 2161 458 2203 Et
478 2168 695 2203 venerunt
713 2161 872 2203 Gentes
890 2195 900 2214 ‚
917 2158 1137 2204 destructa
1155 2162 1340 2205 maceria
1359 2197 1368 2216 ‚
1389 2162 1454 2205 in-

59 2244 158 2274 vasa
168 2239 238 2273 est
252 2230 401 2284 vinea⁹
422 2245 471 2273 ac
489 2229 682 2273 deletum
699 2245 882 2288 regnum
902 2233 926 2274 J
930 2229 1172 2275 udaeorum.
1201 2234 1294 2276 Hoc
1310 2232 1452 2291 primo

58 2300 242 2360 plangit,
259 2300 332 2345 sed
346 2316 435 2345 non
454 2301 544 2344 sinc
564 2316 653 2360 spe.
668 2303 729 2344 De
742 2300 982 2345 directione
997 2301 1112 2344 enim
1131 2301 1272 2346 cordis
1285 2303 1373 2362 jam
1390 2303 1455 2347 lo-

58 2372 225 2432 quitur,
249 2371 294 2415 id
310 2381 393 2427 est,
419 2388 498 2431 pro
516 2371 697 2429 Assyriis
714 2407 724 2426 ‚
749 2387 828 2431 pro
846 2371 1136 2431 dirigentibus
1152 2372 1346 2417 Psalmus
1369 2383 1447 2419 est.

57 2460 85 2484 κ(
119 2441 286 2502 thuid
307 2441 553 2486 destruxisti
575 2442 807 2486 maceriam
840 2443 956 2502 ejus3
994 2451 1037 2486 et
1064 2441 1335 2488 vindemiant
1356 2460 1451 2488 eam

104 2544 116 2561 ‘¹
130 2539 212 2572 Psal.
233 2550 339 2582 Lxxix,
361 2540 412 2572 13.
429 2557 471 2562 —
488 2539 563 2571 ²1d.
581 2549 692 2581 Lxxm,
707 2539 740 2570 6.
762 2555 803 2561 -
821 2536 833 2561 ³
852 2538 968 2571 Matth.
989 2549 1060 2580 xm,
1080 2538 1194 2581 34-39.
1221 2556 1264 2562 —
1280 2539 1296 2571 4
1316 2542 1387 2573 Isai'.
1408 2553 1425 2573 v
1442 2567 1451 2584 ‚

60 2606 94 2638 2,
113 2595 146 2638 5,
170 2607 199 2637 7.
