1926 3339
442 256 523 294 406
869 269 901 292 s.
940 267 1165 291 ,transmisi
1205 266 1382 291 Episcom

436 329 670 389 refugium,
688 346 715 389 q
723 327 808 372 uod
819 329 863 372 in
875 328 947 372 illa
965 328 1167 372 felicitate
1181 327 1374 372 saeculari
1385 327 1591 371 desieram
1605 343 1813 387 quaerere.

438 400 544 454 Quis
566 400 681 443 enim
704 398 828 443 facile
852 399 1102 442 recordatur
1121 401 1285 453 Deum,
1311 398 1386 458 qui
1409 413 1576 457 semper
1597 396 1701 441 felix
1722 407 1785 441 est
1803 432 1815 452 ,

437 480 481 515 et
501 487 576 530 spe
610 470 809 529 praesenti
833 468 1018 526 gaudet?
1040 467 1231 512 Recedat
1253 484 1347 527 spes
1368 467 1535 523 saeculi,
1570 477 1614 511 et
1645 467 1820 511 accedat

435 557 532 601 spes
549 541 625 584 Dei
644 562 654 597 3
680 550 728 583 ut
750 540 882 598 possis
904 538 1047 582 dicere
1067 557 1075 582 ι
1101 557 1121 579 «
1145 541 1200 582 Et
1219 537 1356 582 factus
1379 548 1443 582 est
1469 538 1577 582 mihi
1608 538 1820 583 Dominus

438 630 458 652 »
494 612 539 654 in
559 609 790 668 refugium.
815 628 834 649 »
858 607 925 651 Ad
939 609 1020 651 hoc
1037 607 1208 651 doleam
1225 643 1235 662 ,
1261 617 1311 651 ut
1327 609 1402 651 fiat
1424 609 1528 651 mihi
1546 609 1756 652 Dominus
1773 607 1819 651 in

436 679 667 737 refugium.
699 698 717 720 «
739 681 794 722 Et
817 681 929 722 Deus
953 692 1073 722 meus
1097 677 1141 720 in
1160 676 1367 720 auxilium
1389 677 1478 736 spei
1500 693 1622 721 meae.
1646 695 1666 718 »
1688 676 1820 721 Modo

437 751 553 794 enim
577 749 784 793 Dominus
802 764 909 807 spes.
935 746 1140 801 Quandiu
1162 748 1278 790 enim
1300 747 1371 792 hic
1385 763 1556 803 sumus,
1591 747 1636 790 in
1650 763 1724 807 spe
1745 763 1820 791 su-

436 837 532 865 mus
547 856 558 875 ,
584 819 781 864 nondum
803 820 847 862 iu
870 834 930 861 re.
959 817 1039 862 Sed
1061 833 1115 861 ne
1132 817 1176 860 in
1194 833 1268 877 spe
1288 818 1559 872 deficiamus,
1586 818 1707 861 adest
1722 833 1823 877 pro—

435 891 588 934 missor
611 890 776 947 erigens
799 904 876 932 nos
891 923 901 942 ,
928 897 970 931 et
993 896 1238 946 temperans
1261 888 1349 947 ipsa
1363 887 1474 931 mala
1497 903 1596 947 quae
1611 887 1816 947 patimur.

436 964 534 1007 Non
556 961 671 1004 enim
700 959 857 1003 frustra
887 958 1050 1002 dictum
1073 968 1165 1002 est:
1200 978 1220 999 «
1256 957 1417 1002 Fidelis
1444 961 1583 1012 Deus,
1620 958 1695 1018 qui
1733 972 1823 1001 non

439 1049 460 1073 »
496 1031 608 1075 sinet
629 1046 702 1073 vos
718 1045 845 1089 supra
868 1044 999 1088 quam
1015 1029 1190 1087 potestis
1217 1026 1439 1084 fc1·1·c3sed
1460 1027 1586 1071 faciet
1601 1042 1702 1071 cum
1726 1036 1823 1071 ten-

439 1119 460 1142 »
495 1101 657 1144 tatione
679 1099 806 1142 ctiam
825 1098 1009 1151 exitum,
1027 1107 1075 1141 ut
1097 1098 1263 1156 possitis
1278 1099 1487 1141 sustinere
1504 1099 1516 1123 ¹
1537 1117 1545 1141 ε
1566 1116 1585 1138 »
1605 1098 1663 1140 sic
1678 1097 1824 1140 mittat

438 1171 483 1214 in
505 1168 726 1213 fornacem
751 1167 1040 1211 tribulationis
1055 1203 1066 1222 ‚
1094 1177 1143 1210 ut
1164 1176 1377 1226 coquatur
1399 1183 1494 1221 vas,
1521 1183 1609 1211 non
1630 1175 1679 1210 ut
1702 1165 1822 1209 fran-

440 1249 582 1300 gatur.
613 1258 633 1280 «
658 1241 714 1282 Et
731 1236 869 1281 sactus
888 1246 950 1280 est
971 1237 1074 1279 mihi
1099 1237 1307 1281 Dominus
1328 1237 1371 1279 in
1396 1235 1636 1295 refugium,
1654 1245 1696 1279 et
1710 1239 1823 1279 Deus

441 1329 463 1352 »
499 1325 620 1353 meus
642 1309 687 1352 in
711 1308 919 1351 auxilium
943 1307 1033 1366 spei
1054 1323 1176 1351 meae.
1210 1326 1230 1347 »
1256 1309 1345 1351 Cur
1366 1322 1467 1364 ergo
1485 1342 1496 1361 ,
1521 1305 1627 1366 quid
1662 1306 1741 1350 tibi
1756 1307 1824 1351 vi-

438 1380 625 1426 debatur
646 1379 770 1438 quasi
794 1379 980 1438 injustus
1002 1392 1091 1420 esse
1107 1413 1117 1432 ,
1141 1377 1241 1437 quia
1266 1377 1403 1436 parcit
1426 1375 1698 1420 malis‘?Vide
1709 1391 1824 1436 quo-

438 1449 571 1494 modo
582 1450 670 1508 jam
696 1448 926 1506 corrigitur
940 1446 1148 1502 Psalmus,
1168 1456 1211 1490 et
1224 1456 1271 1490 tu
1285 1462 1385 1490 cum
1401 1446 1569 1490 Psalmo
1582 1446 1795 1505 corrigere
1811 1464 1821 1490 ε

438 1521 537 1565 ideo
559 1520 672 1562 enim
699 1534 824 1563 voces
846 1527 940 1561 tuas
960 1517 1151 1561 habebat
1180 1516 1387 1561 Psalmus.
1410 1520 1518 1570 Quae
1540 1526 1641 1561 sunt
1665 1518 1825 1561 voces?

442 1610 460 1631 «
497 1593 734 1650 Usquequo
775 1597 1020 1647 peccatores
1037 1623 1047 1641 ,
1080 1587 1284 1641 Domine,
1327 1603 1557 1647 usquequo
1580 1596 1825 1646 peccatores

438 1678 459 1701 n
496 1659 833 1719 gloriabuntur?
859 1676 878 1698 »
920 1657 1113 1701 Psalmus
1148 1672 1274 1701 voces
1304 1666 1398 1700 tuas
1429 1657 1620 1700 habebat
1646 1676 1655 1701 ε
1693 1656 1824 1702 modo

439 1746 543 1789 ergo
570 1739 619 1773 tu
648 1729 806 1772 habeto
833 1744 959 1772 voces
993 1727 1164 1771 Psalmi.
1201 1730 1308 1780 Quae
1336 1736 1437 1771 sunt
1469 1742 1595 1772 voces
1632 1727 1825 1772 Psalmi?

442 1820 462 1844 «
497 1804 554 1844 Et
576 1799 713 1843 factus
736 1808 800 1842 est
821 1798 927 1841 mihi
952 1798 1159 1842 Dominus
1174 1798 1220 1841 in
1243 1797 1459 1857 refugium
1478 1833 1489 1853 ‚
1513 1807 1556 1842 et
1569 1801 1681 1842 Deus
1702 1813 1824 1842 meus

439 1888 460 1912 »
496 1871 540 1914 in
556 1869 765 1914 auxilium
787 1868 876 1927 spei
895 1884 1017 1911 meae,
1050 1887 1070 1909 »

497 1941 705 1984 XXVIII.
743 1958 762 1979 «
797 1941 854 1982 Et
882 1937 1035 1981 reddet
1067 1937 1151 1981 illis
1180 1938 1391 1981 Dominus
1425 1935 1666 1982 secundum
1698 1953 1830 1996 opera

440 2029 461 2051 »
498 2025 673 2062 eorum,
703 2018 745 2051 et
781 2007 1021 2052 secundum
1055 2006 1264 2051 malitiam
1298 2023 1449 2052 eorum
1481 2006 1701 2067 disperdet
1732 2007 1829 2053 illos

389 2127 391 2130 .
444 2100 461 2122 »
497 2079 709 2124 Dominus
736 2083 846 2122 Deus
866 2081 1045 2121 noster‘2.
1074 2096 1092 2118 »
1115 2080 1212 2122 Non
1234 2087 1360 2122 vocat
1371 2077 1492 2137 quod
1510 2079 1569 2121 ait
1585 2113 1595 2132 ‚
1617 2096 1635 2118 «
1660 2079 1828 2122 Secun-

444 2170 461 2191 »
498 2149 606 2193 dum
628 2148 838 2192 malitiam
865 2163 1031 2191 eorum.
1060 2166 1080 2188 »
1106 2148 1214 2191 Mihi
1234 2147 1288 2191 de
1308 2147 1390 2191 illis
1407 2157 1638 2206 praestatur
1663 2167 1672 2192 ;
1699 2157 1743 2191 et
1763 2156 1830 2191 ta-

442 2235 544 2263 men
568 2218 731 2262 malitia
765 2233 914 2261 eorum
939 2217 1097 2261 dicitur
1114 2253 1124 2272 ,
1159 2233 1247 2260 non
1273 2217 1482 2261 beneficia
1510 2232 1677 2262 eorum.
1702 2219 1830 2263 Certe

442 2290 558 2333 enim
581 2288 635 2332 de
663 2287 784 2332 malis
813 2297 983 2331 exercet
1015 2303 1117 2341 nos,
1144 2286 1333 2345 flagellat
1355 2303 1448 2331 nos,
1483 2287 1553 2331 Ad
1583 2302 1716 2348 quam
1739 2303 1830 2331 rem

440 2360 656 2418 flagellat?
682 2360 840 2419 Utique
874 2359 929 2402 ad
951 2373 1132 2416 regnum
1162 2357 1389 2402 coelorum.
1420 2378 1439 2400 «
1465 2358 1676 2416 Flagellat
1713 2359 1829 2402 enim

443 2449 463 2472 »
500 2445 675 2474 omnem
697 2429 836 2473 filium
857 2464 867 2484 ‚
893 2444 1024 2489 quem
1049 2428 1215 2487 recipit.
1244 2429 1406 2488 thuis
1427 2437 1490 2472 est
1513 2428 1626 2471 filius
1646 2428 1716 2472 cui
1738 2444 1828 2472 non

443 2519 464 2542 »
500 2500 572 2545 det
606 2499 874 2559 disciplinam
905 2508 1026 2558 pater
1056 2500 1208 2558 ejusss‘?
1234 2517 1252 2537 »
1280 2497 1406 2551 Quod
1435 2514 1536 2542 cum
1563 2497 1668 2542 facit
1689 2504 1825 2553 Deus,

491 2593 499 2608 ¹
524 2597 535 2616 1
556 2587 625 2617 Cor.
647 2597 677 2626 x,
704 2585 753 2617 13.
776 2603 817 2607 —
835 2592 846 2607 ²
867 2584 945 2616 psal.
969 2594 1054 2623 xciii,
1075 2584 1128 2615 23.
1152 2601 1192 2605 —
1211 2581 1223 2604 3
1245 2585 1336 2614 Prov.
1361 2594 1407 2624 ιη,
1427 2591 1479 2625 12,
1499 2586 1534 2615 et
1551 2582 1649 2615 Hebr.
1672 2594 1728 2623 ιιι,
1746 2582 1778 2614 6.
