1926 3339
428 284 670 315 ENARRA‘mo
701 288 746 313 us
779 285 982 315 PsALMUM
1015 290 1128 316 xcv1.
1383 283 1469 322 467

85 351 276 398 odiendo
296 350 553 411 malignum.
578 355 716 397 Nemo
736 367 812 397 vos
835 361 994 397 terreat
1023 373 1032 398 :
1059 356 1277 413 potentior
1302 367 1365 402 est
1393 361 1472 420 qui

82 438 158 468 vos
182 423 381 478 vocavit,
403 423 676 482 omnipotens
698 432 785 467 est:
807 420 961 468 fortior
980 433 1043 468 est
1063 425 1181 468 omni
1203 425 1320 482 forti,
1341 444 1472 488 supe-

82 495 170 540 rior
198 503 261 539 est
283 494 408 557 omni
420 493 601 538 excelso.
629 493 765 539 Filius
794 495 871 539 Dei
900 511 978 555 pro
1002 495 1126 540 nobis
1147 507 1346 543 mortuus
1373 510 1435 544 est
1457 520 1467 544 z

80 581 257 610 securus
280 574 372 610 esto
400 574 682 625 accepturum
709 575 752 610 tc
774 566 907 610 vitam
928 567 1060 626 ipsius
1075 603 1085 621 ‚
1111 568 1186 628 qui
1208 569 1366 628 pignus
1389 571 1470 615 ha-

78 637 155 682 bes
181 645 367 682 mortem
393 636 541 697 ipsius.
570 641 652 682 Pro
674 638 836 698 quibus
861 639 978 683 enim
1001 649 1200 684 mortuus
1218 644 1314 685 est?
1337 658 1468 687 num-

76 709 186 771 quid
207 725 285 770 pro
300 709 459 770 justis?
478 708 662 754 Paulum
681 711 911 769 interroga.
932 731 953 754 (ι
972 712 1146 756 Etenim
1172 714 1368 758 Christus
1385 730 1464 774 pro

79 797 102 822 »
125 780 268 840 impiis
280 789 478 825 mortuus
495 783 629 824 est¹.»
641 782 806 841 Impius
819 798 927 835 eras,
949 792 991 827 et
1014 793 1210 828 mortuus
1231 800 1273 828 es
1296 801 1375 844 pro
1390 795 1432 829 te
1451 805 1459 830 :

72 851 332 912 justificatus
353 867 398 896 es
414 887 425 907 ‚
451 860 495 895 et
516 850 684 896 deseret
705 854 779 896 te?
801 853 885 906 Qui
901 854 1154 913 justificavit
1174 856 1372 914 impium,
1396 871 1465 900 re-

76 920 247 982 linquet
262 922 384 982 pium
398 924 416 967 Ρ
428 941 447 964 «
460 921 546 973 Qui
567 921 744 981 diligitis
767 923 1017 979 Dominum,
1035 924 1152 968 odite
1170 924 1363 984 malignu
1375 942 1431 970 m.
1448 944 1468 967 »

76 995 215 1040 Nemo
236 995 387 1040 timeat
406 1014 415 1040 2
439 1014 460 1037 ‹<
479 994 681 1040 Custodit
704 996 914 1041 Dominus
935 997 1098 1041 animas
1126 1012 1349 1042 servorum
1366 1014 1470 1042 suo-

80 1084 101 1107 »
138 1081 258 1121 rum,
278 1065 332 1110 de
350 1081 484 1110 manu
506 1067 744 1125 peccatoris
760 1076 881 1111 eruet
904 1083 990 1111 eas.
1022 1086 1042 1108 n

136 1138 303 1181 XVIII.
330 1137 416 1182 Sed
438 1136 551 1181 forte
569 1137 766 1182 dicturus
783 1153 847 1182 es:
865 1137 1005 1182 Perdo
1024 1137 1168 1183 lucem
1189 1139 1362 1183 istam.«
1379 1142 1474 1183 Lux

81 1225 102 1249 η
137 1217 232 1253 orta
253 1217 318 1253 est
333 1209 467 1268 justo.
493 1226 514 1249 »
548 1211 690 1261 Quam
707 1208 852 1253 lucem
874 1210 1001 1253 times
1023 1225 1078 1254 ne
1109 1209 1263 1270 perdas
1282 1212 1299 1252 ’ἲ
1334 1211 1474 1254 Times

79 1293 135 1322 ne
151 1279 196 1323 in
217 1279 407 1324 tenebris
428 1279 512 1323 sis?
534 1279 633 1325 Noli
653 1280 805 1324 timere
826 1296 882 1324 ne
898 1281 1053 1340 perdas
1074 1280 1219 1325 lucem
1241 1300 1249 1325 :
1268 1281 1356 1325 imo
1371 1281 1473 1324 time

76 1365 149 1405 ne,
164 1349 273 1395 dum
296 1366 420 1396 caves
439 1350 622 1411 perdere
650 1351 776 1396 istam
803 1351 969 1407 lucem,
1001 1350 1155 1411 perdas
1183 1350 1303 1396 illam
1325 1352 1471 1395 lucem

75 1439 238 1469 veram.
264 1426 407 1478 Quam
431 1424 556 1468 times
592 1424 712 1468 enim
743 1421 925 1484 perdere
946 1459 957 1479 ,
991 1424 1190 1469 videmus
1213 1424 1372 1484 quibus
1395 1424 1476 1468 do·-

75 1503 178 1540 nata
207 1504 272 1540 est
292 1530 303 1551 ,
335 1510 437 1540 cum
470 1495 632 1555 quibus
663 1495 746 1539 tibi
782 1495 1026 1540 communis
1047 1504 1124 1539 est.
1150 1494 1376 1555 Numquid
1394 1494 1474 1539 soli

75 1566 182 1611 boni
197 1565 350 1611 vident
370 1567 503 1611 istum
519 1566 655 1611 solem
671 1602 682 1621 ‚
708 1582 809 1611 cum
823 1567 955 1611 faciat
972 1567 1073 1610 oriri
1091 1565 1224 1611 solem
1246 1583 1373 1611 suum
1396 1582 1471 1610 su-

75 1653 154 1698 per
172 1637 314 1683 bonos
340 1647 384 1683 et
406 1637 566 1693 malos,
588 1648 632 1683 et
649 1637 774 1698 pluat
796 1653 925 1698 super
942 1639 1080 1699 justos
1103 1648 1147 1682 et
1163 1639 1476 1698 injustos2?15-

76 1717 165 1753 tam
195 1708 343 1754 lucem
369 1709 521 1753 vident
548 1718 694 1753 tecum
716 1709 858 1769 iniqui
877 1744 887 1764 ,
907 1708 1059 1753 vident
1087 1718 1233 1753 tecum
1253 1708 1443 1753 latrones
1459 1743 1470 1763 ‚

75 1779 228 1825 vident
256 1789 404 1824 tecum
431 1779 670 1839 impudici,
706 1778 859 1824 vident
885 1788 1033 1824 tecum
1067 1780 1216 1823 bestiae
1233 1814 1243 1833 ‚
1276 1795 1438 1824 muscae
1456 1815 1467 1834 ‚

75 1850 318 1896 vermiculi.
346 1850 530 1904 Qualem
558 1850 702 1895 lucem
722 1851 841 1911 justo
862 1860 1003 1895 servat
1019 1886 1030 1906 ,
1057 1851 1134 1911 qui
1161 1859 1204 1894 et
1232 1850 1322 1894 istis
1345 1852 1474 1895 istam

75 1921 241 1968 donat?
256 1921 416 1968 Merito
437 1922 551 1967 hanc
569 1921 715 1966 lucem
734 1922 781 1965 in
802 1920 889 1965 fide
906 1924 1119 1979 Martyres
1140 1922 1360 1966 viderunt.
1384 1921 1470 1974 Qui

75 1994 194 2039 enim
213 1994 340 2039 istam
361 2002 719 2054 contempserunt
733 2028 744 2046 ‚
771 1991 964 2053 aliquam
977 1991 1186 2037 viderunt
1203 2007 1337 2052 quam
1360 1990 1470 2035 desi-

77 2064 368 2120 deraverunt,
391 2063 470 2125 qui
485 2065 600 2109 hanc
617 2072 893 2123 respuerunt.
925 2082 945 2105 «
964 2067 1062 2108 Lux
1084 2072 1179 2108 orta
1199 2073 1262 2108 est
1276 2065 1410 2124 justo,
1428 2070 1472 2105 et

79 2156 101 2179 »
135 2137 262 2181 rectis
289 2135 421 2181 corde
447 2134 716 2196 jucunditas.
742 2154 762 2177 »
789 2134 933 2180 Nolite
966 2144 1121 2195 putare
1153 2136 1255 2195 quia
1284 2149 1385 2178 vere
1418 2133 1466 2176 iu

19 2234 22 2235 ν
76 2207 247 2253 miseria
263 2206 466 2262 fuerunt,
490 2222 592 2251 cum
612 2206 658 2251 in
681 2215 832 2251 catena
852 2206 1202 2250 ambulaverunt.
1229 2208 1361 2249 Latus
1386 2203 1471 2247 fuit

77 2295 223 2326 carcer
247 2277 451 2323 fidelibus
469 2313 481 2333 ‚
504 2277 620 2323 leves
645 2277 826 2321 fuerunt
844 2286 1008 2321 catenae
1023 2275 1349 2321 confitentibus.
1375 2277 1466 2320 Ha-

76 2352 242 2397 bebant
257 2349 413 2410 gaudia
430 2349 477 2393 in
497 2358 679 2404 catasta,
705 2349 782 2410 qui
803 2349 1025 2394 Christum
1039 2347 1338 2408 praedicabant
1352 2347 1468 2391 inter

78 2431 309 2468 tormenta.
342 2440 362 2463 «
386 2423 481 2464 Lux
503 2429 597 2464 orta
611 2430 674 2464 est
690 2421 822 2480 justo.
853 2438 872 2461 »
905 2423 1014 2473 Quae
1034 2419 1110 2463 lux
1128 2428 1221 2464 orta
1240 2429 1302 2463 est
1320 2419 1469 2478 justo?

79 2498 185 2548 Quae
207 2509 298 2538 non
329 2491 469 2536 oritur
491 2491 652 2550 injusto
673 2512 684 2548 3
714 2507 804 2535 non
835 2491 914 2534 ista
945 2490 1023 2533 lux
1042 2525 1051 2543 ,
1085 2505 1216 2549 quam
1239 2490 1344 2534 facit
1366 2489 1467 2533 oriii

81 2580 211 2626 super
231 2564 372 2609 bonos
391 2570 435 2606 et
452 2560 605 2605 malos.
630 2563 708 2605 Est
727 2560 808 2605 alia
830 2560 928 2614 lux,
954 2575 1055 2620 quae
1085 2560 1223 2604 oritur
1238 2560 1355 2619 justo
1382 2577 1390 2603 :
1416 2557 1484 2605 de.

131 2656 142 2674 ¹
159 2652 251 2684 Rom.
267 2658 300 2691 τ’,
316 2648 349 2681 6.
378 2664 420 2670 -
439 2653 453 2671 ²
471 2644 584 2679 Matth.
608 2655 641 2687 v,
666 2644 720 2686 45.
1219 2696 1242 2735 3

1221 2702 1228 2710 '
1246 2698 1283 2736 Ο.
