1926 3339
388 331 630 360 enniano
664 334 706 358 ins
742 332 944 359 PSALMUM
979 334 1097 359 xcn1.
1348 324 1433 362 399

51 416 72 440 n
105 397 237 458 paulo
270 398 413 442 minus
460 399 731 442 habitaverat
771 397 817 440 in
853 397 1026 442 inferno
1065 398 1207 442 anima
1258 414 1368 444 mea.
1411 419 1431 441 »

105 471 248 512 XXII.
281 487 301 511 «
327 469 371 513 Si
395 469 619 513 dicebam:
644 471 791 513 Motus
819 477 882 512 est
908 484 983 528 pes
1007 484 1128 512 meus
1155 487 1164 512 :
1189 469 1434 514 misericor-
1473 465 1477 469 ’

49 557 71 580 n
104 538 177 583 dia
210 549 314 595 tua,
350 540 557 594 Domine,
594 539 831 600 adjuvabat
852 542 969 583 me¹.
1008 558 1027 582 »
1070 538 1180 583 Vide
1212 540 1435 599 quomodo

43 608 359 655 confessionem
383 618 498 654 amat
518 613 646 654 Deus.
667 613 966 670 Moveturpes
990 618 1106 664 tuuS,
1131 620 1175 654 et
1192 625 1282 654 non
1298 608 1404 654 dicis
1423 628 1433 654 ι

46 685 250 727 Move-tur
274 696 350 745 pes
382 696 503 726 meus
540 702 549 726 :
587 681 663 726 sed
695 690 806 726 stare
831 691 876 726 te
901 681 1035 736 dicis,
1067 696 1168 725 cum
1196 682 1284 741 jam
1320 696 1433 726 ruas.

41 755 142 796 =Imo
187 751 222 795 si
242 753 333 812 jam
365 752 536 812 coepisti
563 753 751 808 moveri,
782 753 814 801 si
844 754 933 813 jam
983 752 1153 812 coepisti
1195 752 1434 807 fluctuare,

39 823 253 867 confitere
277 832 462 878 motum,
489 839 543 866 ne
566 823 743 883 plangas
773 824 940 867 ruinam
961 844 971 880 3
989 832 1046 866 ›ut
1070 822 1247 883 adjuvet
1272 831 1314 866 te
1333 821 1408 867 ille
1423 858 1434 877 ‚

48 909 103 937 ne
125 893 169 936 in
187 893 358 938 inferno
381 895 434 938 sit
455 894 595 938 anima
618 904 707 938 tua.
730 893 1055 939 confessionem
1078 894 1174 938 vult
1187 897 1328 951 Deus3
1351 894 1438 937 hu-

47 963 276 1015 militatem
308 964 416 1015 vult.
454 968 601 1009 Motus
622 980 691 1019 es,
723 974 773 1008 ut
799 965 961 1021 homo3
989 963 1166 1023 adjuvat
1201 973 1244 1008 ne
1267 963 1357 1018 ille,
1388 974 1438 1008 ut

40 1040 156 1078 :Deus
179 1053 188 1078 :
218 1034 295 1078 sed
315 1034 384 1078 dic
406 1044 552 1078 tamen
579 1054 617 1079 z«
641 1038 786 1079 Motus
807 1043 871 1078 est
892 1049 967 1093 pes
981 1049 1116 1077 meus.
1140 1052 1161 1075 »
1184 1035 1332 1086 Quare
1348 1035 1437 1093 jam

47 1105 246 1160 moveris,
267 1114 311 1149 et
327 1105 449 1161 dicis,
477 1107 583 1150 Sto?
599 1106 676 1150 «Si
697 1104 896 1150 dicebam
919 1124 927 1148 :
945 1107 1090 1149 Motus
1104 1114 1167 1148 est
1190 1119 1263 1164 pes
1280 1119 1403 1148 meus
1425 1125 1436 1162 3

49 1193 69 1216 »
103 1174 395 1220 misericordia
419 1185 491 1220 tua
507 1211 517 1231 7
549 1176 727 1221 Domine
745 1212 755 1225 ,
781 1175 1016 1236 adjuvabat
1040 1191 1122 1219 me.
1142 1194 1162 1216 »
1189 1177 1287 1228 Quo
1305 1175 1438 1219 modo

44 1247 322 1306 praesumpsit
343 1250 519 1301 Petrus,
559 1263 649 1292 non
682 1247 726 1290 in
760 1247 926 1291 viribus
954 1247 1055 1290 suis.
1091 1244 1333 1289 Videbatur
1355 1248 1439 1290 Do-

45 1318 189 1362 minus
216 1317 441 1361 ambulare
467 1333 596 1377 super
625 1333 760 1372 mare,
795 1316 963 1361 calcans
982 1316 1123 1375 capita
1145 1316 1341 1360 omnium
1365 1332 1438 1360 su-

33 1389 281 1449 perborum
313 1389 356 1432 in
386 1389 468 1434 isto
490 1388 665 1433 saeculo.
694 1392 842 1448 Ipsum
864 1388 945 1432 iter
975 1403 1103 1431 suum
1139 1386 1344 1431 calcantis
1366 1403 1440 1431 ca-

32 1460 134 1519 pita
170 1459 489 1519 superborum,
531 1459 789 1517 significavit
821 1457 1049 1502 ambulans
1081 1474 1210 1517 super
1248 1457 1441 1502 tumidos

43 1531 220 1575 fluctus.
247 1530 397 1576 Calcat
415 1539 458 1574 et
481 1529 671 1574 Ecclesia
699 1550 707 1573 ;
728 1545 828 1573 nam
856 1529 948 1589 ipsa
970 1539 1034 1573 est
1058 1532 1226 1573 Petrus.
1251 1531 1349 1574 Non
1374 1538 1441 1573 ta-

39 1616 145 1645 ⁴⁴men
162 1618 290 1646 ausus
308 1611 372 1645 est
396 1605 549 1645 Petrus
570 1617 648 1661 per
662 1616 705 1645 se
719 1602 860 1660 ipsum
886 1599 1110 1644 ambulare
1132 1616 1261 1660 super
1282 1616 1439 1661 aquas:

41 1672 120 1717 sed
142 1671 251 1733 quid
273 1673 358 1717 ait?
386 1692 405 1714 «
435 1672 640 1726 Domine,
675 1671 709 1715 si
744 1681 793 1715 tu
816 1686 875 1726 es,
896 1670 1003 1731 jube
1034 1686 1103 1714 me
1137 1671 1282 1714 venire
1314 1671 1369 1715 ad
1399 1679 1442 1715 te

49 1761 70 1784 ³)
106 1759 235 1803 super
264 1759 416 1803 aquas.
448 1762 465 1784 υ
504 1741 581 1786 Ille
608 1743 654 1786 in
688 1751 902 1802 potestate
930 1758 1028 1796 sua,
1064 1745 1218 1785 Petrus
1250 1741 1296 1784 in
1320 1742 1445 1801 jussu

32 1813 176 1858 illius,
208 1833 227 1855 «
257 1813 395 1868 Jube,
427 1812 593 1872 inquit,
623 1813 771 1855 venire
800 1828 870 1856 me
901 1811 955 1856 ad
991 1821 1047 1855 te.
1087 1812 1331 1871 Respondit
1351 1810 1440 1866 ille,

35 1904 72 1926 .»
108 1885 261 1929 Veni?
292 1903 311 1925 »
345 1883 493 1929 Calcat
516 1885 632 1928 enim
655 1893 698 1927 et
719 1882 908 1927 Ecclesia
941 1883 1081 1943 capita
1113 1883 1403 1942 superborum
1433 1902 1441 1927 :

49 1947 125 2000 sed
142 1955 249 2016 >quia
272 1955 465 2000 Ecclesia
487 1964 566 2007 est,
587 1964 631 1999 et
651 1954 786 1998 habet
805 1954 1103 1997 infirmitatem
1121 1954 1374 2008 humanam,
1396 1962 1447 1997 ut

49 2026 344 2087 compleretur
359 2062 369 2081 ,
400 2045 418 2068 «
447 2026 490 2070 Si
512 2025 739 2069 dicebam:
766 2028 911 2069 Motus
933 2033 997 2068 est
1021 2040 1093 2084 pes
1121 2039 1268 2078 meus,
1293 2043 1312 2064 »
1335 2024 1443 2067 titu-

52 2098 172 2144 bavit
182 2101 332 2142 Petrus
345 2098 389 2141 in
405 2097 528 2151 mari,
543 2107 586 2140 et
606 2096 858 2141 exclamavit
878 2112 916 2137 z«
924 2096 1122 2150 Domine,
1138 2094 1447 2155 pereo.,»Quod

33 2185 154 2229 ’ergo
167 2169 239 2214 hic
257 2169 448 2229 positum
470 2177 548 2223 est,
572 2188 592 2210 «
617 2168 658 2212 Si
675 2166 876 2211 dicebam
897 2170 1065 2211 :Motus
1087 2175 1151 2210 est
1174 2182 1246 2226 pes
1265 2182 1385 2210 meus
1404 2184 1441 2210 2»

30 2240 136 2285 hoc
162 2240 223 2283 ibi
242 2240 429 2300 positum
451 2242 528 2294 est,
560 2257 576 2279 «
604 2238 805 2292 Domine,
830 2239 1036 2298 pereo3.»
1064 2240 1121 2281 Et
1143 2237 1264 2297 quod
1284 2238 1354 2281 hic
1372 2252 1448 2296 po-

33 2312 290 2367 :situm-est‚
321 2331 340 2353 «
370 2309 663 2356 Misericordia
688 2319 784 2364 tua,
811 2310 989 2353 Domine
1005 2344 1015 2363 ‚
1038 2307 1270 2368 adjuvabat
1293 2324 1362 2352 me
1385 2328 1392 2353 :
1423 2326 1442 2348 »

53 2384 138 2428 hoc
159 2383 220 2426 ibi
241 2383 434 2443 positum
449 2390 512 2426 est
531 2401 539 2426 ε
563 2401 583 2423 α
599 2381 797 2426 Porrexit
811 2396 991 2424 manum
1010 2382 1133 2424 Jesus
1156 2380 1303 2424 dicens
1322 2399 1330 2422 :
1357 2382 1447 2423 Mo-

7 2482 18 2493 1.
58 2472 78 2495 »
114 2453 224 2498 dicae
250 2452 379 2508 fidei,
404 2451 565 2513 utquid
597 2451 863 2495 dubitasti4?
895 2470 913 2493 υ
946 2452 1107 2495 Mirum
1139 2461 1201 2494 est
1226 2449 1449 2510 quomodo

55 2525 213 2585 probat
235 2528 349 2569 Deus
365 2524 564 2569 homines
589 2543 598 2567 z
623 2523 713 2582 ipsa
737 2522 927 2582 pericula
950 2532 1095 2566 nostra
1119 2521 1359 2566 dulciorem
1375 2537 1450 2565 no·

30 2597 124 2641 *bis
149 2595 318 2641 faciunt
338 2595 613 2640 liberantem.
638 2597 749 2639 Nam
772 2593 916 2638 videte
945 2593 1064 2653 quod
1091 2594 1302 2653 sequitur.
1336 2593 1447 2646 Quia
1472 2649 1480 2654 η

107 2688 117 2705 ¹
140 2681 218 2714 psal,
235 2692 324 2723 xcm,
348 2681 398 2712 18.
428 2698 469 2703 ·-
492 2687 505 2703 ²
521 2679 719 2720 Matth.x1v,
739 2679 792 2711 28.
809 2696 851 2701 —
869 2676 881 2701 3
900 2676 978 2710 Ibid.
1004 2678 1053 2709 30.
1076 2695 1116 2701 -—
1134 2677 1148 2707 4
1169 2677 1248 2710 lbid.
1271 2678 1325 2719 31,
1347 2677 1400 2709 32.
