1926 3339
462 379 545 417 356
841 388 873 412 s.
923 383 1151 410 Aucus'nm
1185 385 1363 411 Erlscorl

459 460 846 501 commemoratum
868 459 930 493 est
947 484 957 503 ‚
984 465 1072 493 non
1094 458 1158 492 est
1178 447 1614 508 praetermittendum.
1638 447 1754 500 Quid
1775 455 1838 490 est

459 523 666 572 accinctio
684 521 814 581 gladii
829 520 940 564 circa
955 518 1126 562 femur?
1150 523 1229 563 Per
1252 519 1589 572 fe1nui·‚carnem
1609 518 1834 576 significat.

455 600 553 642 Non
575 594 689 638 enim
706 591 828 634 aliter
844 588 1078 633 debellaret
1097 589 1306 632 Dominus
1328 590 1477 633 orbem
1501 598 1730 642 terrarum,
1757 586 1838 630 nisi

456 668 502 712 in
524 677 696 710 carnem
718 660 885 703 veniret
918 658 1085 717 gladius
1106 658 1310 701 veritatis.
1338 659 1418 702 Hic
1441 674 1544 717 ergo
1568 673 1702 717 quare
1723 673 1845 716 prae-f

455 738 623 781 cinctus
633 730 813 783 estPQui
827 744 871 772 se
884 728 1125 786 praecingit,
1139 737 1238 771 ante
1261 743 1305 771 se
1321 728 1446 786 ponit
1463 727 1626 787 aliquid
1635 742 1837 787 quoprae-

454 805 656 863 cingitur.
676 799 798 845 Unde
817 798 982 842 dictum
999 806 1081 841 est:
1112 816 1131 839 «
1148 797 1410 841 Praecinctus
1431 806 1494 840 est
1507 796 1657 851 linteo,
1675 806 1718 840 et
1733 796 1839 840 lavit

457 895 477 918 »
502 873 633 934 pedes
658 868 975 929 Discipulorum
999 882 1192 911 suorum.
1211 885 1231 907 »
1257 867 1364 920 Quia
1387 869 1503 910 enim
1520 876 1625 911 tunc
1661 866 1837 910 humilis

452 946 553 1000 fuit⁷
579 941 755 1005 quando
778 939 912 983 linteo
942 937 1200 998 praecinctus
1219 946 1296 989 est,
1312 937 1416 981 lavit
1439 937 1569 996 pedes
1591 935 1836 996 Discipulo-

451 1031 550 1061 rum
574 1027 767 1058 suorum.
800 1009 950 1054 Omnis
977 1017 1121 1052 autem
1145 1007 1356 1052 fortitudo
1380 1007 1423 1050 in
1446 1006 1712 1058 humilitate3
1737 1007 1838 1066 quia

451 1084 615 1145 fragilis
644 1092 707 1127 est
735 1080 874 1125 omnis
902 1078 1119 1138 superbia.
1154 1077 1258 1121 ldeo
1281 1093 1380 1121 cum
1407 1077 1461 1121 de
1489 1076 1749 1120 fortitudine
1770 1076 1838 1120 di-

451 1165 582 1211 ceret,
598 1152 782 1205 addidit,
813 1149 1108 1193 «praecinctus
1129 1156 1220 1191 est:
1249 1166 1268 1188 »
1298 1150 1352 1191 Ut
1375 1147 1535 1191 recolas
1562 1151 1698 1191 Deum
1722 1163 1837 1206 prae-

449 1231 642 1275 cinctum
670 1221 902 1274 humilem,
928 1218 1107 1279 quando
1130 1219 1260 1277 pedes
1293 1218 1613 1278 Discipulorum
1636 1218 1754 1263 lavit.
1782 1221 1839 1262 Et

450 1296 670 1344 exhorruit
716 1297 868 1337 Petrus
919 1289 1158 1333 Dominum
1201 1303 1329 1332 suum
1354 1323 1365 1343 ,
1418 1290 1670 1346 magistrum
1710 1305 1838 1332 suum

449 1368 623 1427 (minus
646 1363 732 1408 dixi
768 1360 1019 1418 magistrum
1049 1374 1201 1413 suum,
1234 1374 1333 1401 cum
1366 1359 1567 1402 dixissem
1604 1358 1837 1402 Dominum

448 1440 628 1495 suum),
674 1441 927 1479 curvantem
944 1447 987 1474 se
1025 1429 1079 1473 ad
1119 1428 1249 1488 pedes
1281 1445 1380 1473 suos
1397 1465 1407 1484 ,
1452 1438 1495 1473 et
1516 1428 1733 1473 lavantem
1756 1430 1838 1473 sibi

449 1509 597 1570 pedes,
623 1504 817 1565 expavit,
843 1511 886 1545 et
907 1500 1016 1544 dixit
1037 1519 1045 1544 :
1075 1519 1094 1541 «
1112 1499 1316 1554 Domine,
1342 1515 1430 1544 non
1454 1498 1615 1543 lavabis
1634 1499 1739 1543 mihi
1758 1515 1837 1559 pe-

451 1601 470 1623 »
494 1580 583 1624 des.
602 1597 622 1619 »
662 1580 719 1621 Et
757 1573 828 1618 ille
843 1608 854 1628 ‚
904 1570 1066 1625 «Quod
1111 1587 1191 1630 ego
1228 1570 1361 1625 facio,
1409 1579 1458 1614 tu
1496 1571 1632 1615 nescis
1674 1571 1806 1615 modo
1821 1607 1832 1625 ‚

449 1672 469 1696 »
496 1651 602 1695 scies
624 1656 769 1692 autem
792 1653 957 1704 postea.
975 1660 995 1683 »
1023 1644 1080 1685 Et
1101 1641 1198 1696 ille,
1228 1660 1248 1682 «
1264 1644 1359 1685 Non
1387 1640 1548 1685 lavabis
1569 1641 1676 1685 mihi
1706 1641 1836 1700 pedes

450 1742 470 1765 »
496 1722 543 1765 in
579 1729 808 1763 [eternum.
828 1733 847 1755 η
892 1715 949 1756 Et
983 1711 1081 1767 ille,
1123 1712 1203 1756 «Si
1240 1727 1330 1755 non
1360 1711 1506 1756 lavero
1544 1720 1609 1767 te,
1642 1728 1732 1756 non
1763 1713 1838 1756 ha-

450 1813 471 1836 «
495 1791 617 1836 bebis
635 1797 803 1849 partem
821 1799 1011 1829 mecum.
1032 1804 1049 1824 »
1077 1782 1162 1835 Qui
1184 1783 1325 1842 primo
1344 1786 1496 1827 Petrus
1513 1792 1740 1843 expaverat
1755 1785 1837 1828 Do-

445 1864 616 1908 minum
633 1860 855 1904 lavantem
876 1855 958 1900 sibi
978 1853 1109 1914 pedes
1124 1889 1135 1908 ,
1163 1853 1261 1913 plus
1275 1855 1448 1914 expavit
1462 1889 1473 1909 ‚
1506 1873 1523 1894 «
1542 1857 1640 1899 Non
1653 1855 1836 1900 habebis

450 1955 470 1978 »
495 1943 664 1995 partem
681 1945 850 1975 mecum
871 1948 879 1972 ;
906 1948 922 1968 »
950 1930 1007 1971 Et
1023 1925 1207 1971 credidit
1223 1942 1313 1970 non
1338 1926 1430 1970 sine
1443 1943 1569 1971 causa
1588 1928 1671 1971 hoc
1693 1925 1836 1971 facere

447 2006 683 2052 Dominum
696 2039 706 2058 ,
724 2002 805 2046 nisi
820 2001 921 2061 quia
940 1997 1117 2058 aliquod
1132 2007 1221 2041 erat
1238 1997 1348 2041 illud
1370 1997 1480 2042 sorte
1496 2008 1834 2044 sacramentum:

445 2088 490 2123 et
511 2078 593 2131 ait,
624 2095 643 2117 «
664 2074 848 2119 Domine
865 2107 875 2126 ‚
900 2086 989 2114 non
1009 2068 1141 2128 pedes
1163 2077 1331 2112 tantum
1345 2104 1355 2123 ‚
1378 2069 1451 2112 sed
1473 2078 1515 2112 et
1537 2078 1690 2128 caput,
1712 2079 1754 2113 et
1775 2079 1836 2114 to-

448 2170 468 2192 »
496 2158 642 2192 tum.»
668 2148 724 2188 Et
741 2143 839 2197 ille,
870 2143 987 2195 «Qui
1015 2141 1129 2185 lotus
1151 2149 1213 2183 est
1236 2138 1391 2193 semel,
1418 2155 1504 2182 non
1527 2140 1660 2183 habet
1684 2156 1833 2196 neces-

449 2239 469 2262 »
496 2219 664 2264 sitatem
683 2217 841 2259 iterum
854 2211 1043 2266 lavandi,
1059 2212 1133 2254 sed
1149 2219 1211 2254 est
1222 2208 1411 2253 mundus
1428 2219 1587 2254 totus.»
1602 2213 1696 2255 Non
1711 2227 1828 2270 ergo.

446 2290 500 2334 ad
529 2294 846 2333 sacramentum
876 2292 1085 2342 tanquam
1109 2279 1405 2324 mundationis
1424 2281 1691 2339 pertinebat,
1712 2281 1833 2342 quod

443 2361 550 2405 lavit
577 2356 796 2416 eis‘pedes
815 2389 824 2407 ,
860 2353 934 2397 sed
959 2351 1013 2396 ad
1037 2351 1283 2411 exemplum
1302 2351 1571 2395 humilitatis.
1600 2355 1692 2396 Hoc
1715 2353 1832 2396 enim

445 2431 612 2475 dixerat
637 2447 645 2472 ι
676 2447 694 2468 ι(
712 2425 840 2478 Quod
863 2424 979 2467 enim
994 2438 1072 2480 ego
1094 2421 1207 2466 facio
1221 2457 1231 2476 ‚
1257 2422 1393 2466 nescis
1407 2458 1417 2477 ,
1444 2422 1547 2466 scies
1566 2433 1709 2467 autem
1729 2439 1830 2483 pos-

449 2522 468 2544 «
496 2510 578 2545 tea.
601 2518 620 2540 »
647 2497 881 2541 Videamus
901 2494 933 2537 si
957 2494 1145 2538 scierunt
1166 2502 1335 2552 postea,
1361 2493 1582 2536 videamus
1603 2493 1636 2537 si
1661 2495 1831 2552 aperuit

445 2572 527 2616 illis
537 2570 655 2631 quod
669 2567 866 2620 faciebat,
879 2564 1156 2609 utvideamus
1167 2564 1399 2607 Dominum
1410 2565 1692 2623 praecinctum
1703 2564 1830 2610 forti-

444 2643 597 2688 tudine
615 2661 623 2685 :
643 2640 745 2700 quia
762 2638 807 2681 in
826 2635 1070 2681 humilitate
1085 2645 1148 2679 est
1166 2644 1253 2679 tota
1277 2634 1504 2687 fortitudo.
1532 2638 1643 2680 Cum
1658 2636 1830 2681 lavisset

445 2715 503 2758 cis
527 2712 672 2772 pedes,
694 2725 837 2754 rursus
856 2706 1092 2762 discubuit,
1117 2716 1160 2751 ct
1179 2706 1238 2750 ait
1256 2705 1361 2749 illis:
1393 2729 1406 2744 u
1428 2706 1654 2751 Dicitisme
1668 2707 1826 2766 Magis-
