1926 3339
491 296 574 333 210
911 304 946 333 s.
982 307 1212 335 AUGus'ruu
1244 290 1427 335 Emscopi

496 391 510 410 »
529 371 618 415 duo
636 370 852 415 suscitabo
865 369 1008 415 i11ud1.
1019 390 1037 412 »
1053 375 1117 417 Ne
1134 381 1281 416 autem
1300 388 1379 417 nos
1394 370 1512 415 aliud
1536 371 1868 430 suspicaremur,
1908 416 1910 422 ,

489 443 608 484 Evan
615 440 761 499 ›elista
776 450 947 485 secutus
962 441 1047 486 ait:
1063 445 1182 486 «Hoc
1196 452 1340 486 autem
1354 441 1526 486 dicebat
1540 440 1594 485 de
1606 441 1771 500 templo
1782 455 1874 486 cor-
1905 426 1913 501 ,l

491 528 511 552 υ
529 511 642 570 potis
659 512 759 555 sui'2.
776 530 794 552 n
816 511 964 556 Salvus
983 527 1028 554 el
1032 528 1056 546 ‹
1032 528 1085 570 0
1104 511 1242 556 factus
1257 521 1325 555 est
1343 511 1476 555 Filius
1491 509 1673 555 ancillas.
1692 511 1815 555 Dicat
1830 519 1877 555 et
1906 500 1914 539 *⁵

488 582 789 641 unusquisque
805 581 1102 625 Christianus
1092 597 1138 625 ln
1154 597 1228 626 coi
1232 597 1337 640 pore
1352 581 1508 626 Christi
1528 581 1720 641 positus:
1741 599 1761 623 «
1778 578 1874 625 Sal-
1904 616 1911 643 7

492 672 509 692 »
527 667 629 695 vum
648 651 714 694 fac
728 651 867 694 filium-
881 651 1049 694 ancillae
1062 660 1194 695 tuae.»
1206 654 1337 695 Forte
1351 667 1441 695 non
1456 660 1598 710 potest
1610 650 1797 706 dicere,«
1812 653 1874 697 Da
1903 653 1909 691 ἶ

487 739 508 761 »
543 729 802 779 potestatem
822 736 958 780 puero
976 730 1078 765 tuo:
1107 741 1126 763 »
1149 720 1339 781 quiaille
1355 721 1490 765 Filius
1503 722 1668 781 accepit
1685 729 1876 780 potesta—
1902 762 1907 778 ‚

485 799 590 834 tem.
613 790 698 835 Sed
716 807 850 851 quare
861 807 950 836 non
973 791 1078 836 dicit
1091 800 1134 835 et
1150 792 1234 835 hoc
1246 792 1264 834 Ρ
1278 794 1344 835 An
1352 806 1441 835 non
1453 791 1582 836 servis
1595 791 1761 836 dictum
1782 800 1873 837 est:

488 879 509 904 «
544 862 758 907 Sedebitis
784 878 913 922 super
942 861 1177 907 duodecim
1214 863 1335 907 sedes
1367 862 1613 921 judicantes
1642 861 1876 906 duodecim
1903 871 1906 926 j

487 949 508 974 »
546 932 684 976 tribus
706 932 838 977 Israel
855 934 900 977 3?
922 936 979 978 Et
1000 933 1110 978 servi
1123 933 1301 977 dicunt:
1323 952 1341 974 ‹<
1363 933 1543 977 Nescitis
1560 932 1662 992 quia
1687 932 1876 991 Angelos

490 1020 511 1044 »
539 1002 834 1062 judicabimus
848 1005 890 1046 4?
910 1021 930 1045 »
950 1004 1120 1063 Accipit
1136 1019 1240 1062 ergo
1256 1012 1300 1047 et
1316 1003 1618 1063 unusquisque
1628 1011 1877 1047 sanctorum
1900 1040 1903 1043 Α

487 1082 767 1132 potestatem,
798 1083 843 1118 et
869 1083 934 1118 est
963 1074 1262 1134 unusquisque
1289 1083 1539 1118 sanctorum
1562 1073 1678 1117 filius
1708 1071 1877 1118 ancillae
1903 1125 1905 1131 ¹

487 1144 594 1202 ejus.
616 1144 733 1196 Quid
755 1144 788 1188 si
811 1144 865 1188 de
887 1147 1063 1203 Pagana
1089 1153 1217 1188 natus
1246 1153 1334 1198 est,
1362 1153 1404 1187 et
1435 1145 1703 1189 Christianus
1739 1142 1877 1187 factus
1899 1154 1906 1184 z-

486 1216 585 1258 est?
613 1214 749 1259 Filius
776 1218 964 1273 Paganae
999 1214 1221 1274 quomodo
1253 1223 1397 1273 potest
1429 1229 1521 1258 esse
1556 1213 1672 1258 filius
1708 1212 1877 1257 ancillae

485 1283 643 1341 ipsius?
676 1287 752 1328 Est
788 1284 968 1343 quidem
1002 1288 1186 1342 Paganae
1216 1283 1331 1328 filius
1368 1283 1623 1339 carnaliter,
1656 1282 1733 1328 sed
1762 1281 1877 1328 filius

486 1353 691 1398 Ecclesiae
713 1353 976 1413 spiritaliter.
997 1373 1018 1396 «
1037 1357 1094 1398 Et
1116 1353 1283 1398 salvum
1305 1351 1373 1398 fac
1391 1353 1531 1397 filium
1547 1352 1715 1398 ancillae
1731 1362 1834 1398 tuae.
1853 1371 1874 1396 υ
1894 1347 1907 1432 Ξ

544 1425 713 1468 XXIII.
743 1444 762 1467 <t
791 1428 878 1469 Fac
899 1440 1073 1469 mecum
1090 1425 1263 1483 signum
1280 1424 1326 1467 in
1344 1423 1478 1468 bono.
1505 1442 1525 1465 n
1545 1423 1671 1477 Quod
1688 1424 1875 1482 signum,
1893 1433 1905 1454 ³·

485 1495 567 1538 nisi
589 1496 1164 1540 resurrectionis?Dominus
1187 1495 1314 1540 dicit:
1343 1515 1364 1538 «
1385 1496 1618 1540 Generatio
1639 1497 1732 1540 haec
1746 1494 1897 1555 prava

488 1583 507 1607 »
544 1575 589 1609 et
602 1567 839 1611 amaricans
858 1567 1029 1625 signum
1047 1567 1205 1627 quaerit
1222 1587 1233 1623 ς
1256 1575 1299 1610 et
1313 1566 1483 1625 signum
1505 1582 1596 1611 non
1620 1566 1798 1611 dabitur
1813 1567 1875 1622 ei,
1893 1575 1905 1606 -'.

490 1654 507 1676 »
543 1636 621 1678 nisi
634 1636 805 1695 signum
820 1639 844 1680 J
848 1652 943 1680 onae
958 1637 1198 1696 prophetae.
1216 1636 1337 1681 Sicut
1349 1635 1466 1679 enim
1480 1639 1613 1681 Jonas
1625 1635 1710 1680 fuit
1722 1636 1767 1680 in
1778 1651 1878 1681 ven·
1892 1663 1900 1678 ι.

490 1727 508 1748 »
543 1715 609 1750 tre
629 1707 713 1751 ceti
727 1707 865 1752 tribus
880 1707 1035 1752 diebus
1053 1717 1095 1751 et
1108 1707 1248 1751 tribus
1261 1707 1464 1752 noctibus
1476 1742 1487 1762 ‚
1505 1708 1565 1751 sic
1583 1708 1665 1751 erit
1677 1716 1722 1752 et
1741 1707 1878 1752 Filius
1896 1743 1897 1746 η

487 1795 508 1819 »
541 1778 728 1822 hominis
750 1780 796 1822 in
818 1779 948 1824 corde
965 1788 1092 1823 terrae
1107 1781 1138 1823 ⁵.
1163 1797 1182 1820 »
1209 1782 1324 1837 Ergo
1342 1779 1606 1838 cumcapite
1627 1788 1774 1823 nostro
1787 1780 1876 1839 jam
1899 1805 1903 1813 ‹›

486 1845 651 1892 factum
668 1858 730 1893 est
745 1849 916 1907 signum
933 1849 980 1892 in
994 1849 1112 1894 bono
1131 1868 1141 1894 :
1162 1848 1279 1893 dicat
1289 1858 1332 1892 et
1348 1850 1649 1909 unusquisque
1661 1858 1874 1906 nostrum,

489 1937 510 1961 «
544 1921 576 1962 F
582 1934 631 1964 ac
644 1935 816 1964 mecum
834 1921 1007 1979 signum
1024 1921 1070 1964 in
1087 1921 1206 1965 bono
1235 1939 1244 1965 z
1271 1939 1291 1962 »
1318 1921 1419 1981 quia
1437 1920 1483 1964 in
1499 1920 1728 1966 novissima
1746 1921 1874 1978 tuba,
1892 1979 1893 1982 Ἴ

485 1988 533 2033 in
555 1989 746 2035 adventu
784 1991 977 2045 Domini,
1006 2000 1050 2035 et
1085 1992 1246 2035 mortui
1278 2000 1504 2049 resurgent
1535 1991 1799 2052 incorrupti,
1835 1991 1926 2036 et}

485 2075 563 2105 nos
579 2061 954 2105 immutabimu1·⁶.
978 2061 1073 2106 Erit
1090 2062 1173 2106 hoc
1194 2062 1367 2121 signum
1389 2062 1436 2105 in
1458 2063 1590 2107 bono.
1620 2081 1641 2105 «
1669 2065 1756 2106 Fac
1785 2077 1895 2105 me-
1924 2083 1926 2106 ι

486 2149 507 2174 n
542 2147 643 2176 cum
675 2132 847 2190 signum
869 2132 916 2176 in
949 2131 1068 2176 bono
1092 2166 1104 2187 ,
1128 2141 1180 2176 ut
1199 2131 1379 2177 videant
1399 2132 1477 2192 qui
1499 2147 1569 2176 me
1598 2131 1808 2188 oderunt,
1834 2140 1899 2176 et

488 2220 509 2244 2)
543 2200 887 2247 confundantur.
930 2219 952 2243 η
983 2205 1034 2246 In
1052 2201 1219 2262 judicio
1246 2200 1574 2246 confundentur
1602 2203 1842 2262 perniciose
1861 2236 1889 2263 ,Ἰ

483 2273 559 2333 qui
576 2271 708 2317 modo
725 2271 884 2316 nolunt
902 2271 1114 2317 confundi
1134 2272 1380 2316 salubriter.
1409 2272 1544 2317 Modo
1566 2287 1668 2330 ergo
1685 2273 1876 2317 confun-

483 2342 668 2399 dantur,
692 2352 896 2388 accusent
916 2343 1008 2388 vias
1033 2358 1128 2387 suas
1150 2343 1307 2399 malas,
1332 2352 1512 2388 teneant
1531 2344 1648 2388 viam
1675 2344 1838 2388 bonam
1863 2361 1874 2388 ε

482 2414 585 2474 quia
606 2429 735 2458 nemo
754 2423 952 2458 nostrum
974 2413 1081 2458 vivit
1099 2413 1190 2457 sine
1213 2412 1474 2458 confusione
1490 2449 1503 2471 ,
1522 2414 1604 2458 nisi
1630 2414 1750 2474 prius
1767 2429 1875 2458 con-

482 2485 605 2529 fusus
638 2484 878 2530 reviviscat.
908 2483 1079 2528 Praebet
1105 2482 1188 2527 illis
1210 2490 1320 2529 Deus
1338 2484 1470 2530 modo
1492 2484 1661 2530 aditum
1693 2482 1894 2542 salubris⁴

1919 2430 1926 2462 t

1918 2504 1926 2530 I

534 2590 544 2606 ¹
565 2585 657 2616 Joan.
675 2594 718 2625 11,
740 2594 792 2626 19.
813 2600 856 2606 -—-
875 2589 888 2605 ²
910 2582 992 2615 Ibid.
1020 2591 1076 2614 21.
1095 2599 1137 2605 --
1158 2580 1171 2605 3
1194 2582 1308 2615 Matth.
1328 2593 1395 2625 xix,
1416 2583 1469 2615 28.
1486 2600 1529 2606 —-
1549 2581 1566 2613 4
1589 2595 1601 2615 1
1619 2585 1693 2617 Cor.
1711 2595 1758 2626 vr,
1783 2583 1816 2616 3.
1833 2599 1873 2606 -

488 2637 504 2662 5
526 2638 608 2671 Psal.
628 2649 745 2681 rxxxv,
765 2649 816 2681 17.
832 2656 874 2661 —
888 2636 903 2661 6
916 2638 1031 2671 Matth.
1054 2648 1102 2680 ιι,
1121 2637 1175 2682 39,
1194 2637 1248 2681 40.
1270 2656 1312 2662 -
1330 2646 1344 2672 7
1368 2650 1380 2671 1
1403 2640 1477 2672 Cor.
1497 2650 1553 2682 xv,
1571 2638 1629 2680 52,

1869 2642 1881 2992 ἒ

1866 3000 1875 3195 3'

1863 3185 1873 3339 3
