1926 3339
476 335 554 370 100
909 341 941 366 s.
978 337 1208 364 Acouszrmr
1241 334 1419 361 Episcom

467 405 662 464 negligis.
688 406 830 457 Quare
847 411 991 445 autem
1008 415 1123 444 amas
1153 399 1231 442 ista
1247 432 1258 452 ,
1284 397 1366 441 nisi
1387 397 1488 456 quia
1510 394 1693 455 pulchra
1715 399 1848 440 sunt?

467 480 651 521 Possunt
669 490 758 518 esse
780 484 868 517 tam
902 471 1084 531 pulchra
1100 505 1110 525 ‚
1145 484 1277 529 quam
1308 467 1382 512 ille
1402 484 1427 512 a
1460 483 1550 528 quo
1579 466 1693 511 facta
1718 469 1848 511 sunt?

466 546 633 592 Miraris
651 546 766 599 haec,
794 543 896 603 quia
913 541 1037 585 illum
1056 556 1146 584 non
1161 539 1281 584 vides
1306 558 1314 583 :
1341 537 1416 582 sed
1439 553 1515 598 per
1535 553 1585 582 ea
1602 553 1702 598 quae
1723 537 1849 581 mira-

465 619 521 661 ris
533 652 543 672 ‚
565 632 660 660 ama
677 629 808 675 quem
821 628 909 657 non
921 611 1056 656 vides.
1073 613 1298 669 Interroga
1315 618 1557 654 creaturam
1575 629 1587 666 ς
1602 609 1636 652 si
1658 624 1682 652 a
1703 623 1747 653 se
1760 607 1851 667 ipsa

468 696 554 741 est,
584 699 757 728 remane
786 684 832 727 in
863 681 936 726 illa
964 700 973 725 :
998 681 1032 725 si
1061 690 1204 725 autem
1227 680 1281 724 ab
1313 679 1389 724 illo
1418 688 1508 734 est,
1541 694 1631 723 non
1651 678 1710 722 ob
1732 677 1852 722 aliud

467 755 704 815 perniciosa
741 762 804 797 est
840 752 1018 796 amatori
1036 786 1046 806 ,
1076 750 1156 795 nisi
1193 750 1295 811 quia
1330 749 1602 809 praeponitur
1638 748 1848 794 Creatori.

467 829 609 879 Quare
635 826 720 869 boc
748 824 865 868 dixi?
893 827 1075 883 Propter
1103 838 1275 866 versum
1306 822 1437 866 istum
1455 857 1466 876 ‚
1490 820 1658 866 fratres.
1688 820 1852 865 Mortui

467 913 569 955 ergo
588 905 738 951 erant,
764 896 838 956 qui
860 904 1090 955 propterea
1114 897 1254 939 Deum
1275 892 1479 938 colebant
1498 927 1509 947 ‚
1535 901 1585 937 ut
1606 892 1665 935 eis
1697 907 1853 936 secun-

464 967 572 1012 dum
592 981 768 1011 earnem
781 966 893 1008 bene
910 973 1044 1009 esset:
1068 983 1088 1006 «
1108 966 1265 1023 Sapere
1285 963 1400 1007 enim
1414 962 1656 1007 secundum
1677 977 1854 1006 carnem

469 1056 490 1080 »
512 1052 626 1081 mors
645 1037 750 1080 est¹:
772 1053 792 1076 »
810 1044 853 1079 et
866 1035 1028 1079 mortui
1038 1043 1140 1078 sunt
1154 1033 1230 1094 qui
1251 1049 1341 1078 non
1358 1037 1499 1078 Deum
1523 1032 1653 1091 gratis
1675 1031 1853 1087 colunt,

467 1107 512 1151 id
528 1116 613 1161 est,
638 1106 742 1166 quia
758 1105 848 1164 ipse
867 1105 1009 1149 bonus
1031 1113 1120 1159 est,
1145 1119 1235 1148 non
1257 1104 1360 1164 quia
1379 1103 1454 1147 dat
1476 1102 1578 1147 talia
1600 1102 1738 1156 bona,
1755 1117 1855 1163 quae

468 1177 543 1222 dat
573 1186 616 1220 et
646 1192 736 1220 non
769 1176 910 1220 bonis.
944 1176 1179 1220 Pecuniam
1200 1174 1264 1219 vis
1286 1191 1310 1218 a
1333 1175 1452 1219 Deo?
1486 1173 1628 1218 Habet
1656 1181 1699 1216 et
1725 1171 1851 1217 latro.

470 1250 670 1303 Uxorem,
686 1247 1019 1292 foecunditatem
1042 1244 1232 1290 filiorum
1250 1281 1260 1301 ,
1281 1244 1465 1290 salutem
1482 1244 1673 1304 corporis
1685 1279 1695 1299 ‚
1713 1243 1858 1301 digni-

469 1327 601 1362 tatem
619 1317 765 1362 saeculi
780 1353 791 1373 ⁷
815 1316 991 1361 attende
1013 1333 1147 1377 quam
1177 1316 1305 1361 multi
1330 1314 1433 1360 mali
1454 1316 1634 1359 habent.
1670 1317 1764 1359 Hoc
1795 1323 1860 1358 est

467 1400 611 1435 totum
632 1399 809 1449 propter
830 1388 952 1450 quod
981 1405 1080 1432 eum
1102 1388 1237 1433 eolis?
1255 1388 1486 1434 Nutabunt
1508 1387 1640 1446 pedes
1661 1386 1752 1442 tui,
1775 1402 1860 1446 pu-

469 1461 581 1505 tabis
598 1470 640 1504 te
663 1461 753 1503 sine
776 1476 903 1504 causa
918 1458 1056 1504 colere
1068 1495 1078 1514 ‚
1097 1459 1274 1519 quando
1291 1459 1338 1502 in
1359 1459 1418 1502 eis
1434 1457 1554 1503 vides
1570 1458 1651 1502 ista
1668 1457 1745 1518 qui
1758 1472 1859 1501 eum

467 1546 558 1575 non
579 1530 772 1575 colunt2.
809 1532 925 1587 Ergo
947 1529 1027 1574 ista
1056 1529 1131 1573 dat
1152 1530 1298 1573 omnia
1319 1529 1449 1573 etiam
1471 1528 1592 1572 malis
1609 1563 1620 1583 ,
1653 1543 1697 1572 se
1718 1527 1860 1572 solum

469 1610 609 1646 servat
636 1599 776 1644 bonis.
809 1619 829 1641 «
851 1599 1098 1643 Vivifieabis
1127 1615 1204 1643 nos
1234 1618 1243 1643 :
1269 1618 1289 1640 »
1327 1614 1429 1643 nam
1462 1599 1624 1642 mortui
1654 1613 1825 1642 eramus
1847 1632 1858 1653 ‚

471 1671 649 1732 quaudo
689 1670 868 1714 terrenis
904 1670 1032 1713 rebus
1065 1669 1384 1714 inhaerebamus
1410 1690 1420 1727 3
1460 1669 1623 1714 mortui
1662 1685 1831 1713 eramus
1847 1703 1859 1724 ‚

471 1742 648 1804 quando
673 1741 1032 1786 terrenihominis
1051 1741 1284 1800 imaginem
1305 1741 1602 1800 portabamus.
1628 1759 1648 1782 «
1663 1741 1866 1785 Vivifica-

475 1832 496 1855 >›
531 1813 598 1856 bis
620 1828 698 1856 nos
717 1831 726 1856 ·.
756 1833 773 1853 »
799 1811 1026 1856 innovabis
1044 1827 1121 1856 nos
1137 1847 1148 1866 ,
1165 1812 1300 1855 vitam
1316 1811 1530 1855 interioris
1542 1811 1728 1855 hominis
1741 1810 1864 1856 dabis

473 1883 615 1928 nobis.
647 1901 667 1925 «
688 1886 745 1927 Et
759 1898 921 1926 nomen
943 1892 1069 1926 tuum
1092 1882 1390 1927 invocabimus
1408 1901 1416 1926 :
1445 1900 1464 1923 »
1483 1881 1527 1926 id
1544 1891 1629 1937 est,
1649 1891 1692 1926 te
1705 1881 1863 1942 dilige-

474 1970 583 1999 mus.
613 1957 677 1997 Tu
699 1953 822 1997 nobis
840 1952 978 1997 dulcis
1000 1953 1081 1996 eris
1097 1953 1294 1997 remissor
1305 1962 1581 2013 peccatorum
1592 1961 1860 2008 nostrorum⁷

475 2037 525 2071 tu
556 2026 638 2069 eris
680 2035 821 2070 totum
858 2025 1088 2084 praemium
1117 2024 1469 2085 justificatorum.
1496 2023 1719 2068 «Domine
1749 2026 1864 2068 Deus

478 2116 499 2140 »
534 2097 748 2141 virtutum
761 2106 966 2141 converte
988 2112 1088 2152 nos,
1113 2104 1156 2139 et
1177 2095 1355 2141 ostende
1367 2093 1523 2140 faciem
1536 2103 1679 2151 tuam,
1696 2104 1739 2140 et
1757 2094 1865 2141 salvi

481 2187 502 2210 »
538 2169 699 2212 erimus
715 2169 748 2211 3.
774 2186 794 2209 ))

528 2270 537 2288 ¹
559 2267 651 2297 Rom.
673 2274 740 2305 vin,
759 2263 792 2296 6.
813 2280 855 2286 —
874 2269 887 2287 ²
907 2262 986 2295 I‘sal.
1008 2273 1102 2304 Lxxu,
1121 2271 1152 2296 2.
1175 2279 1216 2287 -—
1235 2261 1507 2304 31d.u‹x1x‚20.
