1926 3339
219 335 461 362 ENARRATro
494 336 509 360 1
540 335 585 361 m
619 333 822 360 PsALMUM
854 333 1079 370 Lxxxvm,
1115 332 1253 361 SERMO
1285 337 1314 361 1.
1380 324 1465 362 259

72 414 209 458 ¹supra
227 398 274 443 id
299 398 421 459 quod
437 398 612 458 potestis
626 399 655 440 ¹.
674 398 786 451 Quia
801 412 904 456 ergo
920 395 1061 440 fidelis
1078 406 1162 454 est3
1186 397 1263 457 qui
1284 413 1375 442 non
1391 415 1468 444 vos

79 469 181 514 sinit
201 469 361 514 tentari
377 484 506 529 supra
527 468 572 513 id
592 467 714 529 quod
736 468 941 528 potestis:
966 470 1172 513 «Motum
1195 462 1340 512 autem
1359 470 1466 514 fluc-

81 558 104 582 π
137 549 265 585 tuum
284 541 374 601 ejus
396 549 446 584 tu
466 539 653 599 mitigas.
677 557 698 581 »

137 613 219 655 XI.
253 611 452 671 Denique
487 619 538 655 ut
570 609 814 671 placaretur
833 623 975 665 mare,
1005 610 1093 654 imo
1115 618 1166 654 ut
1187 611 1467 654 enervaretur

81 681 219 726 rabies
243 682 391 738 maris,
416 680 526 742 quid
539 682 583 725 in
599 681 693 742 ipso
715 681 824 725 mari
845 679 1010 725 fecisti?
1026 700 1047 723 «
1064 684 1129 725 Tu
1151 680 1393 726 humiliasti
1409 680 1467 724 si-

84 770 105 794 n
139 761 215 797 cut
248 751 526 797 vulneratum
558 753 798 813 superbum
816 756 849 796 ².
875 770 907 794 -»
946 755 1003 797 Et
1033 751 1214 812 quidam
1253 752 1467 812 superbus

81 822 213 868 draco
232 823 280 867 in
302 824 412 868 mari
433 845 444 883 3
471 824 526 868 de
548 839 638 884 quo
668 823 750 868 alia
776 823 998 883 Scriptura
1019 823 1125 867 dicit
1144 843 1161 868 »ε
1197 843 1217 866 «
1241 823 1466 868 Mandabo

82 894 106 936 '»
140 892 319 939 draconi
340 895 401 938 ibi
433 903 483 939 ut
512 894 710 938 mordeat
736 909 837 938 eum
855 895 897 938 3:
924 911 945 934 »
970 902 1034 937 est
1055 893 1187 938 draco
1209 893 1264 937 de
1288 910 1377 954 quo
1399 893 1470 937 di-

80 965 194 1011 citur
221 985 231 1011 ε
268 985 290 1009 «
315 969 454 1011 Draco
486 962 557 1010 hic
584 981 718 1026 quem
744 965 907 1011 finxisti
930 965 986 1010 ad
1014 964 1292 1009 illudendum
1314 966 1353 1008 ei
1372 967 1418 1010 4:
1446 983 1467 1007 »

82 1038 206 1098 cujus
225 1046 358 1097 caput
377 1037 591 1082 contundi
607 1037 744 1098 super⁴
757 1043 946 1098 aquam.v
963 1056 981 1079 «
1010 1040 1076 1081 Tu
1096 1073 1107 1092 ‚
1133 1037 1298 1097 inquit,
1322 1038 1473 1082 humi-

83 1115 108 1151 ‘n'
141 1108 251 1154 liasti
275 1109 387 1154 sicut
415 1109 693 1154 vulneratum
715 1110 969 1169 superbum.
999 1128 1020 1152 >,>
1043 1110 1294 1155 'Humiliasti
1315 1119 1388 1165 te‚·
1429 1118 1473 1154 et

83 1180 423 1225 humiliatusest
443 1180 672 1241 superbus.
711 1181 934 1241 Superbus
957 1182 1073 1225 enim
1109 1197 1187 1241 per
1224 1181 1473 1241 superbiam

85 1253 293 1312 superbos
316 1253 518 1297 tenebat:
535 1253 788 1298 humiliatus
807 1262 870 1297 est
892 1255 1100 1313 magnus,
1125 1253 1306 1299 credens
1329 1264 1478 1299 autem

85 1324 131 1368 in
159 1339 260 1368 eum
286 1323 425 1368 factus
446 1333 510 1368 est
536 1339 710 1384 parvus.
736 1327 852 1369 Dum
875 1325 1069 1369 nutritur
1090 1341 1249 1385 parvus
1272 1325 1472 1386 exemplo

86 1395 233 1453 magni
254 1395 359 1439 facti
384 1396 526 1456 parvi,
553 1395 742 1456 perdidit
767 1394 1090 1456 quodtenebat
1113 1395 1313 1441 diabolus
1337 1415 1347 1441 z
1373 1397 1476 1456 quia

87 1465 301 1525 superbus
323 1466 496 1510 nonnisi
517 1466 727 1526 superbos
747 1467 938 1527 tenebat.
966 1469 1076 1511 Dato
1093 1476 1216 1512 tanto
1238 1461 1477 1511 humilitati

82 1535 286 1596 exemplo
301 1572 312 1591 ‚
338 1535 588 1581 didicerunt
610 1537 809 1581 homines
825 1537 1034 1591 damnare
1053 1538 1303 1597 superbiam
1323 1554 1445 1583 suam
1462 1573 1474 1593 ,

88 1598 248 1651 imitari
264 1606 558 1651 humilitatem
570 1607 859 1670 Dei.Ivta1ergo
873 1607 1195 1668 ille-perdendo
1217 1626 1327 1671 quos
1349 1619 1475 1654 tene-

88 1677 193 1734 bat,
215 1678 345 1722 etiam
371 1678 463 1738 ipse
483 1677 738 1723 humiliatus
760 1687 851 1736 est3
876 1693 970 1724 non·
983 1689 1201 1724 correctus
1221 1716 1231 1734 ‚
1257 1680 1479 1741 sed'pros-

88 1757 243 1794 tratus.
262 1752 373 1797 «Tu
393 1748 631 1794 humiliasti
648 1750 758 1794 sicut
778 1750 1059 1795 vulnera-tum
1082 1752 1336 1811 superbum.
1356 1770 1376 1793 »
1390 1755 1484 1796 Hu-

90 1820 284 1865 miliatus
302 1831 361 1865 -es
377 1856 389 1876 ,
423 1829 467 1864 et
487 1820 726 1865 humiliasti
742 1842 754 1879 3
771 1820 1030 1866 ¹'vulneratus
1066 1838 1110 1867 es
1145 1833 1188 1867 et
1210 1823 1448 1867 vulnerasti
1470 1843 1479 1868 :

93 1902 243 1952 neque
260 1890 377 1935 enim
398 1906 497 1935 eum
530 1906 621 1935 non
642 1892 892 1954 vulneraret
913 1894 1087 1952 sanguis
1111 1903 1212 1938 tuus
1227 1930 1238 1949 ,
1263 1895 1341 1955 qui
1362 1894 1484 1939 fusus

94 1973 174 2020 est,
199 1973 251 2008 ut
270 1963 436 2008 deleret
451 1963 792 2023 chirographum
813 1974 1108 2024 peccatorum.
1124 1966 1251 2010 Unde
1272 1966 1390 2010 enim
1411 1981 1485 2010 su-

94 2033 324 2094 perbiebat
338 2069 349 2088 ‚
375 2034 454 2078 nisi
476 2034 579 2094 quia
599 2035 846 2079 cautionem
867 2044 1019 2080 contra
1036 2051 1114 2080 nos
1134 2028 1341 2080 tenebat?
1366 2039 1488 2080 Hanc

86 2114 146 2149 tu*
166 2105 430 2160 cautionem,
448 2104 895 2165 hoc‘Ehirographum
912 2114 993 2150 tuo
1013 2106 1224 2164 sanguine
1237 2106 1432 2151 delevisti
1446 2109 1483 2151 ⁵:

96 2175 224 2221 illum
244 2191 349 2234 ergo
369 2174 621 2231 vulnerasti,
644 2177 715 2220 cui
732 2185 798 2220 tot
815 2176 1045 2220 abstulisti.
1058 2176 1348 2221 Vulneratum
1372 2178 1489 2221 enim

95 2245 312 2306 intelligas
329 2245 577 2302 diabolum⁷
602 2262 693 2292 non
714 2255 939 2306 penetrata
963 2262 1115 2303 carne,
1143 2263 1277 2307 quam
1299 2263 1389 2292 non
1405 2248 1487 2293 ha-

59 2346 62 2347 ⁷
88 2317 175 2362 ”bet
191 2339 202 2375 3
221 2317 298 2362 sed
315 2332 516 2377 percusso
534 2317 667 2362 corde
680 2353 691 2373 ,
716 2318 794 2362 ubi
815 2318 1026 2376 superbus
1043 2327 1122 2362 est.
1142 2336 1162 2360 «
1177 2321 1234 2363 Et
1247 2319 1294 2362 in
1310 2319 1490 2364 brachio

89 2402 126 2430 ι»
157 2378 331 2433 virtutis
354 2397 442 2432 tuae
463 2386 698 2448 dispersisti
713 2389 911 2433 inimicos
932 2398 1047 2433 tuos.
1071 2407 1092 2430 »

92 2489 94 2491 -
159 2460 263 2502 XII.
289 2477 310 2501 «
330 2458 412 2502 Tui
433 2467 535 2501 sunt
554 2457 680 2514 coeli,
705 2468 749 2503 et
768 2468 843 2503 tua
861 2468 925 2503 est
942 2468 1058 2502 terra
1071 2460 1103 2502 ⁶.
1132 2476 1153 2499 ³>
1179 2462 1217 2503 Α
1234 2468 1278 2503 te
1298 2459 1487 2519 pluunt,

102 2543 232 2591 super
251 2539 375 2574 tuam
395 2530 572 2590 pluunt.
596 2549 618 2572 «
633 2531 714 2574 Tui
731 2540 834 2575 sunt
855 2530 974 2585 coeli,
996 2545 1108 2589 »per
1124 2545 1235 2590 quos
1257 2531 1492 2589 praediCata

89 2624 96 2633 ³
138 2623 170 2649 ’Υ
197 2638 209 2658 1
239 2627 312 2658 Cor.
332 2637 350 2657 x
367 2651 376 2667 ‚
401 2626 451 2658 13.
472 2643 513 2647 —
536 2633 550 2648 2
577 2626 657 2657 Psal.
678 2633 837 2667 Lxxxvssr,
861 2638 911 2657 11.
934 2643 974 2648 —-
996 2624 1011 2648 3
1031 2628 1136 2658 Amos.
1174 2637 1219 2667 με,
1251 2626 1281 2658 3.
1304 2644 1344 2649 -
1369 2626 1384 2656 4
1412 2628 1493 2660 Psat.

107 2691 175 2723 em,
195 2682 250 2714 26.
282 2697 324 2704 —-
341 2679 359 2704 5
374 2681 492 2714 coloss.
514 2692 552 2722 1¹,-
581 2679 631 2722 ¹4·
653 2696 692 2703 a
710 2679 725 2706 6
740 2681 822 2713 Psal.
849 2691 1002 2721 mxxvitl,
1028 2690 1076 2712 εἰ.

1222 2739 1283 2773 1ἶ,
