1926 3339
418 315 662 347 Ermum-1³10
694 319 740 346 m
771 318 975 347 PSALMUM
1007 321 1124 348 xmx.
1363 314 1445 354 507

63 385 217 429 absens
246 402 255 428 :
280 397 333 426 ex
354 382 528 427 duobus
545 398 635 427 uno
656 381 754 427 loco
776 384 1004 440 stantibus,
1021 399 1135 430 unus
1156 395 1220 430 θεῖ
1241 402 1443 446 praesens,

61 454 169 500 alius
185 454 366 511 absens3
391 469 480 497 non
504 453 634 497 rebus
657 453 758 512 ipsis
779 454 834 498 ad
857 453 1041 499 alterum
1064 455 1370 502 accedentibus
1405 469 1447 503 et

60 526 116 571 ab
137 525 272 570 altero
294 524 614 579 recedentibus,
641 525 715 569 sed
732 535 910 585 propter
932 525 1325 571 dissimilitudinem
1349 544 1448 572 ocu-

57 597 202 642 lorum
222 610 416 641 suorum.
439 595 518 639 Ille
537 596 612 655 qui
633 612 773 640 caecus
797 597 972 652 dicitur,
998 598 1101 657 quia
1119 597 1357 642 extinctum
1385 608 1449 643 est

58 667 117 711 ibi
142 665 263 727 quod
285 666 601 726 contemperari
623 666 732 710 solet
761 667 856 712 luci·
872 676 1027 711 cuncta
1045 668 1262 723 vestienti,
1289 668 1447 713 frustra

57 746 122 782 est
152 753 342 797 praesens
383 737 515 781 rebus
560 753 666 798 quas
698 753 788 782 non
816 738 962 796 videt3
987 738 1075 783 imo
1109 740 1266 783 rectius
1294 740 1447 784 absens

57 824 190 870 quam
222 824 412 868 praesens
443 809 604 853 dicitur
641 827 650 853 ε
681 809 759 853 ubi
785 810 901 853 enim
929 825 1019 854 non
1049 819 1113 854 est
1144 825 1292 855 sensus
1324 813 1443 871 ejus,

56 888 174 924 recte
195 878 356 924 dicitur
379 879 560 935 absens3
596 880 680 923 hoc
708 888 772 924 est
793 880 908 924 enim
929 881 1153 924 absentem
1182 896 1293 936 esse,
1319 897 1447 926 sensu

57 949 221 994 abesse.
252 949 319 993 Sic
351 958 394 993 et
430 952 545 993 Deus
573 949 738 1009 ubique
781 965 968 1008 praesens
1000 960 1079 1004 est,
1124 950 1288 1010 ubique
1312 960 1442 995 totus.

61 1040 81 1063 «
119 1021 334 1080 Sapientia
355 1022 446 1081 ejus
465 1021 637 1078 attingit
659 1036 681 1064 a
702 1022 789 1065 fine
810 1037 949 1082 usque
971 1021 1027 1065 ad
1048 1022 1179 1065 finem
1200 1020 1381 1066 fortiten
1404 1031 1448 1066 θῖ

60 1109 80 1133 »
116 1091 308 1151 disponit
329 1092 473 1136 omnia
487 1092 744 1136 suaviter1.»
765 1092 891 1145 Quod
905 1102 1051 1137 autem
1066 1096 1180 1136 Deus
1204 1096 1345 1147 Pater,
1363 1093 1447 1137 hoc

55 1164 251 1207 Verbum
275 1165 364 1223 ejus
378 1172 420 1207 et
441 1164 657 1222 Sapientia
681 1164 787 1224 ejus⁷
809 1163 885 1208 lux
906 1164 961 1207 de
983 1163 1096 1217 luce,
1122 1167 1237 1207 Deus
1260 1163 1314 1207 de
1338 1167 1441 1208 Deo.

56 1233 172 1288 Quid
195 1249 299 1292 ergo
326 1243 448 1293 optas
475 1233 653 1277 videre?
675 1237 771 1279 Non
795 1245 858 1279 est
888 1251 910 1279 a
933 1244 975 1279 te
998 1235 1127 1293 longe
1151 1234 1270 1294 quod
1294 1235 1356 1278 vis
1381 1235 1447 1278 vi-

55 1304 172 1349 dere.
200 1305 434 1365 Apostolus
456 1304 561 1349 dicit
581 1304 786 1364 equidem
805 1321 894 1349 non
908 1304 1038 1364 longe
1056 1305 1245 1364 positum
1264 1305 1318 1349 ab
1335 1321 1448 1349 uno-

56 1392 234 1436 quoque
256 1385 453 1420 nostrum
476 1395 483 1419 :
509 1395 529 1418 «
544 1379 594 1420 In
619 1376 711 1434 ipso
729 1376 846 1420 enim
868 1376 1053 1420 vivimus
1073 1385 1116 1419 et
1147 1391 1373 1420 movemur
1403 1386 1448 1420 et

58 1466 79 1489 »
115 1451 334 1492 sumus2.»
361 1452 530 1501 Quanta
547 1464 651 1507 ergo
668 1447 837 1492 miseria
861 1457 940 1503 est,
962 1447 1090 1506 longe
1110 1462 1200 1491 esse
1217 1447 1272 1491 ab
1295 1462 1346 1491 eo
1369 1446 1445 1506 qui

56 1518 225 1578 ubique
246 1520 339 1562 est?
1159 1525 1161 1528 ⁴

114 1591 192 1633 VI.
219 1591 325 1632 Esto
353 1603 456 1646 ergo
480 1587 629 1632 similis
647 1590 832 1647 pietate,
864 1596 908 1631 et
936 1587 1119 1646 diligens
1147 1587 1410 1646 cogitatione
1434 1606 1443 1630 :

61 1679 80 1703 «
116 1660 336 1714 Quoniam
349 1659 581 1704 invisibilia
599 1661 689 1719 ejus
702 1674 780 1719 per
793 1674 843 1702 ea
865 1673 965 1718 quae
987 1657 1100 1702 facta
1115 1667 1217 1702 sunt
1228 1657 1448 1702 intellecta

59 1749 80 1773 )›
116 1731 447 1790 conspiciuntur
469 1732 500 1775 3„
536 1748 556 1771 »
582 1733 643 1774 Ea
664 1745 764 1790 quae
786 1728 898 1773 facta
922 1738 1024 1773 sunt
1045 1729 1233 1784 intuere,
1265 1728 1444 1783 mirare,

53 1818 201 1863 quaere
229 1812 466 1847 auctorem.
500 1801 542 1847 Si
571 1800 788 1845 dissimilis
817 1801 893 1855 sis,
926 1800 1169 1860 repelleris3
1207 1800 1241 1844 si
1275 1800 1443 1854 similis,

54 1873 282 1918 exultabis.
310 1876 366 1917 Et
389 1888 489 1917 cum
519 1871 722 1916 accedere
745 1871 927 1931 coeperis
951 1871 1121 1925 similis,
1149 1880 1192 1915 et
1214 1872 1448 1930 persentis-

54 1961 150 1990 cere
160 1948 315 1999 Deum,
332 1953 547 2004 quantum
564 1944 609 1986 in
632 1953 675 1987 te
697 1943 883 1987 charitas
897 1943 1066 1996 crescit,
1085 1942 1185 2002 quia
1199 1951 1241 1985 et
1263 1941 1448 1985 charitas

56 2020 169 2061 Deus
182 2025 244 2060 est
260 2018 292 2071 4,
318 2016 474 2060 senties
495 2014 705 2075 quiddam
727 2013 848 2074 quod
870 2014 1061 2068 dicebas,
1083 2023 1126 2057 et
1141 2029 1230 2057 non
1255 2012 1443 2056 dicebas.

56 2092 171 2133 Ante
192 2088 306 2132 enim
332 2103 464 2148 quam
493 2087 670 2131 sentires
686 2123 696 2138 ,
722 2087 863 2130 dicere
896 2095 936 2129 te
962 2086 1147 2145 putabas
1184 2088 1321 2129 Deum
1343 2103 1351 2128 :
1377 2084 1447 2126 in-

56 2159 162 2219 cipis
185 2159 342 2203 sentire
357 2194 368 2212 ‚
385 2168 428 2202 et
448 2158 510 2201 ibi
526 2158 657 2201 sentis
679 2157 765 2201 dici
788 2173 877 2202 non
890 2172 1014 2215 posse
1027 2156 1147 2217 quod
1166 2155 1311 2200 sentis.
1335 2157 1448 2199 Cum

56 2239 200 2274 autem
217 2229 277 2273 ibi
293 2228 494 2273 didiceris
505 2227 590 2272 dici
605 2244 693 2272 non
706 2243 830 2287 posse
846 2226 968 2287 quod
989 2227 1136 2281 sentis,
1163 2225 1340 2278 tacebis,
1359 2239 1447 2268 non

55 2299 286 2344 laudabis?
308 2302 422 2357 Ergo
446 2308 594 2342 mutus
621 2299 701 2342 eris
726 2299 770 2341 in
796 2297 1001 2341 laudibus
1020 2297 1118 2351 Dei,
1147 2306 1189 2339 et
1213 2295 1448 2354 gratiarum

57 2371 270 2415 actionem
294 2385 383 2413 non
405 2369 559 2413 reddes
581 2369 643 2424 ei,
669 2369 743 2429 qui
768 2368 908 2413 voluit
929 2384 973 2412 sc
994 2377 1148 2412 notum
1181 2366 1260 2409 tibi
1282 2365 1448 2409 facere?

59 2441 309 2496 Laudabas,
335 2456 436 2485 cum
464 2455 703 2500 quaereres3
739 2440 905 2494 silebis,
931 2455 1030 2483 cum
1054 2437 1293 2482 inveneris?
1316 2436 1448 2480 Nullo

59 2521 212 2572 pacto3
236 2527 325 2556 non
352 2511 433 2555 eris
455 2511 664 2568 ingratus.
692 2511 883 2555 Debetur
912 2510 1080 2563 honor,
1113 2508 1298 2551 debetur
1324 2521 1446 2549 reve-

59 2583 225 2638 rentia,
249 2581 433 2626 debetur
452 2597 609 2640 magna
633 2581 843 2625 laudatio.
868 2578 1057 2624 Attende
1080 2589 1121 2622 te
1139 2577 1215 2637 qui
1236 2577 1313 2631 sis,
1334 2586 1453 2619 terra-

108 2674 117 2690 ¹
142 2670 214 2709 Sap.
240 2678 314 2708 vm,
337 2679 364 2699 1.
389 2685 429 2690 -
454 2674 466 2689 ²
487 2670 556 2698 Act.
580 2677 647 2698 xvn
664 2691 672 2707 ,
692 2675 745 2706 27ς
767 2682 808 2687 -
833 2663 845 2687 3
871 2668 961 2696 Rom.
985 2676 1010 2701 ι,
1028 2672 1079 2694 ⁴20.
1099 2679 1139 2685 —
1164 2662 1177 2690 4
1203 2673 1214 2693 1
1233 2664 1326 2693 Joan.
1347 2671 1392 2702 iv,
1412 2660 1444 2691 8.
