1926 3339
409 260 651 292 ENARRA'HO
683 263 729 290 IN
760 261 965 290 PsALMUM
997 263 1157 291 LXXVII.
1404 257 1460 294 23

71 328 218 374 multis
240 328 431 388 populis.
466 327 604 372 Salvae
631 326 758 371 factae
789 336 891 371 sunt
920 327 1050 371 etiam
1080 327 1277 388 reliquiae
1308 330 1462 389 populi

68 399 213 444 illius.
239 400 464 444 Remansit
494 399 599 443 foris
631 398 800 457 ingrata
832 397 1097 454 multitudo,
1133 409 1177 443 et
1208 399 1458 445 claudicans

68 470 205 515 Jacob
237 469 412 514 femoris
446 469 681 514 latitudo&
719 468 926 513 Latitudo
949 469 1065 512 enim
1087 468 1261 514 femoris
1295 469 1458 514 intelli-

67 543 183 600 gitur
206 535 250 586 in
271 540 750 600 multitudinegcneris,
776 549 818 584 et
850 540 963 585 lacta
987 549 1052 584 cst
1077 540 1124 584 in
1154 541 1305 601 majori
1334 551 1456 601 parte

65 612 361 657 Israelitarum
388 602 517 656 turba
545 611 747 670 quaedam
771 627 880 655 vana
913 621 955 655 et
976 611 1205 671 insipiens,
1234 628 1334 672 quae
1368 628 1459 657 non

65 693 320 742 agnosceret
353 683 534 741 vestigia
565 683 727 727 Christi
763 683 809 725 in
845 683 983 742 aquis.
1031 701 1051 725 α
1089 681 1315 727 Deduxisti
1350 683 1462 728 sicut

67 771 89 795 ³>
125 769 228 798 oves
263 753 435 813 plebem
460 763 580 797 tuam
612 772 621 797 ε
655 771 675 794 »
701 761 744 796 et
778 768 865 796 non
889 761 932 796 te
961 762 1277 811 cognoverunt.
1321 756 1458 799 Tanta

63 840 160 869 cum
178 823 262 869 illis
284 824 399 869 bona
420 823 583 879 fecisti,
609 838 727 867 mare
749 822 951 879 divisisti,
976 823 1090 866 inter
1113 839 1246 883 aquas
1277 837 1354 883 per
1372 825 1456 868 ari-

63 895 164 940 dam
187 895 411 956 trajecisti,
432 893 742 954 persequentes
763 894 961 938 inimicos
989 894 1196 938 fluctibus
1220 894 1452 954 operuisti,

62 967 109 1011 in
135 965 305 1011 deserto
327 966 555 1025 egentibus
587 981 747 1009 manna
775 964 947 1025 pluisti,
980 964 1202 1010 deducens
1234 981 1306 1011 eos
1343 984 1363 1008 «
1401 969 1454 1010 In

63 1055 85 1080 »
119 1052 253 1082 manu
275 1037 416 1094 Moysi
433 1045 477 1081 et
505 1039 651 1081 Aaron
675 1055 683 1080 :
707 1054 727 1077 »
753 1045 797 1081 et
826 1034 1089 1095 expulerunt
1119 1045 1162 1080 te
1185 1053 1208 1081 a
1230 1052 1300 1093 se,
1336 1046 1388 1082 ut
1408 1037 1455 1081 in

59 1110 170 1153 mari
183 1117 293 1154 esset
311 1108 380 1153 via
402 1117 499 1163 tua,
525 1115 569 1151 et
584 1107 762 1165 vestigia
779 1116 855 1152 tua
873 1122 962 1152 non
975 1116 1300 1165 cognoscerent.

63 1265 954 1283 mmmmmmmmmmwmwwmmm
958 1264 1448 1284 WUWWMWMMMWRAM

556 1389 643 1437 EN
649 1381 965 1437 ARRATIO²

408 1527 469 1567 IN
512 1526 817 1569 PSALMUM
847 1526 1092 1567 LXXVII.

116 1674 154 1717 I.
183 1674 384 1716 PsALivms
401 1671 481 1716 iste
505 1686 554 1715 ea
576 1671 795 1727 continet,
820 1687 921 1732 quae
942 1671 989 1715 in
1008 1672 1146 1717 veteri
1167 1672 1335 1733 populo
1357 1681 1452 1717 acta

56 1742 552 1787 narranturzrecentior
584 1751 731 1786 autem
759 1751 803 1787 et
829 1743 1042 1802 posterior
1072 1742 1262 1803 populus
1294 1743 1449 1788 admo-

54 1822 204 1869 netur,
229 1822 279 1858 ut
296 1822 447 1858 caveat
467 1829 522 1857 ne
548 1813 603 1858 sit
621 1814 817 1873 ingratus
839 1813 1059 1858 beneficiis
1082 1814 1183 1870 Dei,
1207 1816 1387 1876 ejusque
1402 1815 1450 1859 in

53 1900 97 1930 se
119 1893 325 1944 provocet
345 1883 616 1929 iracundiam
630 1920 641 1940 ‚
671 1886 794 1945 cujus
816 1884 1074 1929 obedienter
1097 1895 1140 1930 et
1168 1885 1356 1931 fideliter
1376 1886 1450 1930 de-

51 1957 126 2002 bet
155 1957 373 2017 suscipere
407 1957 589 2015 gratiam
613 1975 622 2001 z
652 1976 673 1999 α
697 1959 761 2003 Ne
786 1957 918 2012 fiant,
958 1957 1129 2018 inquit,
1155 1958 1266 2002 sicut
1301 1967 1446 2018 patres

55 2046 76 2071 »
111 2044 263 2074 eorum
297 2027 519 2087 generatio
550 2042 681 2086 prava
716 2036 759 2071 et
787 2027 1053 2083 amaricans,
1093 2029 1314 2086 generatio
1346 2045 1448 2089 quae

55 2118 76 2142 »
110 2116 185 2145 cor
197 2115 287 2144 non
308 2098 462 2143 direxit
484 2114 635 2151 suum,
661 2107 704 2143 et
724 2114 815 2143 non
837 2108 901 2143 est
917 2098 1108 2143 creditus
1131 2115 1232 2144 cum
1249 2103 1341 2145 Deo
1363 2100 1446 2159 spi-

55 2189 77 2214 »
111 2171 218 2215 ritus
235 2171 327 2231 ejus
340 2171 372 2214 3.
396 2188 416 2211 i)
444 2172 549 2214 Haec
562 2178 626 2213 est
646 2169 781 2228 igitur
798 2169 959 2214 Psalmi
978 2170 1108 2230 hujus
1125 2169 1332 2228 intentio,
1351 2171 1456 2215 haec·

51 2243 216 2288 utilitas
232 2278 243 2298 ,
267 2242 338 2286 hic
361 2241 608 2286 uberrimus
629 2240 813 2286 fructus.
851 2241 938 2287 Sed
959 2257 1060 2286 cum
1087 2242 1233 2286 omnia
1262 2241 1445 2287 videan—

51 2325 124 2360 tur
144 2314 370 2375 perspicua
385 2323 428 2358 et
445 2322 593 2373 aperta
609 2312 696 2358 dici
718 2322 850 2373 atque
871 2315 1057 2370 narrari,
1075 2314 1278 2374 primitus
1297 2323 1445 2359 movet

51 2396 183 2447 atque
204 2387 394 2431 intentos
417 2384 523 2430 facit
544 2384 697 2430 titulus
725 2386 832 2446 ejus.
866 2388 1019 2446 Neque
1051 2386 1168 2430 enim
1191 2384 1350 2430 frustra
1372 2386 1443 2429 in-

52 2457 256 2502 scribitur
271 2492 282 2513 ,
320 2477 340 2500 «
378 2455 633 2501 Intellectus
655 2457 802 2516 Asaph
817 2456 833 2481 4
850 2475 861 2503 ε
881 2475 901 2498 »
927 2457 1009 2501 nisi
1031 2457 1133 2516 quia
1155 2456 1337 2502 fortasse
1359 2472 1450 2501 non

101 2562 111 2578 ¹
129 2557 207 2588 Gen.
235 2566 334 2596 xxxu,
350 2555 402 2588 31.
426 2571 468 2578 --
496 2561 510 2577 2
531 2554 661 2587 Dictata
678 2565 761 2587 anno
779 2554 897 2586 Christi
911 2553 990 2596 415,
1009 2565 1049 2587 ex
1063 2555 1162 2597 Epist.
1185 2566 1275 2587 crxlx
1293 2555 1332 2587 ad
1360 2557 1446 2586 Evo-

54 2612 140 2645 dium
164 2623 195 2644 n.
219 2623 246 2643 1.
270 2628 309 2635 —-
326 2610 339 2635 3
362 2611 441 2644 Psal.
462 2622 578 2653 mxvii,
596 2624 628 2654 9.
649 2628 689 2633 -
708 2609 724 2640 4
740 2610 823 2642 Ibid.
841 2623 870 2643 1.
