1926 3339
443 298 684 327 munna-mo
719 300 760 325 nv
796 299 994 325 ΡεΑιΜυΜ
1031 301 1144 327 xcix.
1388 293 1469 331 503

88 358 196 419 quid
222 358 354 404 modo
375 376 524 407 vocem
549 377 687 406 meam
710 361 832 406 audit
852 362 1049 406 universa
1069 366 1213 406 terra?
1237 367 1291 408 Et
1326 375 1469 411 tamen

87 430 200 474 hanc
220 445 373 475 vocem
401 430 567 475 audivit
595 432 790 476 universa
820 441 948 476 terra.
977 435 1071 476 Jam
1095 432 1256 492 jubilat
1287 438 1470 482 Domino

87 501 286 546 universa
309 511 450 559 terra,
472 511 515 546 et
532 519 631 563 quae
647 503 790 548 adhuc
813 519 901 548 non
916 503 1092 563 jubilat,
1113 502 1337 563 jubilabit.
1367 509 1471 550 Per-

87 571 270 616 tendens
287 572 403 616 enim
422 573 684 628 benedictio,
705 574 938 633 incipiente
960 573 1149 618 Ecclesia
1165 575 1219 618 ab
1234 576 1473 620 Jerusalem

89 658 166 702 per
184 658 334 687 omnes
358 655 506 702 gentes
523 648 552 699 ¹,
580 646 846 705 impietatem
876 645 1041 705 ubique
1064 646 1312 704 prosternit,
1334 647 1474 706 pieta-

86 723 175 757 tem
195 714 362 774 ubique
386 718 599 760 construit
623 737 630 761 :
662 727 705 761 et
728 717 849 760 mixti
872 726 972 760 sunt
995 716 1097 760 boni
1120 717 1242 760 malis
1263 752 1273 771 ,
1301 726 1343 761 et
1371 717 1474 762 mali

86 799 163 843 per
184 799 358 827 omnem
383 795 556 840 terram,
589 796 631 830 et
652 787 754 831 boni
781 802 857 845 per
879 802 1052 830 omnem
1077 795 1248 829 terram.
1277 790 1328 830 In
1350 787 1474 832 malis

86 865 331 899 murmurat
353 857 492 901 omnis
511 867 639 910 terra,
665 859 706 901 in
729 856 1026 918 bonisjubilat
1046 857 1184 901 omnis
1207 866 1335 901 terra.
1358 858 1476 911 Quid.

86 935 149 970 est
166 926 498 986 ergojubilare‘?
520 928 711 972 Multum
735 929 849 971 enim
873 944 949 971 nos
968 937 1154 971 attentos
1179 927 1279 971 facit
1316 928 1370 972 ad
1392 929 1475 973 hoc

86 997 271 1041 verbum
288 1008 330 1042 et
352 1000 574 1058 praesentis
591 999 748 1044 Psalmi
766 999 933 1053 titulus,
957 999 1057 1058 quia
1075 999 1326 1042 inscribitur
1342 1035 1353 1054 ,
1384 1019 1400 1039 «
1424 1003 1477 1043 In

89 1085 110 1109 »
144 1067 429 1113 confessione.
461 1069 616 1122 »Quid
647 1080 732 1123 est,
770 1071 814 1112 in
857 1068 1126 1113 confessione
1153 1069 1371 1125 jubilare?
1401 1072 1478 1113 Est

88 1137 262 1182 alterius
285 1138 512 1199 cujusdam
535 1139 693 1183 Psalmi
722 1140 934 1183 sententia
959 1140 1162 1183 dicentis:
1185 1158 1201 1179 c<
1220 1142 1376 1184 Beatus
1398 1155 1478 1199 po-

90 1229 110 1251 »
129 1210 259 1269 pulus
271 1211 347 1271 qui
360 1210 561 1269 intelligit
574 1211 945 1272 jt1bilati0nem2.»
960 1210 1161 1256 Profecto
1175 1227 1382 1270 magnum
1397 1211 1478 1255 ali-

87 1281 194 1342 quid
228 1291 313 1337 est,
344 1283 463 1343 quod
493 1283 766 1327 intellectum
797 1283 943 1327 beatos
982 1281 1098 1327 facit.
1135 1283 1343 1327 Dominus
1374 1298 1478 1341 ergo

87 1354 202 1396 Deus
224 1362 370 1397 noster
403 1353 674 1398 beatificator
703 1355 948 1408 hominum,
989 1353 1064 1397 det
1097 1353 1203 1397 mihi
1240 1352 1480 1411 intelligere

87 1423 209 1483 quod
230 1424 388 1479 dicam,
411 1425 486 1469 det
503 1425 625 1469 vobis
647 1424 892 1483 intelligere
914 1423 1033 1485 quod
1058 1424 1215 1469 auditis
1237 1444 1246 1468 :
1276 1443 1296 1466 «
1321 1427 1478 1468 Beatus

93 1514 110 1535 »
148 1494 338 1553 populus
360 1495 433 1555 qui
458 1494 664 1554 intelligit
701 1495 1032 1555 jubilationem.
1062 1513 1082 1535 »
1113 1497 1349 1539 Curramus
1378 1508 1480 1552 ergo

89 1565 145 1608 ad
178 1565 292 1609 hanc
324 1566 659 1620 beatitudinem,
697 1565 988 1624 intelligamus
1015 1565 1349 1625 jubilationem,
1390 1580 1481 1609 non

89 1652 184 1680 eam
207 1637 299 1698 sine
333 1636 561 1681 intellectu
583 1636 833 1680 fundamus.
869 1636 982 1689 Quid
1006 1652 1113 1696 opus
1136 1645 1199 1680 est
1217 1635 1403 1696 jubilare
1437 1644 1481 1679 et

90 1708 391 1767 obtemperare
412 1708 515 1751 huic
539 1707 711 1751 Psalmo
732 1708 896 1751 dicenti
916 1728 924 1752 ;
955 1727 973 1749 «
999 1710 1022 1751 J
1029 1707 1192 1751 ubilate
1220 1709 1324 1761 Deo,
1341 1706 1482 1750 omnis

93 1797 114 1820 »
148 1789 286 1833 terra,
316 1797 336 1820 »
362 1787 406 1822 et
423 1795 512 1822 non
533 1778 776 1836 intelligere
797 1777 1125 1838 jubilationem,
1150 1786 1201 1821 ut
1221 1793 1304 1821 vox
1334 1785 1481 1821 nostra

91 1850 180 1895 sola
197 1849 373 1910 jubilet,
400 1859 443 1894 et
465 1865 540 1894 cor
559 1865 647 1894 non
654 1848 841 1910 jubilet?
865 1851 1004 1894 Sonus
1027 1849 1144 1892 enim
1166 1848 1324 1902 cordis,
1349 1847 1481 1892 intel-

89 1921 228 1966 lectus
247 1929 325 1964 est.

151 1995 226 2036 IV.
277 1990 407 2045 Quod
430 1991 564 2034 nostis
586 1990 782 2035 dicturus
805 2005 916 2034 sum.
942 1990 1021 2044 Qui
1039 1988 1213 2049 jubilat,
1239 2004 1329 2033 non
1350 1987 1481 2032 verba

91 2064 222 2118 dicit,
251 2063 327 2106 sed
358 2078 488 2106 sonus
512 2062 690 2122 quidam
716 2071 778 2106 est
803 2062 964 2105 laetitiae
989 2061 1078 2104 sine
1102 2060 1245 2104 verbis
1280 2079 1287 2104 :
1311 2075 1396 2103 vox
1417 2067 1482 2103 est

92 2136 207 2179 enim
229 2134 360 2178 animi
382 2133 531 2177 diffusi
563 2133 729 2188 laetitia,
762 2143 978 2193 quantum
1001 2141 1169 2191 potest,
1207 2130 1482 2190 exprimentis

92 2206 298 2249 affectum
315 2240 326 2258 ,
351 2220 441 2247 non
464 2219 635 2247 sensum
666 2202 1089 2263 comprehendentis.
1117 2201 1320 2245 Gaudens
1347 2201 1481 2244 homo

92 2277 139 2320 in
160 2275 424 2320 exultatione
453 2291 551 2329 sua,
584 2291 634 2319 ex
654 2276 796 2319 verbis
823 2273 1084 2335 quibusdam
1119 2289 1218 2333 quae
1255 2288 1344 2316 non
1386 2286 1484 2330 pos-

93 2356 196 2392 sunt
212 2346 297 2390 dici
321 2346 577 2404 etintelligi,
603 2346 792 2405 erumpit
814 2346 857 2389 in
879 2360 1030 2389 vocem
1054 2343 1289 2405 quamdam
1309 2335 1481 2386 exulta·-

96 2418 223 2462 tionis
245 2417 336 2461 sine
350 2416 493 2459 verbis
522 2435 529 2460 :
551 2417 608 2460 ita
634 2426 682 2461 ut
704 2425 909 2475 appareat
931 2431 1030 2459 eum
1054 2415 1142 2474 ipsa
1165 2429 1272 2458 voce
1294 2410 1481 2470 gaudere

95 2488 291 2548 quidem,
316 2486 391 2531 sed
413 2487 534 2547 quasi
558 2486 771 2545 repletum
791 2487 926 2530 nimio
950 2485 1123 2543 gaudio,
1142 2501 1230 2528 non
1252 2499 1374 2543 posse
1390 2497 1484 2526 ver-

100 2559 163 2602 bis
186 2558 398 2617 explicare
423 2558 543 2618 quod
563 2558 737 2615 gaudet.
769 2556 1112 2601 Aniniadvertite
1146 2556 1227 2598 hoc
1253 2555 1298 2597 in
1329 2554 1386 2597 eis
1407 2553 1484 2613 qui

147 2650 154 2665 ¹
173 2645 246 2674 Luc.
270 2655 354 2682 xxiv,
374 2642 425 2683 ἴγ-
444 2660 484 2664 -——
508 2649 520 2663 ‘1
539 2642 614 2672 psal.
639 2653 775 2672 Lxxxvni
816 2642 853 2670 16
