1926 3339
0 0 16 264 l

0 347 3 360 )

0 319 384 422 leonteniplandi?
409 380 429 403 «
453 360 691 421 Apparebit
721 363 834 403 Deus
863 358 1043 403 deorum
1074 357 1120 400 in
1156 358 1272 401 Sion.
1299 361 1413 401 Deus

0 430 9 476 {⁴
36 453 54 475 »
89 433 294 488 deorum,
322 451 342 473 »
367 431 562 477 Christus
583 430 944 475 Christianorum.
970 426 1202 480 Quomodo
1219 461 1229 480 ‚
1259 446 1280 468 «
1304 432 1414 470 Deus

0 513 2 555 ὲ
33 521 55 545 >›
88 502 297 558 deorum,
325 520 345 542 »
376 501 573 547 Christus
606 500 985 545 Christianorum?
1010 517 1031 540 «
1056 501 1151 556 Ego
1185 496 1273 540 dixi
1304 511 1312 536 ε
1348 496 1416 539 Dii

33 588 54 616 >i
88 573 186 617 estis
202 607 213 627 ,
239 581 281 616 et
302 571 378 616 filii
400 571 607 616 Altissimi
631 572 821 615 omnes¹.
848 588 869 611 »
892 568 1019 612 Dedit
1047 568 1164 612 enim
1187 567 1247 611 eis
1268 575 1416 626 potes-

0 620 9 726 4
31 653 163 690 tatem
190 643 301 688 filios
330 643 402 687 Dei
428 644 551 687 fieri²
572 641 645 685 ille
674 642 718 685 iu
742 657 875 702 quem
908 639 1170 684 credidimus
1191 674 1202 694 ‚
1233 638 1417 698 pulcher

0 730 8 778 f
30 730 211 775 sponsus
226 749 236 769 ,
262 714 338 774 qui
358 714 430 758 hic
452 721 630 774 propter
652 710 974 756 deformitatem
997 719 1188 755 nostram
1210 707 1417 753 deformis

0 784 9 855 'l
31 785 245 845 apparuit.
281 804 301 827 «
327 785 433 837 Quia
460 785 649 829 vidimus
683 799 781 828 eum
799 818 810 838 ‚
846 783 1011 842 inquit,
1042 791 1085 825 et
1112 797 1202 826 non
1228 780 1420 824 habehat

0 862 9 917 ’ξ
33 875 54 899 »
89 856 276 916 speciem
309 870 452 915 neque
487 853 733 899 decorem³.
770 872 790 895 »
828 853 973 897 Finita
1009 852 1129 896 omni
1165 850 1418 894 necessitate

2 923 7 984 i
31 925 302 971 mortalitatis
320 961 330 981 ‚
357 925 482 969 sicuti
505 934 567 968 est
589 928 702 968 Deus
727 922 845 983 apud
877 926 1016 966 Deum
1034 957 1045 976 ‚
1070 922 1266 965 Verbum
1302 919 1420 979 apud

0 985 7 1067 l
32 1000 204 1042 Patrem
220 1031 231 1052 ‚
257 1012 335 1056 per
368 996 489 1055 quod
521 993 635 1038 facta
669 1003 770 1038 sunt
799 993 944 1039 omnia
962 1027 972 1047 ,
998 991 1224 1051 apparebit
1245 989 1420 1034 mundis

0 1071 7 1119 ί
32 1068 176 1113 corde.
203 1067 365 1110 «Beati
391 1066 506 1109 enim
530 1065 686 1109 mundi
703 1063 850 1119 corde,
878 1063 1085 1124 quoniam
1106 1062 1184 1122 ipsi
1199 1065 1337 1106 Deum
1361 1060 1422 1104 vi-

2 1143 7 1205 j
35 1156 57 1181 »
90 1137 261 1182 debunt
273 1138 305 1180 4.
324 1135 565 1196 Apparebit
587 1138 701 1180 Deus
723 1135 906 1180 deorum
928 1135 973 1178 in
998 1134 1115 1178 Sion.
1138 1150 1158 1173 >›

2 1208 6 1240 3
89 1211 193 1253 XII.
228 1210 286 1252 Et
314 1223 462 1252 rursus
497 1207 578 1251 iste
609 1222 632 1250 a
661 1206 923 1264 cogitatione
956 1203 1131 1248 illorum
1164 1202 1422 1260 gaudiorum

32 1280 145 1325 redit
166 1278 222 1323 ad
249 1278 430 1339 suspiria
451 1294 543 1323 sua.
569 1277 700 1322 Videt
721 1275 829 1336 quid
853 1274 1114 1336 praevenerit
1141 1289 1215 1333 spe
1232 1309 1243 1328 ‚
1279 1282 1321 1316 et
1346 1273 1423 1316 ubi

1 1345 6 1419 ξ
31 1350 174 1396 adhuc
211 1350 265 1394 sit
293 1365 355 1393 re.
393 1369 410 1390 «
438 1347 676 1408 Apparebit
707 1357 810 1391 tunc
841 1350 954 1390 Deus
978 1345 1161 1389 deorum
1187 1344 1232 1387 in
1257 1344 1373 1388 Sion.
1399 1361 1419 1383 »

32 1424 126 1467 Hoc
148 1430 212 1465 est
239 1420 358 1464 unde
387 1419 673 1479 gaudebimus
690 1453 701 1473 ⁷
737 1419 879 1478 ipsum
909 1418 954 1460 in
985 1415 1141 1460 saecula
1164 1413 1424 1458 saeculorum

1 1472 6 1551 l
36 1491 327 1537 laudabimus.
356 1489 441 1535 Sed
463 1490 608 1534 adhuc
625 1488 757 1533 modo
779 1498 950 1547 tempus
968 1497 1030 1531 est
1049 1484 1201 1531 orandi
1221 1520 1232 1540 ,
1255 1494 1425 1544 tempus

0 1556 6 1617 ξ
32 1562 318 1623 deprecandi3
334 1571 377 1606 et
399 1561 434 1605 si
455 1560 728 1621 aliquantum
745 1558 980 1618 gaudendi,
999 1557 1074 1602 sed
1098 1556 1242 1600 adhuc
1261 1557 1307 1599 in
1325 1571 1420 1614 spe:

0 1618 5 1692 l
36 1635 81 1679 in
101 1632 447 1694 peregrinatione
478 1647 649 1686 sumus,
683 1631 730 1674 in
757 1628 954 1674 convalle
982 1627 1235 1688 plorationis
1257 1641 1420 1670 sumus.

0 1693 5 1783 ἰ
33 1704 102 1751 Ad
120 1705 251 1765 hujus
270 1718 371 1762 ergo
392 1701 477 1747 loci
500 1702 709 1760 gemitum
725 1700 897 1745 rediens
920 1699 1048 1743 dicit:
1075 1697 1293 1742 «Domine
1311 1700 1425 1740 Deus

0 1785 5 1848 1
35 1794 58 1819 »
90 1776 328 1829 virtutum,
354 1772 509 1818 exaudi
525 1787 699 1832 precem
720 1786 862 1815 meam
877 1806 887 1825 ,
913 1769 1088 1814 auribus
1105 1768 1295 1828 percipe,
1313 1770 1427 1810 Deus

0 1849 5 1897 ῑ
38 1866 58 1889 »
92 1845 229 1890 Jacob
244 1847 276 1888 ⁵.
304 1863 325 1885 »
347 1845 455 1897 Quia
476 1852 519 1887 et
540 1842 684 1903 ipsum
707 1841 843 1886 Jacob
869 1839 1008 1885 fecisti
1034 1839 1088 1883 de
1116 1838 1252 1883 Jacob
1276 1837 1422 1881 Israel.

0 1901 5 1997 Ι
34 1916 250 1977 Apparuit
260 1916 377 1959 enim
392 1914 455 1959 illi
470 1917 600 1967 Deus,
618 1924 662 1958 et
674 1912 815 1958 dictus
832 1921 896 1956 est
911 1910 1059 1965 Israel,
1075 1910 1237 1954 Videns
1252 1908 1423 1952 Deumss.

0 2001 5 2025 ι
36 1987 152 2034 Audi
173 2002 277 2046 ergo
299 2001 395 2042 me,
425 1989 540 2030 Deus
575 1984 734 2039 Jacob,
769 1993 813 2027 et
842 1982 910 2027 fac
939 1998 1008 2026 me
1038 1980 1217 2025 Israel7.
1243 1977 1428 2033 Quando

0 2032 4 2122 l
37 2059 138 2103 fiam
160 2056 322 2102 Israel?
348 2076 368 2099 ‹<
392 2058 505 2110 Cum
520 2055 746 2115 apparebit
762 2057 876 2098 Deus
895 2052 1078 2097 deorum
1097 2051 1143 2095 in
1168 2050 1286 2095 Sion.
1311 2068 1332 2090 »

74 2131 222 2173 vXIII.
253 2147 275 2170 «
300 2131 523 2172 Protector
550 2134 695 2170 noster
729 2124 897 2184 aspice,
936 2126 1067 2167 Deus.
1093 2142 1110 2163 »
1150 2121 1240 2165 Sub
1273 2119 1429 2164 umbra

0 2178 5 2250 l
39 2199 207 2245 alarum
225 2209 401 2244 tuarum
424 2197 687 2258 sperabunt⁸
714 2216 723 2241 :
755 2194 855 2239 ideo
873 2229 883 2249 ,
913 2213 933 2236 «
960 2197 1185 2237 Protector
1202 2200 1348 2235 noster
1366 2206 1432 2233 as-

0 2257 5 2360 1
43 2288 64 2313 »
98 2270 214 2331 pice,
238 2273 368 2314 Deus.
402 2272 460 2313 Et
482 2268 644 2328 respice
665 2267 712 2310 in
733 2264 890 2310 faciem
913 2263 1072 2309 Christi
1094 2262 1173 2306 tui.
1199 2281 1218 2303 »
1243 2260 1430 2315 Quando

0 2397 4 2476 i

332 296 572 325 ENARnATlo
604 298 647 323 m
683 295 885 323 I‘SALMUM
918 294 1092 320 Lxxxur.
1332 285 1409 321 157

0 2367 4 2396 ἐ
42 2341 157 2384 enim
185 2356 276 2385 non
298 2339 471 2399 respicit
492 2339 538 2382 in
559 2336 714 2382 faciem
741 2335 904 2381 Christi
925 2334 992 2379 sui
1022 2333 1165 2377 Deus?
1195 2330 1313 2385 Quid
1338 2340 1401 2374 est
1418 2365 1428 2384 ‚

48 2429 69 2454 «
100 2411 282 2471 Respice
305 2410 353 2454 in
379 2409 535 2454 faciem
562 2408 722 2454 Christi
745 2407 839 2452 tui?
868 2426 886 2448 i>
916 2408 997 2449 Per
1019 2402 1174 2448 faciem
1195 2401 1432 2446 innotesci-

94 2532 102 2549 ¹
123 2526 202 2558 Psal.
223 2536 340 2566 Lxxn,
367 2525 400 2557 6.
431 2540 473 2547 —
493 2530 506 2546 ²
524 2525 615 2555 Joan.
636 2534 659 2565 1,
695 2531 746 2554 12.
769 2538 811 2543 —
834 2518 847 2542 3
877 2521 946 2552 lsai.
972 2529 1048 2560 5111,
1068 2527 1099 2550 2.
1120 2535 1162 2540 -
1182 2516 1197 2546 4
1216 2516 1331 2549 Matth.
1349 2527 1381 2556 v,
1400 2515 1432 2547 8.

0 2594 4 2620 ι
49 2599 90 2605 ·—
109 2580 123 2604 ⁵
149 2581 230 2614 Psal.
250 2592 382 2622 Lxxxur,
408 2592 440 2623 9.
470 2597 511 2603 —
536 2577 551 2603 ‘5
570 2581 652 2613 Gen.
673 2588 768 2617 xxxu,
792 2576 844 2609 28.
866 2592 908 2597 —
927 2582 940 2608 7
959 2574 1036 2607 Psal.
1064 2584 1198 2615 Lxxxm,
1219 2584 1270 2606 10.
1291 2589 1332 2594 -
1351 2570 1366 2593 Β
1385 2571 1433 2604 Μ.

0 2636 4 2684 f
51 2650 146 2680 xxxv,
166 2639 197 2670 8.
