1926 3339
481 326 564 364 382
905 337 938 362 s.
975 334 1205 363 AUGUSTINI
1238 337 1420 363 muscom

478 401 762 461 reprehende.
780 404 927 446 Movet
939 403 1007 446 te?
1024 402 1299 461 Compatitur
1314 401 1394 445 tibi
1409 409 1451 444 et
1468 400 1663 444 Psalmus
1680 435 1691 455 ,
1706 401 1863 461 quaerit

477 481 622 516 tecum
643 507 653 526 ,
699 487 788 516 non
816 471 918 532 quia
956 471 1090 515 nescit
1118 491 1126 515 :
1159 471 1233 515 sed
1255 471 1354 515 ideo
1376 480 1521 515 tecum
1558 470 1716 531 quaerit
1742 469 1864 530 quod

477 542 578 596 scit,
603 542 713 585 utin
730 541 1010 586 illoinvenias
1032 540 1153 601 quod
1175 541 1410 586 nesciebas.
1429 540 1660 594 Quomodo
1678 539 1866 601 quivult

477 611 664 672 aliquem
703 610 936 666 consolari,
977 611 1056 654 nisi
1093 611 1323 655 condoleat
1355 627 1456 656 cum
1482 611 1579 666 illo,
1616 626 1706 655 non
1739 609 1864 654 illum

474 683 613 741 erigit.
647 682 768 725 Prius
804 696 905 725 cum
927 680 1002 725 illo
1024 680 1167 736 dolet,
1209 691 1253 725 et
1274 682 1334 726 sic
1367 697 1469 725 eum
1492 682 1632 726 reficit
1665 695 1865 724 sermone

476 752 778 797 consolatorio.
803 751 845 796 Si
867 760 1011 795 autem
1034 752 1166 795 intret
1187 751 1243 795 ad
1264 751 1390 796 illum
1407 751 1550 796 ridens
1564 751 1731 796 luctum
1755 752 1861 811 ejus,
1914 746 1917 777 ¹*

475 840 565 868 non
607 823 711 867 facit
745 821 866 883 quod
905 822 1036 867 modo
1076 821 1239 867 lectum
1272 833 1370 879 est,
1403 823 1578 867 dicente
1607 821 1816 883 Apostolo
1851 841 1861 867 ε
1913 815 1918 831 '

478 913 498 936 »
533 894 732 939 Gaudere
769 908 870 937 cum
912 892 1225 952 gaudentibus,
1263 894 1366 938 flere
1397 910 1498 938 cum
1536 894 1747 938 flentibus
1777 895 1808 936 ¹.
1843 912 1861 934 »

477 968 593 1024 Ergo
619 973 669 1008 ut
690 965 876 1024 gaudeat
896 973 1040 1008 tecum
1058 1000 1068 1020 ,
1095 965 1213 1024 prius
1245 964 1322 1009 fles
1352 981 1452 1009 cum
1478 964 1579 1022 illo,
1603 963 1866 1010 contristaris
1913 964 1915 972 ⁴

477 1052 576 1080 cum
607 1035 711 1091 illo,
746 1045 795 1080 ut
835 1035 999 1080 reficias
1034 1051 1135 1080 eum
1176 1055 1185 1081 :
1222 1036 1282 1081 sic
1313 1046 1360 1081 et
1388 1035 1586 1080 Psalmus
1615 1045 1659 1080 et
1687 1035 1868 1096 Spiritus
1912 1040 1916 1090 3

476 1108 574 1163 Dei,
612 1108 764 1168 utique
794 1108 940 1152 omnia
971 1108 1140 1163 sciens,
1173 1107 1332 1168 quaerit
1370 1117 1537 1163 tecum,
1576 1106 1700 1168 quasi
1737 1106 1869 1151 verba
1912 1121 1915 1157 ,’

477 1188 551 1222 tua
585 1177 703 1222 dicit.
740 1198 759 1220 «
798 1181 1036 1239 Usquequo
1068 1188 1341 1238 peccatores,
1383 1179 1590 1234 Domine,
1640 1191 1870 1239 usquequo
1912 1171 1915 1218 ἶ

477 1268 496 1290 »
532 1258 779 1308 peccatores
799 1248 1126 1308 gloriabuntur,
1152 1248 1443 1308 respondent,
1469 1258 1512 1293 et
1524 1248 1763 1309 loquentur
1784 1247 1870 1291 ini-
1912 1271 1916 1309 3

480 1339 500 1361 »
535 1320 786 1381 quitatem,
833 1319 1071 1380 loquentur
1108 1335 1258 1364 omnes
1298 1321 1373 1380 qui
1417 1329 1656 1379 operantur
1699 1318 1871 1380 injusti·
1910 1336 1915 1385 ζ

481 1411 499 1432 »
535 1392 640 1436 tiam
659 1393 736 1432 2⁶3»
757 1389 873 1445 Quid
886 1390 1140 1452 loquentur,
1157 1391 1237 1435 nisi
1252 1400 1402 1435 contra
1416 1390 1671 1452 Deum,qui
1685 1389 1868 1434 dicunt:
1910 1395 1915 1446 ξ

478 1464 596 1518 Quid
618 1463 742 1508 nobis
760 1462 936 1523 prodest
963 1463 1065 1523 quia
1090 1463 1148 1507 sic
1169 1463 1384 1507 vivimus?
1414 1461 1531 1516 Quid
1553 1462 1754 1508 dieturus
1777 1462 1872 1506 est?
1899 1452 1914 1493 «Ι

479 1537 590 1578 Vere
619 1544 744 1579 curat
771 1534 850 1578 ista
883 1550 980 1594 quae
1016 1531 1199 1577 facimus
1231 1535 1376 1577 Deus?
1404 1533 1515 1586 Quia
1543 1532 1659 1576 enim
1691 1532 1868 1587 vivunt,

477 1615 636 1666 putant
669 1606 1000 1650 Deum'nescire
1028 1604 1150 1665 quod
1179 1603 1360 1648 faciunt.
1388 1604 1499 1648 Vide
1530 1603 1762 1664 quid'mali
1786 1601 1873 1646 illis

478 1679 701 1736 contingat
725 1693 735 1718 t
765 1677 868 1737 quia
896 1676 929 1720 si
957 1676 1234 1721 stationarius
1271 1676 1399 1720 sciret
1418 1680 1511 1731 (7),
1546 1684 1715 1718 teneret
1746 1673 1872 1732 illos,

479 1757 522 1792 et
542 1748 640 1793 ideo
658 1748 798 1792 vitant
819 1747 967 1792 oculos
985 1747 1221 1793 stationarii
1238 1782 1248 1802 ,
1265 1762 1320 1790 ne
1339 1746 1482 1790 statim
1499 1755 1741 1790 teneantur.
1755 1746 1869 1789 Ocu-

480 1822 543 1866 los
566 1820 680 1864 enim
711 1819 788 1863 Dei
810 1819 946 1862 vitare
974 1833 1104 1862 nemo
1121 1826 1264 1877 potest
1287 1837 1296 1861 ε
1318 1817 1420 1877 quia
1442 1833 1532 1861 non
1560 1815 1701 1861 solum
1722 1817 1767 1860 in
1787 1831 1869 1860 cu-
1908 1810 1912 1819 ¹

481 1891 629 1936 biculo
651 1890 798 1944 videt,
833 1888 907 1933 sed
930 1898 974 1933 et
995 1888 1147 1932 intima
1177 1887 1319 1932 cordis
1347 1888 1427 1932 tui.
1463 1889 1669 1946 Cogitant
1699 1896 1743 1931 et
1763 1887 1866 1947 ipsi,

482 1963 583 2024 quia
605 1960 713 2006 nihil
740 1968 882 2020 potest
903 1959 1038 2003 latere
1059 1962 1200 2003 Deum
1226 1978 1235 2003 :
1263 1967 1305 2002 et
1324 1958 1428 2019 quia
1453 1958 1642 2014 faciunt,
1668 1967 1712 2002 et
1730 1958 1872 2002 sciunt

481 2033 587 2094 quid
615 2032 840 2085 fecerunt,
872 2039 915 2074 et
936 2029 1088 2075 vident
1110 2045 1154 2074 se
1175 2029 1322 2074 vivere
1344 2030 1505 2074 sciente
1529 2033 1647 2085 Deo,
1677 2029 1754 2090 qui
1781 2043 1872 2073 non

480 2105 676 2150 viverent
693 2103 853 2147 sciente
874 2101 1148 2157 stationario,
1173 2100 1327 2145 dicunt
1341 2101 1443 2146 sibi:
1471 2100 1649 2146 Placent
1660 2101 1738 2144 ista
1757 2103 1869 2158 Deo,

482 2187 525 2221 et
548 2190 696 2220 revera
723 2174 757 2218 si
784 2172 847 2217 illi
869 2171 1148 2232 displicerent
1188 2171 1303 2216 facta
1329 2180 1474 2216 nostra
1490 2206 1501 2227 ,
1531 2170 1754 2232 quomodo
1782 2170 1874 2215 dis-

483 2247 646 2307 plicent
661 2244 906 2305 judicibus,
931 2242 1155 2303 quomodo
1173 2241 1404 2302 displicent
1422 2241 1597 2301 regibus
1617 2277 1628 2298 ,
1648 2241 1872 2303 quomodo

484 2317 715 2377 displicent
731 2314 1066 2374 imperatoribus
1077 2349 1088 2369 ,
1113 2322 1157 2357 ct
1171 2312 1394 2374 quomodo
1410 2312 1641 2373 displicent
1653 2328 1874 2358 commen-

484 2387 743 2433 tariensibus
765 2388 875 2443 (8),
907 2384 1126 2444 numquid
1160 2384 1383 2443 quomodo
1414 2382 1591 2428 illorum
1624 2382 1772 2428 oculos
1804 2382 1872 2428 vi-

483 2468 641 2511 tamus,
668 2457 802 2500 vitare
815 2470 1036 2515 possemus
1054 2453 1203 2498 oculos
1225 2454 1456 2512 Dei?Ergo
1479 2453 1653 2514 placent
1668 2455 1748 2498 ista
1763 2456 1868 2498 Deo.

488 2528 592 2573 Ideo
613 2529 658 2571 in
685 2525 769 2570 alio
801 2524 970 2569 Psalmo
991 2524 1209 2584 peccatori
1238 2523 1425 2569 dicitur:
1461 2543 1481 2566 «
1507 2527 1609 2568 Haec
1638 2522 1774 2569 fecisti
1793 2559 1804 2579 ,
1829 2531 1873 2567 et

490 2619 510 2642 »
545 2599 708 2644 tacui²z
741 2598 980 2657 suspicatus
998 2611 1043 2640 es
1068 2595 1341 2655 iniquitatem
1356 2630 1367 2651 ,
1399 2595 1521 2656 quod
1545 2611 1620 2640 ero
1642 2595 1722 2640 tibi
1754 2594 1873 2639 simi-

537 2691 544 2706 ¹
567 2687 656 2717 Rom.
674 2693 728 2724 xn,
751 2681 802 2714 15.
830 2697 870 2703 ——
887 2687 898 2703 ²
922 2680 1003 2712 Psal.
1026 2691 1116 2721 xcin,
1137 2678 1169 2720 3,
1186 2677 1218 2720 4
