1926 3339
431 314 672 342 ENARRATIO
704 315 747 341 IN
782 314 985 342 PsALMUM
1018 317 1132 342 xcix.
1377 309 1454 346 511

133 381 190 422 X.
214 378 432 438 Separabo
453 395 537 434 me,
557 379 700 439 inquit
717 378 870 438 aliquis
885 414 895 433 ,
915 395 1015 423 cum
1029 380 1176 438 paucis
1196 380 1341 436 bonis,
1362 399 1464 426 cum

75 449 158 494 illis
174 449 282 494 mihi
303 451 414 494 bene
432 451 527 494 erit.
547 453 654 496 Nam
675 449 785 494 nulli
802 449 1005 510 prodesse
1023 451 1206 510 impium
1224 461 1267 495 et
1289 453 1464 496 crudele

75 530 153 565 est.
172 523 284 573 >Non
320 535 390 564 me
422 521 506 566 hoc
533 521 683 566 docuit
715 522 925 566 Dominus
952 537 1088 566 meus.
1118 525 1216 567 Non
1244 521 1467 567 damnavit

74 606 246 636 servum
260 626 270 645 ,
289 591 367 651 qui
389 590 633 636 intervertit
649 592 770 652 quod
791 592 980 652 accepit,
1005 592 1080 636 sed
1103 593 1179 653 q-ni
1199 609 1288 637 non
1312 609 1466 652 eroga-

73 662 150 706 vit.
178 661 454 721 Intelligatur
467 678 598 725 poena
618 664 912 707 interversoris
926 680 976 707 ex
992 679 1123 722 poena
1140 664 1263 723 pigri.
1294 683 1313 705 «
1337 666 1466 709 Serve

77 750 97 774 »
133 748 324 792 nequam
352 742 395 777 et
428 733 570 792 piger,
604 753 624 774 »
655 734 715 778 ait
748 734 961 778 Dominus
992 732 1232 778 damnans:
1266 750 1353 778 non
1377 735 1462 788 ait,

75 803 361 846 Intervertisti
383 805 612 863 pecuniam
637 819 777 848 meam
797 824 806 849 z
832 820 920 848 non
946 803 1004 847 ait
1020 839 1031 858 ,
1056 803 1167 847 Dedi
1192 803 1286 858 tibi,
1310 813 1353 847 et
1375 819 1466 847 non

73 872 182 916 mihi
198 872 320 933 quod
333 872 436 917 dedi
454 874 675 933 integrum
694 873 919 918 reddidisti
943 893 950 916 :
970 874 1077 926 Quia
1094 889 1183 917 non
1198 873 1348 926 crevit,
1365 874 1466 933 quia

73 958 164 986 non
186 944 391 1002 erogasti,
416 943 540 999 inde,
566 945 730 1004 inquit,
759 954 799 988 te
821 944 999 1003 puniam
1018 946 1049 986 1.
1076 947 1241 987 Avarus
1266 953 1328 988 est
1352 947 1465 987 Deus

73 1012 221 1058 salutis
244 1023 416 1058 nostrae.
438 1017 552 1071 Ergo
569 1015 780 1073 separabo
798 1030 867 1058 me
884 1049 894 1069 ,
915 1014 1075 1074 inquit,
1101 1029 1201 1058 cum
1219 1014 1367 1073 paucis
1391 1014 1468 1059 bo·

72 1083 139 1127 nis
161 1103 170 1128 ι
191 1083 299 1144 quid
330 1084 437 1127 mihi
465 1093 529 1128 est
557 1084 769 1129 rationem
792 1085 954 1128 habere
983 1100 1082 1128 cum
1114 1085 1251 1128 turbis
1274 1085 1291 1124 ’Β
1318 1086 1464 1128 Bene:

67 1155 196 1214 pauci
217 1155 298 1214 ipsi
321 1155 448 1210 boni,
466 1155 521 1199 de
543 1157 702 1216 quibus
728 1156 867 1200 turbis
893 1165 994 1199 sunt
1015 1154 1195 1216 eliquati
1214 1157 1231 1199 Ρ
1256 1156 1297 1200 Si
1320 1165 1467 1199 tamen

64 1227 156 1286 jam
189 1226 270 1285 ipsi
298 1226 451 1285 pauci,
480 1243 630 1271 omnes
661 1228 796 1271 boni:
826 1236 973 1271 tamen
1005 1227 1119 1270 bona
1148 1226 1352 1285 cogitatio
1381 1227 1468 1269 hu-

69 1313 224 1351 mana,
257 1296 512 1352 laudabilis,
540 1314 630 1342 esse
653 1314 752 1342 cum
787 1297 948 1342 talibus
975 1299 1051 1358 qui
1083 1297 1309 1359 elegerunt
1337 1298 1469 1341 vitam

70 1368 261 1427 quietam
284 1389 294 1425 3
326 1369 481 1413 remoti
504 1385 527 1412 a
547 1369 739 1428 strepitu
762 1368 987 1428 populari,
1015 1385 1037 1411 a
1060 1369 1200 1411 turbis
1233 1368 1437 1428 inquietis
1456 1403 1465 1421 ,

71 1454 94 1482 a
124 1439 292 1497 magnis
315 1440 522 1483 fluctibus
552 1439 723 1493 saeculi,
749 1449 961 1499 tanquam
993 1439 1037 1482 in
1066 1448 1196 1498 portu
1227 1448 1342 1482 sunt.
1375 1441 1470 1481 Jam

71 1524 174 1568 ergo
193 1510 251 1553 ibi
274 1509 482 1569 gaudium
505 1509 747 1570 illud?jam
770 1510 830 1553 ibi
848 1508 1054 1570 jubilatio
1072 1508 1144 1552 illa
1168 1525 1267 1568 quae
1295 1508 1472 1567 promit-

70 1580 210 1624 titur?
242 1580 478 1636 Nondum,
503 1580 579 1624 sed
613 1580 757 1624 adhuc
796 1580 1007 1638 gemitus,
1046 1579 1190 1623 adhuc
1224 1578 1471 1623 sollicitudo

70 1650 378 1694 tentationum.
407 1651 551 1694 Habet
588 1650 704 1694 enim
742 1648 945 1694 alicunde
973 1657 1016 1692 et
1038 1659 1190 1709 portus
1213 1647 1380 1692 aditum
1404 1668 1413 1692 :
1438 1648 1471 1691 si

71 1729 222 1780 portus
245 1719 413 1764 aditum
435 1736 486 1764 ex
508 1719 629 1764 nulla
652 1729 774 1779 parte
798 1720 1000 1775 haberet,
1027 1718 1147 1763 nulla
1171 1719 1216 1762 in
1233 1734 1333 1762 eum
1351 1718 1472 1762 navis

71 1791 274 1848 intraret,
297 1800 470 1851 oportet
487 1806 590 1850 ergo
612 1799 662 1835 ut
674 1806 725 1834 ex
739 1789 883 1851 aliqua
903 1799 1024 1850 parte
1041 1798 1185 1849 pateat
1205 1808 1213 1833 :
1235 1787 1471 1848 aliquando

73 1870 219 1905 autem
247 1877 325 1921 per
347 1877 441 1905 eam
476 1871 645 1921 partem
678 1877 764 1921 qua
795 1870 940 1920 patet,
966 1870 1122 1905 ventus
1144 1859 1299 1917 irruit,
1330 1869 1377 1903 et
1393 1858 1471 1902 ubi

73 1932 242 1993 scopuli
259 1949 349 1978 non
375 1942 500 1991 sunt,
525 1949 656 1978 naves
685 1949 730 1978 se
762 1934 948 1977 invicem
974 1931 1133 1976 collisae
1167 1930 1469 1989 confringunt.

77 2004 160 2049 Ubi
184 2019 285 2063 ergo
307 2005 511 2049 securitas
526 2040 536 2060 ,
563 2006 598 2049 si
622 2021 703 2050 nec
721 2006 767 2048 in
791 2006 953 2064 portu?
977 2007 1034 2048 Et
1063 2013 1209 2048 tamen
1230 2011 1472 2061 utcumque

74 2074 287 2120 feliciores
308 2076 354 2120 in
376 2086 507 2135 portu
528 2091 663 2136 quam
683 2076 729 2120 in
749 2075 926 2135 pelago,
952 2072 1180 2118 fatendum
1202 2082 1287 2127 est,
1316 2088 1473 2116 concc-

75 2145 273 2191 dendum
301 2157 386 2202 est,
414 2163 568 2191 verum
596 2156 673 2191 est.
701 2151 861 2191 Ament
882 2162 926 2190 se
945 2181 955 2201 ,
981 2161 1109 2189 naves
1137 2145 1181 2187 in
1203 2153 1335 2203 portu
1359 2143 1472 2187 bene

77 2217 159 2261 sibi
188 2217 483 2277 applicentur,
519 2233 610 2262 non
637 2218 716 2261 sibi
750 2216 1037 2261 collidantur:
1060 2225 1253 2260 servetur
1274 2215 1331 2258 ibi
1356 2214 1472 2273 pari-

76 2286 174 2331 litas
196 2287 532 2348 aequabilitatis,
559 2288 802 2332 constantia
823 2286 1044 2331 charitatis
1067 2305 1074 2330 :
1101 2295 1143 2329 et
1163 2284 1340 2345 quando
1362 2283 1472 2328 forte

77 2368 234 2403 ventus
255 2375 306 2403 ex
326 2358 401 2404 illa
427 2368 549 2419 parte
574 2376 659 2420 qua
681 2368 802 2420 patet
817 2394 828 2414 ,
852 2358 1052 2412 irruerit,
1078 2357 1132 2401 sit
1153 2357 1214 2400 ibi
1236 2365 1363 2400 cauta
1390 2371 1473 2414 gu-

79 2430 292 2475 bernatio.

137 2503 218 2545 XI.
243 2504 357 2546 Nam
382 2500 491 2561 quid
515 2500 711 2545 dicturus
742 2510 806 2544 est
828 2500 934 2544 mihi
964 2498 1158 2560 quisquis
1182 2497 1340 2541 talibus
1369 2496 1473 2541 locis

82 2569 196 2616 forte
219 2580 396 2631 praeest,
418 2571 507 2616 imo
541 2571 672 2616 servit
702 2571 910 2616 fratribus
927 2605 938 2625 ‚
962 2569 1009 2614 in
1029 2570 1095 2614 his
1128 2585 1227 2629 quae
1254 2577 1492 2612 monaste--

131 2663 139 2679 ¹
165 2656 278 2689 Matth.
297 2666 377 2698 xxv,
399 2655 510 2699 1430.
