1926 3339
423 276 665 309 mmmmm
694 278 742 307 IN
772 275 976 307 PsALMUM
1007 280 1103 311 xcv.
1350 273 1436 315 443

55 347 75 405 (
95 343 331 405 aliquando
344 345 430 389 hoc
452 344 642 390 dixeram
656 345 688 399 1,
714 348 727 398 )
750 343 902 387 orbem
919 353 1133 389 terrarum
1148 347 1360 405 significat
1375 366 1438 395 se-

55 414 251 461 cundum
278 430 461 473 graecam
482 414 692 472 linguam.
719 418 914 467 Quatuor
930 415 1046 459 6111111
1066 415 1221 460 litterae
1238 428 1355 473 sunt,
1381 424 1434 476 A,

54 489 106 541 D,
131 489 169 530 A
194 494 237 529 et
256 489 316 530 M.
345 486 466 530 Sicut
489 493 633 528 autem
658 484 795 528 Graeci
816 484 1085 545 loquuntur,
1111 496 1299 547 quatuor
1320 490 1437 534 orbis

32 615 35 617 -
54 565 196 617 partes
216 555 292 599 has
312 555 359 598 in
376 555 516 614 capite
538 554 699 598 litteras
722 555 885 599 habent
903 590 913 611 ,
939 562 1094 597 Auum-tu
1116 556 1271 603 dicunt
1287 559 1439 603 Orien-

53 637 140 673 tem
167 648 178 684 3
205 635 320 683 Δύο-ιν,
360 625 641 671 Occidentem
669 647 679 684 3
714 638 853 682 Αρν-τοί,
889 627 1183 688 Aquilonem3
1211 630 1434 687 Μεσκμὲςρίκν,

52 697 278 744 Μ611(116111
301 716 310 742 2
335 698 486 752 habes,
511 696 667 741 Adam.
696 700 793 756 Ipse
812 712 913 756 ergo
937 697 1076 742 Adam
1104 709 1197 744 toto
1223 701 1329 745 orbe
1351 711 1438 746 ter-

52 782 197 813 rarum
214 783 385 827 sparsus
407 777 470 813 est
485 769 516 812 ².
549 771 601 811 In
626 784 715 812 uno
742 767 839 813 loco
862 767 959 823 suit,
988 779 1033 814 et
1060 770 1232 826 cecidit,
1258 781 1301 816 et
1326 789 1438 833 quo-

51 840 152 885 dam
174 838 307 884 modo
333 840 629 884 comminutus
662 839 859 899 implevit
887 841 1039 885 orbem
1071 851 1283 886 terrarum
1319 863 1327 888 z
1362 844 1438 889 sed

49 910 340 955 misericordia
362 911 441 955 Dei
472 910 670 971 undique
692 911 867 970 collegit
894 911 1128 968 fracturas,
1154 922 1197 957 et
1229 915 1436 959 conflavit

49 981 148 1040 igne
170 981 414 1037 charitatis,
440 990 484 1026 et
510 980 614 1026 fecit
646 997 786 1026 unum
808 982 930 1042 quod
951 982 1139 1027 fractum
1169 993 1274 1028 erat.
1307 986 1438 1030 Novit

48 1051 158 1096 illud
174 1051 316 1096 facere
342 1050 495 1096 artifex
516 1051 589 1096 ille
605 1087 616 1107 ,
644 1068 774 1096 nemo
802 1052 1016 1112 desperet.
1042 1053 1234 1099 Multum
1258 1054 1438 1115 quidem

47 1131 126 1177 est,
152 1123 225 1167 sed
249 1123 325 1183 qui
342 1124 395 1168 sit
413 1124 581 1179 artifex,
602 1125 804 1184 cogitate.
832 1124 912 1169 Ille
933 1126 1100 1181 refecit,
1121 1127 1197 1186 qui
1215 1126 1340 1184 fecit,
1365 1127 1437 1172 ille

46 1191 312 1248 reformavit,
339 1195 415 1254 qui
444 1193 662 1239 formavit.
690 1213 710 1237 «
735 1195 960 1240 Judicabit
981 1196 1132 1240 orbem
1155 1205 1368 1241 terrarum
1390 1198 1458 1241 in.

51 1283 70 1306 »
103 1265 325 1324 aequitate,
345 1275 389 1310 et
411 1265 598 1325 populos
613 1267 659 1310 in
675 1266 857 1311 veritate
877 1283 968 1311 sua.
991 1285 1011 1308 »
1038 1270 1146 1321 Quae
1171 1277 1235 1312 est
1254 1269 1436 1328 aequitas

33 1339 88 1379 et
98 1336 281 1380 Veritas?
298 1338 594 1396 Congregabit
610 1353 757 1382 secum
772 1338 929 1383 electos
943 1354 1042 1383 suos
1060 1338 1114 1382 ad
1123 1338 1410 1399 judicandum
1421 1374 1432 1395 ,

45 1415 223 1452 caeteros
244 1417 392 1452 autem
413 1409 631 1468 separabit
654 1409 709 1453 ab
735 1409 936 1454 invicem,
968 1410 1192 1454 Positurus
1217 1419 1281 1455 est
1318 1410 1435 1454 enim

45 1475 150 1522 alios
171 1478 226 1521 ad
244 1477 485 1534 dexteram,
507 1478 612 1523 alios
627 1478 682 1523 ad
697 1479 928 1523 sinistram.
948 1480 1065 1533 Quid
1083 1489 1227 1524 autem
1249 1481 1431 1540 aequius,

44 1547 152 1608 quid
172 1549 332 1604 verius,
359 1565 492 1610 quam
513 1559 564 1593 ut
579 1566 667 1594 non
681 1559 912 1609 expectent
932 1550 1272 1595 misericordiam
1295 1551 1350 1595 (16
1365 1552 1434 1611 ju·

43 1619 154 1675 dice,
180 1621 256 1680 qui
284 1619 523 1665 noluerunt
554 1619 695 1665 facere
728 1621 1066 1665 misericordiam
1097 1630 1331 1681 antequam
1359 1637 1433 1667 ve-

43 1690 156 1734 niret
171 1690 336 1751 judex?
358 1693 439 1745 Qui
471 1702 618 1737 autem
645 1691 880 1737 voluerunt
913 1691 1053 1736 facere
1077 1692 1430 1747 misericordiam,

43 1775 144 1804 cum
163 1761 455 1806 misericordia
469 1762 806 1822 judicabuntur.
838 1763 1016 1806 Dicetur
1037 1762 1152 1806 enim
1174 1763 1231 1806 eis
1249 1764 1304 1806 ad
1326 1762 1433 1806 dcx-

42 1840 179 1876 teram
206 1833 375 1892 positis,
412 1853 432 1876 ‹<
466 1835 624 1878 Venite
657 1833 877 1878 benedicti
906 1834 1041 1878 Patris
1076 1835 1187 1889 mei,
1224 1834 1433 1893 percipite

45 1920 66 1943 »
102 1918 301 1962 regnum,
319 1903 439 1964 quod
460 1905 584 1949 vobis
607 1914 807 1963 paratum
830 1913 893 1948 est
917 1903 971 1947 ab
993 1904 1159 1963 origine
1184 1903 1379 1947 mundiss.
1409 1922 1429 1945 »

42 1975 99 2017 Et
114 1974 302 2033 imputat
315 1991 446 2034 opera
468 1975 774 2020 misericordiae
796 1995 804 2020 :
836 1994 854 2018 ‹<
879 1975 1051 2019 Esurivi
1073 1975 1204 2029 enim,
1227 1984 1270 2018 et
1286 1974 1433 2019 dedis-

45 2062 66 2085 »
101 2045 153 2089 tis
171 2046 277 2089 mihi
295 2047 582 2104 manducare,
608 2047 737 2101 sitivi,
764 2056 807 2090 et
828 2046 1006 2105 potastis
1024 2047 1138 2100 me4,
1159 2065 1178 2087 1)
1196 2055 1239 2090 et
1257 2055 1427 2090 caetera.

19 2111 23 2117 “
42 2117 205 2159 Rursus
227 2116 283 2159 ad
309 2116 521 2160 sinistram
550 2116 699 2176 positis
717 2116 826 2176 quid
847 2117 1117 2175 imputatur?
1143 2116 1255 2169 Quia
1278 2116 1433 2160 nolue—

44 2194 146 2229 runt
169 2184 312 2229 facere
334 2186 685 2231 misericordiam.
718 2189 776 2230 Et
799 2202 886 2246 quo
907 2187 1065 2230 ibunt?
1091 2205 1110 2228 «
1135 2189 1199 2230 Ite
1220 2186 1265 2229 111
1286 2187 1432 2245 ignem

46 2273 65 2296 »
102 2259 358 2300 aeternum5.
383 2275 403 2297 »
427 2260 512 2301 Iste
535 2256 709 2301 auditus
727 2256 867 2300 malus
896 2272 1104 2315 magnum
1134 2256 1343 2315 gemitum
1365 2255 1431 2300 fa-

42 2325 140 2369 ciet.
166 2326 250 2370 Sed
269 2326 377 2386 quid
403 2327 512 2370 dixit
534 2326 642 2371 alius
663 2327 888 2371 Psalmus?
910 2346 930 2369 «
962 2330 1014 2370 In
1039 2327 1247 2371 memoria
1270 2336 1432 2370 aeterna

43 2414 64 2453 ρ)
100 2397 179 2440 erit
200 2398 364 2457 justus,
391 2398 445 2441 ab
472 2397 629 2442 auditu
651 2397 768 2442 malo
790 2414 880 2443 non
904 2397 1124 2442 timebitss.
1156 2416 1175 2438 »
1203 2397 1316 2451 Quid
1337 2407 1429 2453 est,

42 2465 215 2511 auditus
237 2467 404 2511 malus?
431 2487 451 2510 «
472 2471 537 2511 Ite
560 2468 607 2512 in
629 2468 776 2526 ignem
800 2477 1036 2523 aeternum,
1063 2468 1139 2528 qui
1162 2477 1337 2527 paratus
1369 2477 1434 2512 est

89 2569 99 2585 ¹
119 2563 198 2595 Vide
221 2566 330 2597 Tract.
359 2576 405 2606 lx,
424 2564 455 2596 in
475 2567 568 2596 Joan.
586 2576 616 2595 n.
637 2563 689 2607 14,
709 2569 742 2597 et
763 2567 874 2597 Tract.
894 2576 925 2606 x,
948 2575 979 2596 n.
1000 2573 1051 2596 12.
1069 2581 1110 2586 -—-
1131 2571 1144 2586 ²
1163 2565 1242 2596 Gen.
1261 2575 1309 2602 111,
1332 2563 1365 2595 6.
1389 2580 1430 2586 —
1447 2572 1472 2608 ‘-

47 2616 185 2651 3Matth.
207 2630 284 2661 xxv,
304 2618 357 2662 34.
379 2637 421 2643 —-
436 2618 677 2652 41111135-
697 2618 712 2643 5
733 2620 816 2652 Ibid.
832 2618 887 2661 41.
908 2637 950 2642 --
968 2617 983 2642 6
1002 2619 1082 2652 Psal.
1101 2630 1166 2660 cxx,
1186 2630 1216 2660 7.
