1926 3339
0 0 44 115 V

339 312 580 342 ΕΝΔΒιιΛΤιο
613 316 655 341 IN
690 316 891 343 PSALMUM
926 318 1092 346 Lxxxiv.
1341 317 1419 352 177

43 372 164 416 tasin
191 382 299 419 terra
322 385 466 421 nostra
489 393 539 421 ex
562 393 744 438 persona
766 381 790 424 J
796 379 1036 438 udaeorum,
1064 385 1356 434 misericordia
1378 390 1422 434 in

42 450 152 486 terra
173 445 396 490 Gentium.
422 449 589 492 Veritas
613 450 728 493 enirn
750 450 826 494 ubi
843 453 861 494 Ρ
876 453 958 496 Ubi
980 464 1103 499 erant
1130 455 1301 517 eloquia
1325 459 1417 503 Dei.

41 511 328 561 Misericordia
359 518 463 562 ubi?
487 522 538 562 In
560 518 642 564 illis
666 521 739 581 qui
764 521 1015 569 dimiserant
1038 529 1175 571 Deum
1199 544 1327 573 suum
1343 565 1353 584 ,
1381 540 1423 574 et

41 595 341 632 converterant
355 605 399 633 se
421 589 475 633 ad
496 590 726 636 daemonia.
754 595 976 655 Numquid
1000 606 1042 641 et
1065 599 1176 657 ipsos
1195 601 1424 661 despexit?

40 655 269 708 Quomodo
297 658 330 702 si
359 659 522 705 diceret
546 681 555 706 :
581 664 698 707 Voca
731 673 774 707 et
796 665 897 709 istos
918 666 1048 726 longe
1077 668 1283 729 fugitivos
1300 707 1312 726 ‚
1345 672 1421 732 qui

40 726 227 770 multum
243 744 265 772 a
281 744 350 773 me
374 742 661 778 recesserunt:
681 750 802 790 voca,
818 735 1043 783 inveniant
1062 755 1130 784 me
1152 752 1421 801 quaerentem

39 810 97 851 se,
114 797 216 858 quia
234 798 314 858 ipsi
327 800 538 847 nolebant
559 820 752 864 quaerere
774 822 857 851 me.
880 810 1012 867 Ergo,
1034 811 1360 859 «Misericordia
1380 825 1421 860 et

41 884 60 908 »
94 868 248 912 veritas
270 883 554 917 occurrerunt
586 875 666 919 sibi
688 895 697 920 ε
728 877 896 936 justitia
925 887 968 922 et
990 895 1075 938 pax
1092 882 1296 927 osculatae
1319 896 1421 930 sunt

40 955 61 980 »
93 953 151 982 se.
181 958 200 980 »
228 943 566 1002 Facjustitiam,
602 955 646 990 et
667 947 848 993 habebis
877 965 1056 1009 pacem3
1095 962 1145 996 ut
1168 954 1421 1002 osculentur

37 1023 80 1053 se
91 1009 256 1069 justitia
281 1021 324 1056 et
344 1028 440 1072 pax.
479 1014 522 1059 Si
542 1015 656 1060 enim
677 1032 764 1062 non
788 1020 997 1065 amaveris
1012 1022 1246 1082 justitiam‚
1268 1042 1421 1086 pacem

39 1094 127 1123 non
149 1080 344 1126 habebis.
371 1086 532 1128 Amant
554 1086 668 1130 enim
691 1103 735 1132 se
757 1090 846 1134 duo
863 1090 941 1135 ista
958 1127 968 1147 ‚
987 1093 1154 1152 justitia
1178 1106 1220 1140 et
1244 1113 1327 1157 pax
1342 1134 1353 1155 ‚
1381 1110 1423 1144 et

39 1150 290 1196 osculantur
326 1169 370 1198 se
394 1175 404 1211 3
440 1165 491 1200 ut
518 1158 593 1217 qui
615 1157 766 1204 feeerit
788 1161 1000 1220 justitiam
1016 1199 1027 1220 ‚
1056 1165 1249 1212 inveniat
1271 1185 1423 1229 pacem

38 1220 300 1267 osculantem
322 1224 548 1284 justitiam.
585 1230 694 1273 Duae
723 1231 872 1275 amicae
901 1242 1034 1290 sunt,
1061 1245 1109 1280 tu
1141 1236 1253 1283 forte
1287 1257 1421 1287 unam

35 1291 122 1348 vis,
163 1302 205 1337 et
227 1293 406 1339 alteram
429 1312 518 1341 non
538 1299 661 1344 facis.
695 1302 834 1347 Nemo
860 1313 923 1348 est
953 1307 1069 1353 enim
1103 1310 1180 1369 qui
1203 1327 1293 1356 non
1327 1314 1423 1358 vult

35 1377 183 1421 pacem
205 1383 214 1408 :
246 1364 322 1409 sed
353 1382 442 1411 non
465 1383 615 1413 omnes
641 1370 799 1416 volunt
832 1378 998 1434 operari
1020 1378 1249 1437 justitiam.
1277 1386 1421 1428 Inter-

35 1447 134 1491 roga
158 1449 307 1480 omnes
330 1436 527 1482 homines
545 1474 555 1494 ‚
588 1440 662 1485 Vis
679 1446 857 1501 pacem?
879 1448 975 1491 Uno
997 1463 1070 1492 ore
1089 1449 1168 1494 tibi
1186 1455 1420 1511 respondet

33 1512 173 1549 totum
204 1522 339 1564 genus
373 1508 633 1566 humanum,
659 1514 799 1572 Opto,
827 1517 984 1575 cupio,
1011 1519 1132 1575 volo,
1171 1538 1282 1567 amo.
1310 1528 1420 1570 Ama

32 1583 74 1619 et
104 1577 315 1635 justitiam
357 1599 366 1623 :
401 1581 502 1640 quia
536 1582 635 1625 duae
681 1585 830 1629 amicae
871 1597 973 1632 sunt
1010 1590 1178 1649 justitia
1219 1602 1261 1636 et
1299 1610 1416 1653 pax3

31 1646 131 1706 ipsae
151 1664 196 1692 se
229 1650 497 1696 osculantur.
531 1653 575 1698 Si
611 1656 793 1700 amicam
816 1659 931 1717 pacis
953 1676 1042 1704 non
1065 1665 1273 1709 amaveris
1291 1701 1301 1720 ,
1328 1682 1419 1711 non

30 1725 73 1761 te
100 1718 260 1764 amabit
292 1721 382 1780 ipsa
411 1737 518 1781 pair,
547 1740 627 1769 nec
654 1727 800 1771 veniet
835 1729 890 1772 ad
922 1739 978 1774 te.
1006 1731 1123 1784 Quid
1149 1735 1265 1778 enim
1292 1752 1418 1796 mag-

30 1804 136 1833 num
161 1799 224 1834 est
251 1791 495 1838 desiderare
528 1798 716 1853 pacem?
747 1798 897 1851 Quivis
922 1801 1061 1846 malus
1094 1802 1309 1850 desiderat
1340 1823 1417 1866 pa-

26 1874 138 1912 cem.
161 1863 281 1905 Bona
304 1862 420 1906 enim
442 1880 508 1908 res
530 1875 592 1908 est
610 1881 708 1925 an.
729 1868 813 1912 Sed
843 1868 911 1914 fac
935 1872 1146 1931 justitiam
1170 1896 1180 1932 3
1205 1877 1306 1936 quia
1322 1879 1418 1937 jus-

29 1929 122 1975 titia
145 1940 189 1975 et
209 1947 291 1991 pax
313 1948 357 1976 se
380 1934 653 1991 osculantur,
680 1953 769 1982 non
790 1937 978 1998 litigant.
1015 1945 1079 1986 Tu
1109 1960 1243 2004 quare
1277 1947 1417 2007 litigas

29 2016 128 2046 cum
155 2003 363 2063 justitia?
400 2007 514 2050 Ecce
537 2007 704 2066 justitia
740 2008 846 2055 dicit
881 2012 959 2056 tibi
1000 2032 1008 2058 ε
1040 2016 1103 2060 Ne
1134 2016 1289 2063 fureris
1327 2039 1336 2065 ε
1373 2031 1416 2066 et

28 2087 117 2117 non
145 2074 283 2118 audis.
308 2077 371 2121 Ne
393 2075 609 2121 adulteres
635 2097 644 2123 :
670 2094 759 2123 non
779 2080 843 2124 vis
860 2083 1025 2128 audire.
1060 2088 1158 2131 Non
1190 2087 1321 2135 facias
1351 2091 1418 2136 al-

28 2144 107 2187 teri
138 2146 259 2206 quod
281 2154 331 2190 tu
362 2148 454 2207 pati
475 2164 565 2193 non
588 2149 680 2208 vis;
706 2166 798 2196 non
819 2152 935 2199 dicas
971 2155 1095 2200 alteri
1117 2160 1237 2218 quod
1260 2171 1303 2205 et
1335 2164 1416 2208 tibi

29 2212 112 2259 dici
145 2232 235 2261 non
262 2218 341 2263 vis.
382 2219 588 2266 Inimicus
622 2237 666 2266 es
701 2223 851 2268 amicae
877 2241 1012 2282 meae,
1056 2228 1161 2273 dicit
1193 2231 1272 2274 tibi
1300 2248 1409 2292 pax,

28 2284 135 2345 quid
160 2301 229 2331 me
253 2290 436 2348 quaeris?
462 2291 612 2336 Amica
647 2308 743 2337 sum
765 2295 970 2354 justitiae,
992 2313 1317 2362 quemcumque
1350 2305 1416 2348 in-

27 2371 184 2402 venero
221 2358 447 2404 inimicum
481 2362 630 2407 amicae
668 2380 776 2408 meoe
800 2400 810 2419 ,
854 2382 943 2410 non
981 2368 1036 2412 ad
1069 2369 1194 2414 illum
1235 2375 1407 2420 accedo.

28 2427 100 2472 Vis
136 2444 239 2488 ergo
270 2431 418 2476 venire
450 2432 506 2476 ad
538 2437 725 2493 pacem?
765 2438 852 2481 Fac
888 2437 1117 2497 justitiam.
1160 2441 1264 2488 Ideo
1304 2445 1413 2492 alius

29 2498 220 2544 Psalmus
253 2500 359 2545 dicit
387 2502 465 2545 tibi
493 2522 501 2548 :
538 2523 557 2545 «
589 2504 765 2551 Declina
801 2522 823 2550 a
857 2506 998 2563 malo,
1033 2519 1074 2554 et
1112 2512 1181 2555 fac
1211 2513 1408 2574 bonum,

32 2581 54 2606 »
83 2571 197 2624 (hoc
220 2580 284 2616 est
316 2588 459 2617 amare
484 2575 698 2634 justitiam
731 2595 739 2621 :
766 2586 809 2620 et
840 2593 939 2621 cum
966 2579 1058 2638 jam
1085 2580 1367 2631 declinaveris
1387 2604 1412 2634 a

33 2653 53 2677 n
85 2641 225 2694 malo,
253 2651 297 2687 et
319 2641 470 2688 feceris
499 2645 690 2702 honum,
717 2663 865 2707 quaere
886 2663 1035 2708 pacem
1053 2685 1063 2705 ‚
1088 2661 1132 2697 et
1153 2668 1412 2717 persequere
1472 2709 1479 2713 ,

242 2721 379 2751 cxvn.
1202 2728 1251 2765 12
