1926 3339
460 285 542 323 190
878 292 913 321 s.
948 291 1178 321 Aucusnm
1211 293 1392 320 Emscom

455 368 499 403 et
528 360 573 402 in
607 367 718 402 terra
748 373 838 403 non
870 358 1050 402 invenit.
1078 361 1361 417 Quacumque
1391 358 1510 401 enim
1541 372 1586 402 se
1612 359 1834 413 vertebat,

453 427 655 473 scandala
670 463 682 483 ,
708 428 906 482 timores,
940 426 1265 481 tribulationes,
1289 428 1548 471 tentationes
1570 427 1835 472 inveniebat.

453 501 502 542 In
527 515 616 559 quo
649 499 824 543 homine
847 499 1083 542 securitas?
1110 497 1165 540 de
1194 513 1282 556 quo
1304 506 1473 541 certum
1496 498 1730 555 gaudium?
1750 500 1839 543 Nec

452 569 507 614 de
526 586 570 614 se
594 570 687 629 ipso
709 570 861 629 utique
885 588 893 613 :
918 577 1083 628 quanto
1105 568 1239 626 magis
1259 566 1314 611 de
1334 567 1419 612 alio
1437 570 1455 612 P
1477 571 1566 612 Aut
1586 568 1688 612 mali
1711 577 1836 624 sunt,

451 650 495 684 et
520 656 694 684 necesse
715 649 779 683 est
800 655 872 682 eos
888 639 977 697 pati
993 673 1004 692 ,
1030 647 1073 682 et
1102 653 1272 697 sperare
1299 638 1401 697 quia
1432 639 1590 682 mutari
1619 647 1803 698 possunt
1827 657 1836 683 :

452 719 528 753 aut
552 710 657 753 boni
684 717 809 763 sunt,
840 717 884 751 et
907 709 966 752 sic
995 723 1067 751 eos
1099 717 1272 766 oportet
1297 707 1500 765 diligere,
1539 717 1589 752 ut
1611 709 1841 753 timeamus

453 779 580 838 (quia
597 788 777 838 possunt
798 777 983 835 mutari)
1005 793 1059 821 ne
1082 776 1185 821 mali
1205 777 1305 822 sint.
1334 778 1403 821 Ibi
1419 778 1582 822 malitia
1605 794 1754 823 eorum
1773 777 1840 824 fa-

451 849 510 893 cit
532 847 867 892 amaritudinem
884 848 1038 892 animae
1062 867 1071 891 :
1095 847 1166 891 hic
1185 846 1436 892 sollicitudo
1457 856 1500 891 et
1523 849 1652 892 timor
1668 883 1679 904 ,
1705 863 1761 892 ne
1776 847 1841 893 la-

452 920 581 963 batur
597 920 673 979 qui
697 920 809 962 bene
827 918 1037 962 ambulat.
1051 921 1341 978 Quocumque
1364 934 1468 977 ergo
1484 934 1529 962 se
1549 921 1812 964 converterit
1826 954 1837 976 ,

451 989 499 1032 in
523 990 701 1033 terrenis
726 989 854 1032 rebus
886 989 1221 1033 amaritudinem
1243 989 1412 1034 invenit
1437 1008 1447 1034 ;
1472 988 1591 1033 unde
1619 988 1842 1034 dulcescat

455 1076 544 1104 non
565 1060 724 1115 habet,
755 1059 837 1103 nisi
858 1057 974 1104 levet
1007 1074 1052 1102 se
1084 1059 1140 1102 ad
1167 1061 1322 1103 Deum.
1352 1078 1372 1102 «
1398 1059 1616 1113 Quoniam
1646 1069 1718 1115 ω,
1755 1063 1844 1104 Do-

457 1149 478 1172 »
513 1131 657 1187 mine,
690 1131 830 1175 suavis
852 1140 896 1174 et
916 1130 1044 1174 mitis.
1076 1148 1096 1171 »
1122 1129 1239 1183 Quid
1267 1140 1354 1186 est,
1383 1131 1579 1176 «Mitisi’
1614 1150 1633 1173 »
1660 1134 1842 1176 Portans

454 1216 547 1256 me,
573 1201 712 1245 donec
742 1200 936 1260 perficias
963 1216 1048 1244 me.
1073 1203 1185 1244 Vere
1207 1201 1323 1244 enim
1339 1236 1350 1255 ,
1375 1199 1528 1245 fratres
1557 1203 1642 1245 mei
1663 1237 1674 1257 ,
1699 1202 1842 1246 dicam

456 1280 665 1332 tanquam
693 1272 825 1315 homo
862 1271 909 1314 in
935 1271 1187 1314 hominibus
1205 1305 1217 1326 ,
1250 1280 1294 1314 et
1327 1286 1378 1314 ex
1411 1272 1665 1316 hominibus
1691 1291 1701 1317 :
1731 1272 1845 1317 ferat

456 1342 640 1402 quisque
660 1357 734 1386 cor
754 1357 899 1395 suum,
915 1349 959 1384 et
979 1340 1202 1384 intueatur
1222 1356 1266 1384 sc
1285 1341 1377 1385 sine
1396 1342 1669 1398 adulatione,
1692 1352 1736 1388 ct
1751 1345 1842 1388 sine

456 1411 718 1472 palpatione.
731 1410 849 1457 Nihil
862 1420 926 1455 est
947 1410 1064 1454 enim
1081 1409 1274 1466 stultius,
1292 1427 1426 1472 quam
1444 1421 1496 1456 ut
1512 1413 1709 1472 seipsum
1726 1413 1843 1474 quis-

456 1498 543 1543 que
565 1481 713 1542 palpet
734 1491 866 1541 atque
887 1481 1078 1525 seducat.
1100 1481 1313 1525 Attendat
1334 1497 1437 1540 ergo
1459 1492 1502 1526 et
1518 1481 1664 1528 videat
1679 1493 1843 1544 quanta
1901 1488 1905 1491 ’
1922 1471 1926 1480 ⁴

458 1562 648 1612 aguntur
668 1553 714 1596 in
732 1551 863 1596 corde
885 1552 1078 1595 humano
1098 1586 1109 1606 ,
1129 1551 1504 1612 quemadmodum
1526 1553 1630 1612 ipsae
1647 1554 1842 1614 plerum-

457 1640 543 1684 que
561 1624 775 1668 orationes
796 1622 1092 1682 impediantur
1114 1623 1234 1668 vanis
1257 1623 1611 1682 cogitationibus,
1625 1625 1684 1670 ita
1704 1635 1755 1670 ut
1772 1625 1843 1671 vix

456 1704 539 1739 stet
566 1709 641 1738 cor
662 1693 717 1737 ad
736 1696 877 1738 Deum
897 1707 1049 1737 suum:
1075 1701 1119 1736 et
1139 1692 1234 1737 vult
1256 1709 1299 1737 se
1317 1703 1466 1738 tenere
1484 1704 1536 1738 ut
1553 1704 1652 1750 stet,
1677 1705 1720 1740 et
1736 1712 1844 1756 quo-

458 1763 559 1808 dam
582 1763 714 1808 modo
737 1762 850 1822 fugit
866 1779 890 1807 a
907 1778 951 1807 se
969 1798 980 1818 ,
1005 1778 1085 1807 nec
1108 1763 1277 1808 invenit
1298 1764 1513 1810 cancellos
1533 1766 1694 1826 quibus
1710 1782 1755 1811 se
1774 1767 1844 1811 in-

456 1833 619 1889 cludat,
632 1843 706 1878 aut
717 1833 862 1878 obices
874 1832 1087 1893 quosdam
1100 1834 1261 1893 quibus
1275 1835 1457 1879 retineat
1470 1836 1733 1881 avolationes
1745 1852 1842 1882 suas

455 1914 498 1949 et
518 1920 649 1963 vagos
666 1903 878 1964 quosdam
901 1913 1060 1958 motus,
1078 1913 1120 1947 et
1142 1913 1224 1948 stet
1236 1905 1471 1964 jucundari
1489 1922 1513 1950 a
1532 1909 1622 1952 Deo
1642 1923 1737 1952 suo.
1759 1908 1841 1953 Vix

456 1984 520 2019 est
545 1983 595 2018 ut
617 1984 816 2019 occurrat
835 1973 931 2018 talis
953 1975 1090 2018 oratio
1105 1974 1219 2018 inter
1240 1975 1398 2020 multas
1421 1977 1648 2022 orationes.
1671 1979 1841 2023 Diceret

458 2046 756 2105 unusquisque
777 2044 859 2088 sibi
878 2045 1130 2103 contingere
1147 2053 1190 2088 et
1204 2044 1328 2090 alteri
1352 2062 1441 2090 non
1454 2047 1707 2107 contingere
1722 2084 1733 2104 ,
1757 2049 1840 2093 nisi

454 2114 747 2160 inveniremus
768 2114 814 2158 in
839 2115 1069 2174 Scripturis
1102 2115 1179 2158 Dei
1202 2116 1340 2161 David
1358 2126 1556 2161 orantem
1579 2118 1772 2178 quodam
1793 2120 1840 2164 in

455 2184 568 2240 loco,
589 2194 632 2229 et
648 2184 887 2230 dicentem:
907 2185 1157 2238 «Quoniam
1179 2185 1342 2241 inveni,
1366 2187 1561 2243 Domine,
1577 2204 1652 2233 cor
1672 2205 1836 2246 meum,

458 2274 478 2298 »
500 2265 550 2300 ut
564 2271 731 2300 orarem
749 2255 804 2300 ad
817 2265 859 2299 te
871 2258 900 2299 ¹.
916 2257 1149 2301 »Invenire
1165 2271 1210 2299 se
1226 2255 1332 2301 dixit
1347 2273 1422 2302 cor
1435 2274 1579 2314 suum,
1595 2260 1716 2320 quasi
1735 2260 1840 2305 sole-

456 2335 521 2370 ret
541 2327 596 2370 ab
612 2342 663 2371 eo
681 2324 846 2384 fugere,
857 2335 900 2370 et
916 2326 989 2370 ille
1005 2326 1128 2385 sequi
1142 2327 1264 2386 quasi
1284 2326 1535 2386 fugitivum,
1552 2339 1595 2374 et
1611 2345 1701 2375 non
1717 2345 1840 2390 posse

455 2396 839 2456 comprehendere,
852 2406 894 2441 et
906 2396 1091 2441 clamare
1103 2397 1158 2441 ad
1172 2400 1308 2442 Deum
1322 2418 1330 2443 :
1348 2417 1365 2439 «
1379 2400 1594 2452 Quoniam
1608 2417 1682 2445 cor
1693 2408 1839 2447 meum

461 2488 479 2509 »
514 2467 747 2528 dereliquit
769 2471 879 2511 me‘2.
911 2488 928 2509 »
956 2471 1132 2527 Itaque,
1157 2467 1309 2513 fratres
1332 2471 1439 2525 mei,
1470 2471 1698 2516 attendens
1718 2472 1838 2533 quod

455 2538 525 2582 hic
546 2538 606 2583 ait
628 2557 636 2583 :
666 2557 683 2579 «
713 2539 861 2584 Suavis
883 2554 927 2583 es
950 2547 998 2582 tu
1017 2548 1060 2582 et
1082 2539 1197 2583 mitis
1218 2559 1226 2584 :
1254 2560 1270 2581 »
1293 2539 1443 2586 videor
1472 2542 1579 2586 mihi
1602 2543 1748 2587 videre
1768 2544 1838 2588 hic

503 2629 513 2646 ¹
534 2631 554 2654 2
577 2625 654 2664 Reg.
674 2634 737 2665 vn,
751 2632 805 2665 27.
825 2640 867 2645 --
888 2630 900 2646 ²
919 2622 999 2656 Psal.
1019 2634 1124 2665 xxxix,
1147 2623 1197 2656 13.
