<?xml version="1.0" encoding="UTF-8"?>
<!DOCTYPE html PUBLIC "-//W3C//DTD XHTML 1.0 Transitional//EN"
    "http://www.w3.org/TR/xhtml1/DTD/xhtml1-transitional.dtd">
<html xmlns="http://www.w3.org/1999/xhtml" xml:lang="en" lang="en">
 <head>
  <title>
</title>
<meta http-equiv="Content-Type" content="text/html;charset=utf-8" />
  <meta name='ocr-system' content='tesseract 3.04.00' />
  <meta name='ocr-capabilities' content='ocr_page ocr_carea ocr_par ocr_line ocrx_word'/>
</head>
<body>
  <div class='ocr_page' id='page_1' title='image "./operaomniaaccura10auguuoft_0398.png"; bbox 0 0 1926 3339; ppageno 0'>
   <div class='ocr_carea' id='block_1_1' title="bbox 451 337 1398 380">
    <p class='ocr_par' dir='ltr' id='par_1_1' title="bbox 451 337 1398 380">
     <span class='ocr_line' id='line_1_1' title="bbox 451 337 1398 380; baseline 0.005 -5"><span class='ocrx_word' id='word_1_1' title='bbox 451 337 534 376; x_wconf 89' lang='lat'>318</span> <span class='ocrx_word' id='word_1_2' title='bbox 882 347 917 377; x_wconf 85' lang='lat' dir='ltr'>s.</span> <span class='ocrx_word' id='word_1_3' title='bbox 952 349 1184 378; x_wconf 70' lang='lat' dir='ltr'>Anousnm</span> <span class='ocrx_word' id='word_1_4' title='bbox 1216 352 1398 380; x_wconf 74' lang='lat' dir='ltr'>Emseom</span> 
     </span>
    </p>
   </div>
   <div class='ocr_carea' id='block_1_2' title="bbox 439 413 1830 760">
    <p class='ocr_par' dir='ltr' id='par_1_2' title="bbox 439 413 1830 760">
     <span class='ocr_line' id='line_1_2' title="bbox 444 413 1829 481; baseline 0.007 -24"><span class='ocrx_word' id='word_1_5' title='bbox 444 413 676 468; x_wconf 88' lang='lat' dir='ltr'>Quomodo</span> <span class='ocrx_word' id='word_1_6' title='bbox 697 423 847 458; x_wconf 86' lang='lat' dir='ltr'>autem</span> <span class='ocrx_word' id='word_1_7' title='bbox 870 424 911 459; x_wconf 88' lang='lat' dir='ltr'>te</span> <span class='ocrx_word' id='word_1_8' title='bbox 939 417 1130 475; x_wconf 78' lang='lat' dir='ltr'>protegit</span> <span class='ocrx_word' id='word_1_9' title='bbox 1158 419 1299 463; x_wconf 81' lang='lat' dir='ltr'>Deus?</span> <span class='ocrx_word' id='word_1_10' title='bbox 1324 437 1344 460; x_wconf 87' lang='lat'>«</span> <span class='ocrx_word' id='word_1_11' title='bbox 1370 422 1488 464; x_wconf 87' lang='lat' dir='ltr'>Inter</span> <span class='ocrx_word' id='word_1_12' title='bbox 1510 421 1706 481; x_wconf 87' lang='lat' dir='ltr'>scapulas</span> <span class='ocrx_word' id='word_1_13' title='bbox 1732 438 1829 468; x_wconf 90' lang='lat' dir='ltr'>suas</span> 
     </span>
     <span class='ocr_line' id='line_1_3' title="bbox 445 484 1827 551; baseline 0.009 -26"><span class='ocrx_word' id='word_1_14' title='bbox 445 503 467 526; x_wconf 89' lang='lat'>»</span> <span class='ocrx_word' id='word_1_15' title='bbox 500 484 785 530; x_wconf 83' lang='lat' dir='ltr'>obumbrabit</span> <span class='ocrx_word' id='word_1_16' title='bbox 804 485 907 530; x_wconf 81' lang='lat' dir='ltr'>tibi1</span> <span class='ocrx_word' id='word_1_17' title='bbox 926 505 936 531; x_wconf 74' lang='grc' dir='ltr'>ε</span> <span class='ocrx_word' id='word_1_18' title='bbox 956 505 976 527; x_wconf 86' lang='grc'>»</span> <span class='ocrx_word' id='word_1_19' title='bbox 1001 486 1047 530; x_wconf 89' lang='lat' dir='ltr'>id</span> <span class='ocrx_word' id='word_1_20' title='bbox 1065 497 1148 541; x_wconf 86' lang='lat' dir='ltr'>est,</span> <span class='ocrx_word' id='word_1_21' title='bbox 1174 498 1275 532; x_wconf 91' lang='lat' dir='ltr'>ante</span> <span class='ocrx_word' id='word_1_22' title='bbox 1289 499 1439 549; x_wconf 82' lang='lat' dir='ltr'>pectus</span> <span class='ocrx_word' id='word_1_23' title='bbox 1461 500 1587 536; x_wconf 89' lang='lat' dir='ltr'>tuum</span> <span class='ocrx_word' id='word_1_24' title='bbox 1610 501 1651 536; x_wconf 86' lang='lat' dir='ltr'>te</span> <span class='ocrx_word' id='word_1_25' title='bbox 1671 503 1827 551; x_wconf 85' lang='lat' dir='ltr'>ponet,</span> 
     </span>
     <span class='ocr_line' id='line_1_4' title="bbox 442 554 1830 618; baseline 0.005 -18"><span class='ocrx_word' id='word_1_26' title='bbox 442 564 492 600; x_wconf 89' lang='lat' dir='ltr'>ut</span> <span class='ocrx_word' id='word_1_27' title='bbox 522 554 598 600; x_wconf 85' lang='lat' dir='ltr'>alis</span> <span class='ocrx_word' id='word_1_28' title='bbox 635 556 720 599; x_wconf 90' lang='lat' dir='ltr'>suis</span> <span class='ocrx_word' id='word_1_29' title='bbox 752 565 795 599; x_wconf 89' lang='lat' dir='ltr'>te</span> <span class='ocrx_word' id='word_1_30' title='bbox 816 558 1092 615; x_wconf 77' lang='lat' dir='ltr'>protegatzsi</span> <span class='ocrx_word' id='word_1_31' title='bbox 1123 559 1256 603; x_wconf 90' lang='lat' dir='ltr'>modo</span> <span class='ocrx_word' id='word_1_32' title='bbox 1292 575 1498 618; x_wconf 80' lang='lat' dir='ltr'>agnoscas</span> <span class='ocrx_word' id='word_1_33' title='bbox 1530 562 1830 607; x_wconf 82' lang='lat' dir='ltr'>infirmitatem</span> 
     </span>
     <span class='ocr_line' id='line_1_5' title="bbox 439 625 1829 688; baseline 0.006 -19"><span class='ocrx_word' id='word_1_34' title='bbox 439 634 561 670; x_wconf 88' lang='lat' dir='ltr'>tuam</span> <span class='ocrx_word' id='word_1_35' title='bbox 576 658 588 681; x_wconf 83' lang='lat'>,</span> <span class='ocrx_word' id='word_1_36' title='bbox 613 635 663 669; x_wconf 93' lang='lat' dir='ltr'>ut</span> <span class='ocrx_word' id='word_1_37' title='bbox 685 625 807 685; x_wconf 87' lang='lat' dir='ltr'>quasi</span> <span class='ocrx_word' id='word_1_38' title='bbox 829 625 976 684; x_wconf 90' lang='lat' dir='ltr'>pullus</span> <span class='ocrx_word' id='word_1_39' title='bbox 994 627 1191 671; x_wconf 86' lang='lat' dir='ltr'>infirmus</span> <span class='ocrx_word' id='word_1_40' title='bbox 1214 628 1351 687; x_wconf 85' lang='lat' dir='ltr'>fugias</span> <span class='ocrx_word' id='word_1_41' title='bbox 1373 631 1455 674; x_wconf 90' lang='lat' dir='ltr'>sub</span> <span class='ocrx_word' id='word_1_42' title='bbox 1478 631 1564 676; x_wconf 87' lang='lat' dir='ltr'>alas</span> <span class='ocrx_word' id='word_1_43' title='bbox 1585 633 1756 688; x_wconf 86' lang='lat' dir='ltr'>matris,</span> <span class='ocrx_word' id='word_1_44' title='bbox 1773 648 1829 677; x_wconf 87' lang='lat' dir='ltr'>ne</span> 
     </span>
     <span class='ocr_line' id='line_1_6' title="bbox 439 694 1830 760; baseline 0.006 -21"><span class='ocrx_word' id='word_1_45' title='bbox 439 712 461 739; x_wconf 89' lang='lat' dir='ltr'>a</span> <span class='ocrx_word' id='word_1_46' title='bbox 480 695 612 740; x_wconf 86' lang='lat' dir='ltr'>milvo</span> <span class='ocrx_word' id='word_1_47' title='bbox 634 695 825 754; x_wconf 87' lang='lat' dir='ltr'>rapiaris.</span> <span class='ocrx_word' id='word_1_48' title='bbox 843 694 966 741; x_wconf 80' lang='lat' dir='ltr'>Milvi</span> <span class='ocrx_word' id='word_1_49' title='bbox 987 706 1090 740; x_wconf 90' lang='lat' dir='ltr'>sunt</span> <span class='ocrx_word' id='word_1_50' title='bbox 1103 698 1217 741; x_wconf 86' lang='lat' dir='ltr'>enirn</span> <span class='ocrx_word' id='word_1_51' title='bbox 1236 703 1372 743; x_wconf 77' lang='lat' dir='ltr'>aereae</span> <span class='ocrx_word' id='word_1_52' title='bbox 1391 710 1626 760; x_wconf 80' lang='lat' dir='ltr'>potestates</span> <span class='ocrx_word' id='word_1_53' title='bbox 1643 738 1654 757; x_wconf 84' lang='lat'>,</span> <span class='ocrx_word' id='word_1_54' title='bbox 1675 703 1830 748; x_wconf 90' lang='lat' dir='ltr'>diabo-</span> 
     </span>
    </p>
   </div>
   <div class='ocr_carea' id='block_1_3' title="bbox 436 765 1885 826">
    <p class='ocr_par' dir='ltr' id='par_1_3' title="bbox 436 765 1885 826">
     <span class='ocr_line' id='line_1_7' title="bbox 436 765 1885 826; baseline 0.006 -16"><span class='ocrx_word' id='word_1_55' title='bbox 436 767 504 810; x_wconf 88' lang='lat' dir='ltr'>lus</span> <span class='ocrx_word' id='word_1_56' title='bbox 529 775 572 810; x_wconf 88' lang='lat' dir='ltr'>et</span> <span class='ocrx_word' id='word_1_57' title='bbox 603 765 745 825; x_wconf 79' lang='lat' dir='ltr'>angeli</span> <span class='ocrx_word' id='word_1_58' title='bbox 763 767 853 826; x_wconf 86' lang='lat' dir='ltr'>ejus</span> <span class='ocrx_word' id='word_1_59' title='bbox 889 786 898 811; x_wconf 88' lang='grc'>;</span> <span class='ocrx_word' id='word_1_60' title='bbox 925 782 1075 826; x_wconf 83' lang='lat' dir='ltr'>rapere</span> <span class='ocrx_word' id='word_1_61' title='bbox 1107 767 1264 812; x_wconf 85' lang='lat' dir='ltr'>volunt</span> <span class='ocrx_word' id='word_1_62' title='bbox 1288 770 1587 816; x_wconf 86' lang='lat' dir='ltr'>infirmitatem</span> <span class='ocrx_word' id='word_1_63' title='bbox 1617 783 1827 819; x_wconf 85' lang='lat' dir='ltr'>nostram.</span> <span class='ocrx_word' id='word_1_64' title='bbox 1880 779 1885 781; x_wconf 68' lang='grc'><strong><em>’</em></strong></span> 
     </span>
    </p>
   </div>
   <div class='ocr_carea' id='block_1_4' title="bbox 438 836 1833 1536">
    <p class='ocr_par' dir='ltr' id='par_1_4' title="bbox 438 836 1833 1536">
     <span class='ocr_line' id='line_1_8' title="bbox 439 836 1833 904; baseline 0.008 -25"><span class='ocrx_word' id='word_1_65' title='bbox 439 836 674 895; x_wconf 86' lang='lat' dir='ltr'>Fugiamus</span> <span class='ocrx_word' id='word_1_66' title='bbox 691 836 773 880; x_wconf 90' lang='lat' dir='ltr'>sub</span> <span class='ocrx_word' id='word_1_67' title='bbox 791 836 880 881; x_wconf 82' lang='lat' dir='ltr'>alas</span> <span class='ocrx_word' id='word_1_68' title='bbox 898 838 1046 882; x_wconf 83' lang='lat' dir='ltr'>matris</span> <span class='ocrx_word' id='word_1_69' title='bbox 1071 839 1303 898; x_wconf 82' lang='lat' dir='ltr'>Sapientiae</span> <span class='ocrx_word' id='word_1_70' title='bbox 1323 859 1333 885; x_wconf 71' lang='grc' dir='ltr'>ε</span> <span class='ocrx_word' id='word_1_71' title='bbox 1355 842 1460 902; x_wconf 89' lang='lat' dir='ltr'>quia</span> <span class='ocrx_word' id='word_1_72' title='bbox 1477 853 1521 887; x_wconf 93' lang='lat' dir='ltr'>et</span> <span class='ocrx_word' id='word_1_73' title='bbox 1540 843 1632 902; x_wconf 88' lang='lat' dir='ltr'>ipsa</span> <span class='ocrx_word' id='word_1_74' title='bbox 1650 845 1833 904; x_wconf 86' lang='lat' dir='ltr'>Sapien-</span> 
     </span>
     <span class='ocr_line' id='line_1_9' title="bbox 438 908 1831 972; baseline 0.007 -21"><span class='ocrx_word' id='word_1_75' title='bbox 438 908 496 952; x_wconf 89' lang='lat' dir='ltr'>tia</span> <span class='ocrx_word' id='word_1_76' title='bbox 518 908 735 952; x_wconf 83' lang='lat' dir='ltr'>infirmata</span> <span class='ocrx_word' id='word_1_77' title='bbox 756 918 820 953; x_wconf 89' lang='lat' dir='ltr'>est</span> <span class='ocrx_word' id='word_1_78' title='bbox 850 920 1027 969; x_wconf 88' lang='lat' dir='ltr'>propter</span> <span class='ocrx_word' id='word_1_79' title='bbox 1055 926 1160 968; x_wconf 80' lang='lat' dir='ltr'>nos3</span> <span class='ocrx_word' id='word_1_80' title='bbox 1192 912 1296 972; x_wconf 87' lang='lat' dir='ltr'>quia</span> <span class='ocrx_word' id='word_1_81' title='bbox 1317 913 1515 958; x_wconf 87' lang='lat' dir='ltr'>Verbum</span> <span class='ocrx_word' id='word_1_82' title='bbox 1538 931 1638 960; x_wconf 89' lang='lat' dir='ltr'>caro</span> <span class='ocrx_word' id='word_1_83' title='bbox 1661 917 1831 961; x_wconf 80' lang='lat' dir='ltr'>factum</span> 
     </span>
     <span class='ocr_line' id='line_1_10' title="bbox 438 979 1830 1046; baseline 0.008 -25"><span class='ocrx_word' id='word_1_84' title='bbox 438 982 544 1022; x_wconf 79' lang='lat' dir='ltr'>est2.</span> <span class='ocrx_word' id='word_1_85' title='bbox 573 979 693 1023; x_wconf 88' lang='lat' dir='ltr'>Sicut</span> <span class='ocrx_word' id='word_1_86' title='bbox 711 979 958 1023; x_wconf 77' lang='lat' dir='ltr'>infirmatur</span> <span class='ocrx_word' id='word_1_87' title='bbox 979 980 1138 1038; x_wconf 85' lang='lat' dir='ltr'>gallina</span> <span class='ocrx_word' id='word_1_88' title='bbox 1160 997 1261 1026; x_wconf 90' lang='lat' dir='ltr'>cum</span> <span class='ocrx_word' id='word_1_89' title='bbox 1284 982 1412 1042; x_wconf 89' lang='lat' dir='ltr'>pullis</span> <span class='ocrx_word' id='word_1_90' title='bbox 1436 985 1548 1029; x_wconf 78' lang='lat' dir='ltr'>suis³</span> <span class='ocrx_word' id='word_1_91' title='bbox 1563 1021 1574 1041; x_wconf 81' lang='lat'><strong>‚</strong></span> <span class='ocrx_word' id='word_1_92' title='bbox 1601 995 1651 1030; x_wconf 90' lang='lat' dir='ltr'>ut</span> <span class='ocrx_word' id='word_1_93' title='bbox 1677 997 1830 1046; x_wconf 88' lang='lat' dir='ltr'>prote-</span> 
     </span>
     <span class='ocr_line' id='line_1_11' title="bbox 441 1049 1830 1119; baseline 0.009 -28"><span class='ocrx_word' id='word_1_94' title='bbox 441 1057 514 1107; x_wconf 83' lang='lat' dir='ltr'>gat</span> <span class='ocrx_word' id='word_1_95' title='bbox 543 1064 615 1093; x_wconf 91' lang='lat' dir='ltr'>eos</span> <span class='ocrx_word' id='word_1_96' title='bbox 637 1049 714 1093; x_wconf 88' lang='lat' dir='ltr'>alis</span> <span class='ocrx_word' id='word_1_97' title='bbox 736 1050 822 1093; x_wconf 89' lang='lat' dir='ltr'>suis</span> <span class='ocrx_word' id='word_1_98' title='bbox 845 1070 853 1095; x_wconf 90' lang='lat'>:</span> <span class='ocrx_word' id='word_1_99' title='bbox 875 1050 934 1095; x_wconf 87' lang='lat' dir='ltr'>sic</span> <span class='ocrx_word' id='word_1_100' title='bbox 960 1052 1171 1096; x_wconf 88' lang='lat' dir='ltr'>Dominus</span> <span class='ocrx_word' id='word_1_101' title='bbox 1194 1063 1341 1098; x_wconf 88' lang='lat' dir='ltr'>noster</span> <span class='ocrx_word' id='word_1_102' title='bbox 1363 1057 1488 1099; x_wconf 89' lang='lat' dir='ltr'>Jesus</span> <span class='ocrx_word' id='word_1_103' title='bbox 1508 1057 1727 1113; x_wconf 81' lang='lat' dir='ltr'>Christus,</span> <span class='ocrx_word' id='word_1_104' title='bbox 1753 1058 1830 1119; x_wconf 90' lang='lat' dir='ltr'>qui</span> 
     </span>
     <span class='ocr_line' id='line_1_12' title="bbox 442 1119 1833 1183; baseline 0.008 -21"><span class='ocrx_word' id='word_1_105' title='bbox 442 1135 544 1163; x_wconf 88' lang='lat' dir='ltr'>cum</span> <span class='ocrx_word' id='word_1_106' title='bbox 565 1119 611 1163; x_wconf 88' lang='lat' dir='ltr'>in</span> <span class='ocrx_word' id='word_1_107' title='bbox 646 1119 783 1164; x_wconf 80' lang='lat' dir='ltr'>forma</span> <span class='ocrx_word' id='word_1_108' title='bbox 810 1121 889 1165; x_wconf 89' lang='lat' dir='ltr'>Dei</span> <span class='ocrx_word' id='word_1_109' title='bbox 910 1131 1043 1177; x_wconf 85' lang='lat' dir='ltr'>esset,</span> <span class='ocrx_word' id='word_1_110' title='bbox 1075 1138 1164 1167; x_wconf 89' lang='lat' dir='ltr'>non</span> <span class='ocrx_word' id='word_1_111' title='bbox 1179 1125 1375 1183; x_wconf 85' lang='lat' dir='ltr'>rapinam</span> <span class='ocrx_word' id='word_1_112' title='bbox 1403 1126 1635 1172; x_wconf 82' lang='lat' dir='ltr'>arbitratus</span> <span class='ocrx_word' id='word_1_113' title='bbox 1661 1138 1726 1173; x_wconf 86' lang='lat' dir='ltr'>est</span> <span class='ocrx_word' id='word_1_114' title='bbox 1742 1143 1833 1173; x_wconf 84' lang='lat' dir='ltr'>esse</span> 
     </span>
     <span class='ocr_line' id='line_1_13' title="bbox 440 1190 1831 1260; baseline 0.008 -26"><span class='ocrx_word' id='word_1_115' title='bbox 440 1190 617 1251; x_wconf 82' lang='lat' dir='ltr'>aequalis</span> <span class='ocrx_word' id='word_1_116' title='bbox 647 1194 759 1246; x_wconf 81' lang='lat' dir='ltr'>Deo,</span> <span class='ocrx_word' id='word_1_117' title='bbox 786 1200 835 1235; x_wconf 94' lang='lat' dir='ltr'>ut</span> <span class='ocrx_word' id='word_1_118' title='bbox 860 1192 1155 1238; x_wconf 84' lang='lat' dir='ltr'>infirmaretur</span> <span class='ocrx_word' id='word_1_119' title='bbox 1177 1195 1427 1252; x_wconf 82' lang='lat' dir='ltr'>nobiscum,</span> <span class='ocrx_word' id='word_1_120' title='bbox 1453 1207 1496 1242; x_wconf 88' lang='lat' dir='ltr'>et</span> <span class='ocrx_word' id='word_1_121' title='bbox 1519 1199 1596 1243; x_wconf 88' lang='lat' dir='ltr'>alis</span> <span class='ocrx_word' id='word_1_122' title='bbox 1615 1200 1702 1244; x_wconf 87' lang='lat' dir='ltr'>suis</span> <span class='ocrx_word' id='word_1_123' title='bbox 1723 1216 1831 1260; x_wconf 92' lang='lat' dir='ltr'>pro—</span> 
     </span>
     <span class='ocr_line' id='line_1_14' title="bbox 440 1263 1827 1331; baseline 0.008 -26"><span class='ocrx_word' id='word_1_124' title='bbox 440 1271 604 1319; x_wconf 81' lang='lat' dir='ltr'>tegeret</span> <span class='ocrx_word' id='word_1_125' title='bbox 619 1278 712 1316; x_wconf 84' lang='lat' dir='ltr'>nos,</span> <span class='ocrx_word' id='word_1_126' title='bbox 729 1263 1009 1322; x_wconf 88' lang='lat' dir='ltr'>semetipsum</span> <span class='ocrx_word' id='word_1_127' title='bbox 1023 1265 1258 1310; x_wconf 81' lang='lat' dir='ltr'>exinanivit</span> <span class='ocrx_word' id='word_1_128' title='bbox 1270 1266 1456 1312; x_wconf 70' lang='lat' dir='ltr'>{ormam</span> <span class='ocrx_word' id='word_1_129' title='bbox 1473 1270 1582 1314; x_wconf 88' lang='lat' dir='ltr'>servi</span> <span class='ocrx_word' id='word_1_130' title='bbox 1595 1271 1827 1331; x_wconf 86' lang='lat' dir='ltr'>accipiens,</span> 
     </span>
     <span class='ocr_line' id='line_1_15' title="bbox 441 1332 1831 1391; baseline 0.009 -16"><span class='ocrx_word' id='word_1_131' title='bbox 441 1333 486 1376; x_wconf 86' lang='lat' dir='ltr'>in</span> <span class='ocrx_word' id='word_1_132' title='bbox 508 1332 836 1377; x_wconf 86' lang='lat' dir='ltr'>similitudinem</span> <span class='ocrx_word' id='word_1_133' title='bbox 853 1335 1082 1379; x_wconf 86' lang='lat' dir='ltr'>hominum</span> <span class='ocrx_word' id='word_1_134' title='bbox 1109 1335 1272 1391; x_wconf 80' lang='lat' dir='ltr'>sactus,</span> <span class='ocrx_word' id='word_1_135' title='bbox 1308 1348 1352 1382; x_wconf 89' lang='lat' dir='ltr'>et</span> <span class='ocrx_word' id='word_1_136' title='bbox 1375 1339 1528 1384; x_wconf 85' lang='lat' dir='ltr'>habitu</span> <span class='ocrx_word' id='word_1_137' title='bbox 1550 1341 1756 1387; x_wconf 89' lang='lat' dir='ltr'>inventus</span> <span class='ocrx_word' id='word_1_138' title='bbox 1778 1352 1831 1388; x_wconf 90' lang='lat' dir='ltr'>ut</span> 
     </span>
     <span class='ocr_line' id='line_1_16' title="bbox 440 1403 1823 1466; baseline 0.008 -19"><span class='ocrx_word' id='word_1_139' title='bbox 440 1403 573 1447; x_wconf 90' lang='lat' dir='ltr'>homo</span> <span class='ocrx_word' id='word_1_140' title='bbox 590 1404 621 1448; x_wconf 83' lang='lat'>4.</span> <span class='ocrx_word' id='word_1_141' title='bbox 653 1422 670 1443; x_wconf 86' lang='lat'>«</span> <span class='ocrx_word' id='word_1_142' title='bbox 695 1407 752 1448; x_wconf 90' lang='lat' dir='ltr'>Et</span> <span class='ocrx_word' id='word_1_143' title='bbox 773 1404 856 1448; x_wconf 84' lang='lat' dir='ltr'>sub</span> <span class='ocrx_word' id='word_1_144' title='bbox 884 1404 959 1449; x_wconf 88' lang='lat' dir='ltr'>alis</span> <span class='ocrx_word' id='word_1_145' title='bbox 977 1407 1067 1466; x_wconf 88' lang='lat' dir='ltr'>ejus</span> <span class='ocrx_word' id='word_1_146' title='bbox 1088 1408 1291 1466; x_wconf 83' lang='lat' dir='ltr'>sperabis.</span> <span class='ocrx_word' id='word_1_147' title='bbox 1319 1411 1452 1455; x_wconf 91' lang='lat' dir='ltr'>Scuto</span> <span class='ocrx_word' id='word_1_148' title='bbox 1475 1412 1760 1458; x_wconf 86' lang='lat' dir='ltr'>circumdabit</span> <span class='ocrx_word' id='word_1_149' title='bbox 1780 1423 1823 1458; x_wconf 87' lang='lat' dir='ltr'>te</span> 
     </span>
     <span class='ocr_line' id='line_1_17' title="bbox 445 1476 1830 1536; baseline 0.01 -19"><span class='ocrx_word' id='word_1_150' title='bbox 445 1493 464 1516; x_wconf 86' lang='lat'>»</span> <span class='ocrx_word' id='word_1_151' title='bbox 500 1476 655 1519; x_wconf 85' lang='lat' dir='ltr'>veritas</span> <span class='ocrx_word' id='word_1_152' title='bbox 676 1477 788 1536; x_wconf 85' lang='lat' dir='ltr'>ejus,</span> <span class='ocrx_word' id='word_1_153' title='bbox 809 1492 900 1520; x_wconf 93' lang='lat' dir='ltr'>non</span> <span class='ocrx_word' id='word_1_154' title='bbox 922 1478 1094 1523; x_wconf 84' lang='lat' dir='ltr'>timebis</span> <span class='ocrx_word' id='word_1_155' title='bbox 1116 1495 1139 1523; x_wconf 86' lang='lat' dir='ltr'>a</span> <span class='ocrx_word' id='word_1_156' title='bbox 1156 1480 1311 1525; x_wconf 83' lang='lat' dir='ltr'>timore</span> <span class='ocrx_word' id='word_1_157' title='bbox 1326 1490 1543 1528; x_wconf 87' lang='lat' dir='ltr'>nocturno</span> <span class='ocrx_word' id='word_1_158' title='bbox 1558 1487 1590 1529; x_wconf 80' lang='lat'>5.</span> <span class='ocrx_word' id='word_1_159' title='bbox 1619 1504 1639 1527; x_wconf 90' lang='lat'>»</span> <span class='ocrx_word' id='word_1_160' title='bbox 1667 1488 1830 1530; x_wconf 88' lang='lat' dir='ltr'>Tenta-</span> 
     </span>
    </p>
   </div>
   <div class='ocr_carea' id='block_1_5' title="bbox 440 1545 1864 1683">
    <p class='ocr_par' dir='ltr' id='par_1_5' title="bbox 440 1545 1911 1683">
     <span class='ocr_line' id='line_1_18' title="bbox 440 1545 1861 1616; baseline 0.002 -27"><span class='ocrx_word' id='word_1_161' title='bbox 440 1545 580 1590; x_wconf 81' lang='lat' dir='ltr'>tiones</span> <span class='ocrx_word' id='word_1_162' title='bbox 609 1546 888 1605; x_wconf 77' lang='lat' dir='ltr'>ignorantiae,</span> <span class='ocrx_word' id='word_1_163' title='bbox 927 1549 1059 1593; x_wconf 86' lang='lat' dir='ltr'>timor</span> <span class='ocrx_word' id='word_1_164' title='bbox 1098 1559 1362 1603; x_wconf 80' lang='lat' dir='ltr'>nocturnus3</span> <span class='ocrx_word' id='word_1_165' title='bbox 1398 1564 1574 1612; x_wconf 87' lang='lat' dir='ltr'>peccata</span> <span class='ocrx_word' id='word_1_166' title='bbox 1611 1556 1826 1613; x_wconf 69' lang='lat' dir='ltr'>scientiae,</span> <span class='ocrx_word' id='word_1_167' title='bbox 1855 1580 1861 1616; x_wconf 62' lang='lat' dir='ltr'>a?</span> 
     </span>
     <span class='ocr_line' id='line_1_19' title="bbox 440 1617 1864 1683; baseline 0.009 -23"><span class='ocrx_word' id='word_1_168' title='bbox 440 1617 593 1674; x_wconf 88' lang='lat' dir='ltr'>sagitta</span> <span class='ocrx_word' id='word_1_169' title='bbox 614 1617 765 1662; x_wconf 85' lang='lat' dir='ltr'>volans</span> <span class='ocrx_word' id='word_1_170' title='bbox 789 1634 865 1678; x_wconf 87' lang='lat' dir='ltr'>per</span> <span class='ocrx_word' id='word_1_171' title='bbox 884 1618 1014 1664; x_wconf 86' lang='lat' dir='ltr'>diem.</span> <span class='ocrx_word' id='word_1_172' title='bbox 1040 1623 1092 1664; x_wconf 94' lang='lat' dir='ltr'>In</span> <span class='ocrx_word' id='word_1_173' title='bbox 1109 1631 1238 1666; x_wconf 89' lang='lat' dir='ltr'>nocte</span> <span class='ocrx_word' id='word_1_174' title='bbox 1260 1623 1377 1668; x_wconf 90' lang='lat' dir='ltr'>enim</span> <span class='ocrx_word' id='word_1_175' title='bbox 1399 1625 1640 1683; x_wconf 82' lang='lat' dir='ltr'>ignorantia</span> <span class='ocrx_word' id='word_1_176' title='bbox 1662 1627 1828 1672; x_wconf 87' lang='lat' dir='ltr'>intelli-</span> <span class='ocrx_word' id='word_1_177' title='bbox 1859 1619 1864 1630; x_wconf 49' lang='lat'>²</span> 
     </span>
    </p>
   </div>
   <div class='ocr_carea' id='block_1_6' title="bbox 378 1688 1829 2609">
    <p class='ocr_par' dir='ltr' id='par_1_6' title="bbox 378 1688 1829 2609">
     <span class='ocr_line' id='line_1_20' title="bbox 441 1688 1827 1756; baseline 0.01 -27"><span class='ocrx_word' id='word_1_178' title='bbox 441 1688 575 1745; x_wconf 78' lang='lat' dir='ltr'>gitur,</span> <span class='ocrx_word' id='word_1_179' title='bbox 610 1688 657 1731; x_wconf 92' lang='lat' dir='ltr'>in</span> <span class='ocrx_word' id='word_1_180' title='bbox 689 1688 759 1732; x_wconf 86' lang='lat' dir='ltr'>die</span> <span class='ocrx_word' id='word_1_181' title='bbox 782 1688 1088 1735; x_wconf 86' lang='lat' dir='ltr'>manifestatio.</span> <span class='ocrx_word' id='word_1_182' title='bbox 1123 1694 1234 1736; x_wconf 90' lang='lat' dir='ltr'>Sunt</span> <span class='ocrx_word' id='word_1_183' title='bbox 1254 1694 1331 1753; x_wconf 90' lang='lat' dir='ltr'>qui</span> <span class='ocrx_word' id='word_1_184' title='bbox 1353 1695 1600 1752; x_wconf 84' lang='lat' dir='ltr'>ignorantes</span> <span class='ocrx_word' id='word_1_185' title='bbox 1622 1708 1827 1756; x_wconf 88' lang='lat' dir='ltr'>peccant,</span> 
     </span>
     <span class='ocr_line' id='line_1_21' title="bbox 439 1759 1829 1827; baseline 0.009 -24"><span class='ocrx_word' id='word_1_186' title='bbox 439 1768 542 1803; x_wconf 84' lang='lat' dir='ltr'>sunt</span> <span class='ocrx_word' id='word_1_187' title='bbox 564 1759 640 1820; x_wconf 85' lang='lat' dir='ltr'>qui</span> <span class='ocrx_word' id='word_1_188' title='bbox 661 1759 842 1804; x_wconf 88' lang='lat' dir='ltr'>scientes</span> <span class='ocrx_word' id='word_1_189' title='bbox 868 1772 1064 1820; x_wconf 86' lang='lat' dir='ltr'>peccant.</span> <span class='ocrx_word' id='word_1_190' title='bbox 1090 1764 1176 1816; x_wconf 88' lang='lat' dir='ltr'>Qui</span> <span class='ocrx_word' id='word_1_191' title='bbox 1203 1764 1450 1823; x_wconf 87' lang='lat' dir='ltr'>ignorantes</span> <span class='ocrx_word' id='word_1_192' title='bbox 1482 1778 1687 1827; x_wconf 84' lang='lat' dir='ltr'>peccant,</span> <span class='ocrx_word' id='word_1_193' title='bbox 1719 1786 1743 1814; x_wconf 90' lang='lat' dir='ltr'>a</span> <span class='ocrx_word' id='word_1_194' title='bbox 1768 1771 1829 1815; x_wconf 86' lang='lat' dir='ltr'>ti-</span> 
     </span>
     <span class='ocr_line' id='line_1_22' title="bbox 440 1831 1828 1898; baseline 0.011 -27"><span class='ocrx_word' id='word_1_195' title='bbox 440 1845 561 1873; x_wconf 89' lang='lat' dir='ltr'>more</span> <span class='ocrx_word' id='word_1_196' title='bbox 594 1839 811 1874; x_wconf 85' lang='lat' dir='ltr'>nocturno</span> <span class='ocrx_word' id='word_1_197' title='bbox 843 1831 1184 1891; x_wconf 86' lang='lat' dir='ltr'>supplantantur</span> <span class='ocrx_word' id='word_1_198' title='bbox 1205 1836 1310 1895; x_wconf 88' lang='lat' dir='ltr'>:qui</span> <span class='ocrx_word' id='word_1_199' title='bbox 1343 1837 1526 1882; x_wconf 81' lang='lat' dir='ltr'>scientes</span> <span class='ocrx_word' id='word_1_200' title='bbox 1558 1850 1764 1898; x_wconf 80' lang='lat' dir='ltr'>peccant,</span> <span class='ocrx_word' id='word_1_201' title='bbox 1803 1857 1828 1886; x_wconf 85' lang='lat' dir='ltr'>a</span> 
     </span>
     <span class='ocr_line' id='line_1_23' title="bbox 438 1899 1822 1963; baseline 0.011 -21"><span class='ocrx_word' id='word_1_202' title='bbox 438 1900 591 1958; x_wconf 87' lang='lat' dir='ltr'>sagitta</span> <span class='ocrx_word' id='word_1_203' title='bbox 617 1899 793 1944; x_wconf 83' lang='lat' dir='ltr'>volante</span> <span class='ocrx_word' id='word_1_204' title='bbox 815 1916 892 1960; x_wconf 90' lang='lat' dir='ltr'>per</span> <span class='ocrx_word' id='word_1_205' title='bbox 921 1901 1037 1946; x_wconf 90' lang='lat' dir='ltr'>diem</span> <span class='ocrx_word' id='word_1_206' title='bbox 1060 1906 1251 1963; x_wconf 89' lang='lat' dir='ltr'>percussi</span> <span class='ocrx_word' id='word_1_207' title='bbox 1273 1916 1392 1952; x_wconf 80' lang='lat' dir='ltr'>suut.</span> <span class='ocrx_word' id='word_1_208' title='bbox 1419 1911 1523 1953; x_wconf 78' lang='lat' dir='ltr'>Haec</span> <span class='ocrx_word' id='word_1_209' title='bbox 1551 1920 1697 1955; x_wconf 87' lang='lat' dir='ltr'>autem</span> <span class='ocrx_word' id='word_1_210' title='bbox 1720 1927 1822 1956; x_wconf 91' lang='lat' dir='ltr'>cum</span> 
     </span>
     <span class='ocr_line' id='line_1_24' title="bbox 437 1970 1826 2041; baseline 0.012 -29"><span class='ocrx_word' id='word_1_211' title='bbox 437 1970 483 2014; x_wconf 90' lang='lat' dir='ltr'>in</span> <span class='ocrx_word' id='word_1_212' title='bbox 524 1970 792 2029; x_wconf 87' lang='lat' dir='ltr'>gravioribus</span> <span class='ocrx_word' id='word_1_213' title='bbox 823 1975 1198 2031; x_wconf 85' lang='lat' dir='ltr'>persecutionibus</span> <span class='ocrx_word' id='word_1_214' title='bbox 1234 1977 1369 2033; x_wconf 80' lang='lat' dir='ltr'>fiunt,</span> <span class='ocrx_word' id='word_1_215' title='bbox 1408 1996 1639 2041; x_wconf 87' lang='lat' dir='ltr'>quousque</span> <span class='ocrx_word' id='word_1_216' title='bbox 1670 1998 1826 2041; x_wconf 83' lang='lat' dir='ltr'>perve-</span> 
     </span>
     <span class='ocr_line' id='line_1_25' title="bbox 437 2042 1828 2109; baseline 0.009 -24"><span class='ocrx_word' id='word_1_217' title='bbox 437 2042 582 2085; x_wconf 87' lang='lat' dir='ltr'>niatur</span> <span class='ocrx_word' id='word_1_218' title='bbox 603 2051 812 2101; x_wconf 87' lang='lat' dir='ltr'>tanquam</span> <span class='ocrx_word' id='word_1_219' title='bbox 833 2042 888 2087; x_wconf 88' lang='lat' dir='ltr'>ad</span> <span class='ocrx_word' id='word_1_220' title='bbox 900 2045 1147 2101; x_wconf 83' lang='lat' dir='ltr'>meridiem,</span> <span class='ocrx_word' id='word_1_221' title='bbox 1172 2047 1440 2109; x_wconf 87' lang='lat' dir='ltr'>quicumque</span> <span class='ocrx_word' id='word_1_222' title='bbox 1460 2050 1536 2095; x_wconf 88' lang='lat' dir='ltr'>illo</span> <span class='ocrx_word' id='word_1_223' title='bbox 1553 2051 1696 2096; x_wconf 88' lang='lat' dir='ltr'>calore</span> <span class='ocrx_word' id='word_1_224' title='bbox 1716 2054 1828 2098; x_wconf 89' lang='lat' dir='ltr'>ceci-</span> 
     </span>
     <span class='ocr_line' id='line_1_26' title="bbox 438 2112 1825 2173; baseline 0.012 -19"><span class='ocrx_word' id='word_1_225' title='bbox 438 2112 571 2167; x_wconf 81' lang='lat' dir='ltr'>derit,</span> <span class='ocrx_word' id='word_1_226' title='bbox 600 2121 809 2173; x_wconf 87' lang='lat' dir='ltr'>tanquam</span> <span class='ocrx_word' id='word_1_227' title='bbox 837 2129 860 2157; x_wconf 92' lang='lat' dir='ltr'>a</span> <span class='ocrx_word' id='word_1_228' title='bbox 887 2113 1107 2160; x_wconf 86' lang='lat' dir='ltr'>daemonio</span> <span class='ocrx_word' id='word_1_229' title='bbox 1128 2117 1369 2163; x_wconf 87' lang='lat' dir='ltr'>meridiano</span> <span class='ocrx_word' id='word_1_230' title='bbox 1395 2120 1535 2166; x_wconf 89' lang='lat' dir='ltr'>cadet.</span> <span class='ocrx_word' id='word_1_231' title='bbox 1563 2125 1620 2167; x_wconf 86' lang='lat' dir='ltr'>Et</span> <span class='ocrx_word' id='word_1_232' title='bbox 1648 2124 1778 2169; x_wconf 89' lang='lat' dir='ltr'>multi</span> <span class='ocrx_word' id='word_1_233' title='bbox 1799 2141 1825 2170; x_wconf 89' lang='lat' dir='ltr'>a</span> 
     </span>
     <span class='ocr_line' id='line_1_27' title="bbox 436 2180 1821 2248; baseline 0.01 -21"><span class='ocrx_word' id='word_1_234' title='bbox 436 2182 578 2227; x_wconf 88' lang='lat' dir='ltr'>calore</span> <span class='ocrx_word' id='word_1_235' title='bbox 596 2182 678 2227; x_wconf 88' lang='lat' dir='ltr'>isto</span> <span class='ocrx_word' id='word_1_236' title='bbox 700 2183 952 2228; x_wconf 84' lang='lat' dir='ltr'>ceciderunt</span> <span class='ocrx_word' id='word_1_237' title='bbox 968 2220 979 2239; x_wconf 87' lang='lat'>‚</span> <span class='ocrx_word' id='word_1_238' title='bbox 1005 2180 1215 2247; x_wconf 76' lang='lat' dir='ltr'>siciitjam</span> <span class='ocrx_word' id='word_1_239' title='bbox 1234 2191 1509 2248; x_wconf 87' lang='lat' dir='ltr'>exposuimus</span> <span class='ocrx_word' id='word_1_240' title='bbox 1524 2193 1729 2240; x_wconf 87' lang='lat' dir='ltr'>hesterno</span> <span class='ocrx_word' id='word_1_241' title='bbox 1750 2196 1821 2240; x_wconf 87' lang='lat' dir='ltr'>die</span> 
     </span>
     <span class='ocr_line' id='line_1_28' title="bbox 378 2253 1821 2321; baseline 0.01 -24"><span class='ocrx_word' id='word_1_242' title='bbox 378 2270 379 2273; x_wconf 47' lang='lat'>¹</span> <span class='ocrx_word' id='word_1_243' title='bbox 435 2253 646 2298; x_wconf 87' lang='lat' dir='ltr'>Charitati</span> <span class='ocrx_word' id='word_1_244' title='bbox 668 2256 832 2298; x_wconf 78' lang='lat' dir='ltr'>Vestrae</span> <span class='ocrx_word' id='word_1_245' title='bbox 853 2274 862 2299; x_wconf 91' lang='lat'>:</span> <span class='ocrx_word' id='word_1_246' title='bbox 883 2256 985 2315; x_wconf 84' lang='lat' dir='ltr'>quia</span> <span class='ocrx_word' id='word_1_247' title='bbox 1000 2256 1195 2302; x_wconf 86' lang='lat' dir='ltr'>fervente</span> <span class='ocrx_word' id='word_1_248' title='bbox 1212 2261 1511 2318; x_wconf 87' lang='lat' dir='ltr'>persecutione</span> <span class='ocrx_word' id='word_1_249' title='bbox 1527 2263 1694 2309; x_wconf 87' lang='lat' dir='ltr'>dictum</span> <span class='ocrx_word' id='word_1_250' title='bbox 1711 2275 1775 2310; x_wconf 90' lang='lat' dir='ltr'>est</span> <span class='ocrx_word' id='word_1_251' title='bbox 1788 2268 1821 2321; x_wconf 75' lang='lat'>⁶,</span> 
     </span>
     <span class='ocr_line' id='line_1_29' title="bbox 435 2326 1820 2393; baseline 0.011 -26"><span class='ocrx_word' id='word_1_252' title='bbox 435 2326 740 2384; x_wconf 85' lang='lat' dir='ltr'>Torqueantur</span> <span class='ocrx_word' id='word_1_253' title='bbox 765 2326 1032 2382; x_wconf 84' lang='lat' dir='ltr'>Christiani,</span> <span class='ocrx_word' id='word_1_254' title='bbox 1067 2326 1208 2373; x_wconf 89' lang='lat' dir='ltr'>donec</span> <span class='ocrx_word' id='word_1_255' title='bbox 1242 2340 1401 2388; x_wconf 85' lang='lat' dir='ltr'>negent</span> <span class='ocrx_word' id='word_1_256' title='bbox 1429 2332 1551 2393; x_wconf 80' lang='lat' dir='ltr'>quod</span> <span class='ocrx_word' id='word_1_257' title='bbox 1581 2336 1820 2381; x_wconf 85' lang='lat' dir='ltr'>Christiani</span> 
     </span>
     <span class='ocr_line' id='line_1_30' title="bbox 433 2395 1823 2466; baseline 0.012 -29"><span class='ocrx_word' id='word_1_258' title='bbox 433 2403 548 2438; x_wconf 90' lang='lat' dir='ltr'>sunt.</span> <span class='ocrx_word' id='word_1_259' title='bbox 572 2396 686 2439; x_wconf 92' lang='lat' dir='ltr'>Cum</span> <span class='ocrx_word' id='word_1_260' title='bbox 706 2404 832 2439; x_wconf 85' lang='lat' dir='ltr'>antea</span> <span class='ocrx_word' id='word_1_261' title='bbox 854 2395 1043 2441; x_wconf 87' lang='lat' dir='ltr'>solerent</span> <span class='ocrx_word' id='word_1_262' title='bbox 1059 2396 1244 2443; x_wconf 84' lang='lat' dir='ltr'>confessi</span> <span class='ocrx_word' id='word_1_263' title='bbox 1267 2403 1459 2459; x_wconf 82' lang='lat' dir='ltr'>percuti,</span> <span class='ocrx_word' id='word_1_264' title='bbox 1485 2404 1541 2448; x_wconf 84' lang='lat' dir='ltr'>ad</span> <span class='ocrx_word' id='word_1_265' title='bbox 1566 2405 1649 2450; x_wconf 90' lang='lat' dir='ltr'>hoc</span> <span class='ocrx_word' id='word_1_266' title='bbox 1672 2417 1823 2466; x_wconf 87' lang='lat' dir='ltr'>postea</span> 
     </span>
     <span class='ocr_line' id='line_1_31' title="bbox 433 2465 1824 2525; baseline 0.012 -18"><span class='ocrx_word' id='word_1_267' title='bbox 433 2465 753 2525; x_wconf 86' lang='lat' dir='ltr'>torquebantur</span> <span class='ocrx_word' id='word_1_268' title='bbox 773 2475 824 2509; x_wconf 90' lang='lat' dir='ltr'>ut</span> <span class='ocrx_word' id='word_1_269' title='bbox 846 2477 1067 2524; x_wconf 85' lang='lat' dir='ltr'>negarent.</span> <span class='ocrx_word' id='word_1_270' title='bbox 1090 2471 1261 2514; x_wconf 89' lang='lat' dir='ltr'>Etcum</span> <span class='ocrx_word' id='word_1_271' title='bbox 1284 2473 1425 2516; x_wconf 89' lang='lat' dir='ltr'>omnis</span> <span class='ocrx_word' id='word_1_272' title='bbox 1442 2489 1541 2519; x_wconf 87' lang='lat' dir='ltr'>reus</span> <span class='ocrx_word' id='word_1_273' title='bbox 1563 2475 1718 2521; x_wconf 84' lang='lat' dir='ltr'>tandiu</span> <span class='ocrx_word' id='word_1_274' title='bbox 1731 2487 1824 2523; x_wconf 89' lang='lat' dir='ltr'>tor-</span> 
     </span>
     <span class='ocr_line' id='line_1_32' title="bbox 432 2536 1824 2609; baseline 0.011 -31"><span class='ocrx_word' id='word_1_275' title='bbox 432 2546 640 2597; x_wconf 84' lang='lat' dir='ltr'>queatur,</span> <span class='ocrx_word' id='word_1_276' title='bbox 661 2536 857 2596; x_wconf 88' lang='lat' dir='ltr'>quandiu</span> <span class='ocrx_word' id='word_1_277' title='bbox 875 2547 1026 2597; x_wconf 79' lang='lat' dir='ltr'>neget3</span> <span class='ocrx_word' id='word_1_278' title='bbox 1046 2539 1392 2587; x_wconf 86' lang='lat' dir='ltr'>Christianorum</span> <span class='ocrx_word' id='word_1_279' title='bbox 1411 2545 1626 2606; x_wconf 72' lang='lat' dir='ltr'>confessio</span> <span class='ocrx_word' id='word_1_280' title='bbox 1644 2557 1824 2609; x_wconf 83' lang='lat' dir='ltr'>torque-</span> 
     </span>
    </p>
   </div>
   <div class='ocr_carea' id='block_1_7' title="bbox 437 2621 1817 2722">
    <p class='ocr_par' dir='ltr' id='par_1_7' title="bbox 437 2621 1817 2722">
     <span class='ocr_line' id='line_1_33' title="bbox 479 2621 1817 2677; baseline 0.012 -25"><span class='ocrx_word' id='word_1_281' title='bbox 479 2629 488 2645; x_wconf 91' lang='lat'><strong>¹</strong></span> <span class='ocrx_word' id='word_1_282' title='bbox 508 2622 591 2653; x_wconf 82' lang='lat' dir='ltr'>Psal.</span> <span class='ocrx_word' id='word_1_283' title='bbox 606 2633 656 2663; x_wconf 86' lang='lat' dir='ltr'>xc,</span> <span class='ocrx_word' id='word_1_284' title='bbox 671 2621 704 2664; x_wconf 68' lang='grc'>4.</span> <span class='ocrx_word' id='word_1_285' title='bbox 720 2639 762 2644; x_wconf 94' lang='grc'>-</span> <span class='ocrx_word' id='word_1_286' title='bbox 779 2630 791 2644; x_wconf 86' lang='lat'><strong>²</strong></span> <span class='ocrx_word' id='word_1_287' title='bbox 808 2625 901 2655; x_wconf 87' lang='lat' dir='ltr'>Joan.</span> <span class='ocrx_word' id='word_1_288' title='bbox 921 2635 944 2664; x_wconf 85' lang='lat'>1,</span> <span class='ocrx_word' id='word_1_289' title='bbox 963 2623 1013 2666; x_wconf 63' lang='lat'>14.</span> <span class='ocrx_word' id='word_1_290' title='bbox 1037 2641 1079 2647; x_wconf 94' lang='lat'>--</span> <span class='ocrx_word' id='word_1_291' title='bbox 1099 2624 1112 2648; x_wconf 84' lang='grc'>3</span> <span class='ocrx_word' id='word_1_292' title='bbox 1130 2627 1242 2658; x_wconf 75' lang='lat' dir='ltr'>Matth.</span> <span class='ocrx_word' id='word_1_293' title='bbox 1265 2639 1356 2670; x_wconf 80' lang='lat' dir='ltr'>xxm,</span> <span class='ocrx_word' id='word_1_294' title='bbox 1379 2630 1433 2672; x_wconf 78' lang='lat'>37.</span> <span class='ocrx_word' id='word_1_295' title='bbox 1452 2648 1493 2653; x_wconf 88' lang='lat'>—</span> <span class='ocrx_word' id='word_1_296' title='bbox 1511 2631 1527 2654; x_wconf 71' lang='lat'><strong><em>⁶</em></strong></span> <span class='ocrx_word' id='word_1_297' title='bbox 1546 2633 1657 2677; x_wconf 84' lang='lat' dir='ltr'>Philip.</span> <span class='ocrx_word' id='word_1_298' title='bbox 1678 2646 1716 2676; x_wconf 78' lang='grc' dir='ltr'>ιι,</span> <span class='ocrx_word' id='word_1_299' title='bbox 1732 2635 1768 2676; x_wconf 82' lang='grc'>6,</span> <span class='ocrx_word' id='word_1_300' title='bbox 1787 2646 1817 2677; x_wconf 84' lang='grc'>7.</span> 
     </span>
     <span class='ocr_line' id='line_1_34' title="bbox 437 2675 1331 2722; baseline 0.008 -13"><span class='ocrx_word' id='word_1_301' title='bbox 437 2694 480 2701; x_wconf 84' lang='lat'>-</span> <span class='ocrx_word' id='word_1_302' title='bbox 496 2675 512 2700; x_wconf 84' lang='lat'><em>5</em></span> <span class='ocrx_word' id='word_1_303' title='bbox 530 2676 612 2710; x_wconf 77' lang='lat' dir='ltr'>Psal.</span> <span class='ocrx_word' id='word_1_304' title='bbox 633 2688 683 2720; x_wconf 81' lang='lat' dir='ltr'>xc,</span> <span class='ocrx_word' id='word_1_305' title='bbox 698 2677 730 2710; x_wconf 88' lang='lat'>5.</span> <span class='ocrx_word' id='word_1_306' title='bbox 746 2694 788 2700; x_wconf 90' lang='lat'>—</span> <span class='ocrx_word' id='word_1_307' title='bbox 805 2676 820 2700; x_wconf 79' lang='grc'><strong>6</strong></span> <span class='ocrx_word' id='word_1_308' title='bbox 844 2680 880 2711; x_wconf 88' lang='lat' dir='ltr'>In</span> <span class='ocrx_word' id='word_1_309' title='bbox 903 2679 1055 2722; x_wconf 83' lang='lat' dir='ltr'>superiori</span> <span class='ocrx_word' id='word_1_310' title='bbox 1072 2682 1228 2714; x_wconf 86' lang='lat' dir='ltr'>Sermone</span> <span class='ocrx_word' id='word_1_311' title='bbox 1246 2694 1277 2716; x_wconf 88' lang='lat' dir='ltr'>n.</span> <span class='ocrx_word' id='word_1_312' title='bbox 1297 2683 1331 2716; x_wconf 89' lang='lat'>8.</span> 
     </span>
    </p>
   </div>
  </div>
 </body>
</html>
