1926 3339
470 235 548 274 114
897 250 929 274 s.
967 248 1196 275 AUGUSTINI
1230 247 1409 272 EPLSCOPI

469 332 487 352 »
522 327 609 371 qua
630 319 842 370 potestate
865 311 944 355 ista
964 309 1112 355 faciol.
1135 329 1156 352 »
1181 312 1268 354 Vos
1290 308 1430 353 dicitis
1447 322 1522 351 vos
1544 306 1707 350 nescire
1728 306 1850 365 quod

463 381 579 425 scitis
595 417 606 436 ,
629 396 709 440 ego
730 381 855 425 vobis
886 396 977 425 non
999 379 1096 425 dico
1120 379 1240 440 quod
1269 378 1475 440 quaeritis.
1508 376 1613 430 Quia
1645 391 1695 419 ex
1728 375 1850 421 nulla

463 461 584 511 parte
601 452 716 495 exire
737 452 829 495 ausi
850 451 950 496 estis
965 486 976 505 ‚
1003 451 1048 494 in
1069 451 1219 494 vestris
1243 448 1432 493 tenebris
1456 445 1730 490 remansistis.
1754 445 1850 490 Ob-

464 531 754 581 temperemus
774 537 876 580 ergo
893 530 936 564 et
958 536 1057 575 nos,
1080 521 1114 563 si
1136 535 1384 578 possumus,
1405 518 1564 562 dicenti
1587 516 1721 561 verbo
1738 515 1817 559 Dei
1837 534 1848 561 ι

466 611 486 633 «
520 592 672 651 Capite
695 591 820 635 nobis
853 590 1005 648 vulpes
1039 589 1215 648 pusillas
1243 589 1577 632 exterminantes
1608 586 1797 630 vineas2.
1825 603 1849 626 »

463 661 698 705 Videamus
717 661 750 703 si
772 669 814 703 et
830 675 908 704 nos
924 659 1135 719 quasdam
1154 659 1407 718 vulpeculas
1428 672 1581 716 capere
1603 670 1848 715 possumus.

461 734 760 790 Proponamus
783 729 839 773 ad
856 728 1053 781 foramen
1075 738 1335 788 utrumque,
1360 738 1410 772 ut
1431 727 1550 771 unde
1567 726 1720 786 vulpes
1737 726 1852 770 exire

461 800 648 844 voluerit
664 836 676 856 ,
705 800 915 860 capiatur.
942 799 1076 843 Verbi
1102 799 1236 857 gratia
1253 834 1264 853 ‚
1295 798 1537 843 Manichaeo
1571 795 1746 841 facienti
1771 795 1853 840 sibi

461 874 600 916 Deum
626 880 843 916 recentem
862 906 873 926 ,
904 880 947 914 et
970 871 1016 914 in
1044 870 1175 915 corde
1197 886 1276 915 suo
1298 869 1480 929 ponenti
1503 868 1623 929 quod
1644 883 1734 913 non
1755 876 1819 911 est
1836 901 1848 923 ,

460 940 654 986 dicamus
677 951 720 986 et
740 941 1058 1000 interrogemus
1087 955 1187 984 eum
1212 956 1221 980 ε
1253 939 1502 984 Substantia
1529 939 1603 982 Dei
1632 936 1852 996 corrupti-

461 1011 558 1055 bilis
590 1021 652 1055 est
669 1047 680 1065 ‚
712 1027 767 1055 an
789 1009 1160 1069 incorruptibilis?
1195 1009 1319 1068 Elige
1347 1009 1469 1069 quod
1500 1009 1563 1053 vis
1579 1043 1589 1063 ‚
1614 1016 1659 1051 et
1679 1007 1745 1050 exi
1766 1022 1853 1067 qua

462 1081 523 1125 vis
540 1116 551 1136 ‚
582 1080 658 1124 sed
686 1097 774 1124 non
803 1081 1001 1139 effugies.
1041 1080 1084 1124 Si
1113 1079 1269 1122 dixeris
1297 1098 1305 1123 ι
1342 1077 1676 1137 Corruptibilis3
1710 1092 1800 1121 non
1828 1092 1853 1121 a

464 1152 642 1211 populo,
664 1151 739 1195 sed
762 1168 784 1195 a
808 1161 850 1195 te
872 1152 964 1210 ipso
992 1149 1256 1209 lapidaberis
1277 1169 1286 1194 z
1309 1151 1343 1194 si
1363 1159 1509 1194 autem
1528 1148 1684 1193 dixeris
1705 1149 1852 1192 incor-

1916 457 1922 626 -.--.-...--.
1917 340 1922 449 >-—*-⁷-
1917 161 1926 328 r-z-—x-x-mff

461 1223 715 1282 ruptibilem
736 1225 872 1267 Deum
893 1244 904 1279 3
922 1221 1264 1281 incorruptibilis
1281 1220 1503 1282 quomodo
1520 1221 1666 1265 timuit
1679 1229 1851 1278 gentem
1913 1223 1917 1260 .“

464 1293 773 1336 tenebrarum?
802 1292 921 1345 Quid
949 1291 1119 1336 lactura
1149 1301 1242 1335 erat
1268 1290 1590 1351 incorruptibili
1624 1306 1727 1349 gens
1755 1306 1859 1335 cor-2-

463 1363 709 1422 ruptionis?
735 1363 851 1416 Quid
883 1371 1015 1406 restat
1042 1362 1123 1406 nisi
1159 1371 1208 1406 ut
1245 1361 1414 1407 dicatur
1440 1378 1448 1402 :
1481 1361 1734 1407 Nescimus?
1767 1359 1853 1406 Sed

465 1444 610 1478 tamen
632 1435 666 1479 si
683 1435 765 1479 hoc
784 1450 874 1479 non
896 1433 999 1479 dolo
1015 1470 1026 1488 ‚
1051 1433 1128 1478 sed
1148 1434 1394 1493 ignorantia
1414 1432 1590 1487 dicitur,
1607 1448 1697 1477 non
1712 1447 1854 1477 rema-

463 1513 564 1548 neat
580 1505 624 1548 in
643 1505 833 1548 tenebris
848 1540 860 1559 ,
883 1521 934 1548 ex
955 1504 1086 1564 vulpe
1109 1505 1184 1548 fiat
1205 1504 1296 1549 ovis
1313 1539 1324 1559 ‚
1351 1502 1499 1548 credat
1521 1502 1756 1558 invisibili,
1780 1503 1851 1548 inr-

462 1573 733 1633 corruptibili
765 1574 845 1619 soli
872 1577 990 1630 Deo,
1031 1590 1121 1618 non
1154 1574 1344 1632 recenti3
1375 1573 1456 1619 soli
1486 1574 1542 1618 ab
1574 1589 1626 1618 eo
1647 1572 1768 1633 quod
1789 1582 1854 1618 est

461 1646 600 1701 solus,
626 1661 715 1689 non
739 1646 793 1690 ab
819 1661 870 1690 eo
892 1645 1013 1706 quod
1036 1655 1099 1689 est
1121 1645 1208 1700 sol,
1234 1661 1288 1690 ne
1318 1661 1396 1690 nos
1419 1645 1500 1704 ipsi
1522 1644 1644 1704 vulpi
1664 1643 1863 1703 fugienti>

463 1716 589 1760 aliam
608 1731 838 1761 cavernam
859 1716 1075 1776 aperuisse
1106 1716 1344 1760 videamur.
1370 1720 1629 1775 Quanquam
1657 1729 1738 1763 nec
1767 1730 1852 1764 no-

463 1801 564 1830 men
591 1786 690 1831 solis
713 1786 1059 1831 formidabimus.
1085 1790 1163 1831 Est
1185 1786 1300 1830 enim
1322 1786 1368 1829 in
1401 1785 1631 1845 Scripturis
1662 1785 1847 1833 nostris:

467 1876 489 1898 (ι
525 1855 597 1901 Sol
617 1857 795 1916 justitiae
814 1892 824 1912 ,
845 1866 889 1901 et
905 1857 1064 1900 sanitas
1086 1856 1130 1900 in
1153 1856 1305 1916 pennis
1325 1857 1460 1916 ejusss.
1484 1874 1506 1897 »
1533 1855 1602 1901 Ab
1619 1865 1728 1901 aestu
1753 1855 1852 1901 solis

461 1928 593 1987 hujus
627 1928 784 1971 umbra
814 1927 1034 1986 appetitur
1060 1946 1070 1971 ·.
1103 1927 1184 1975 sub
1215 1926 1302 1971 alas
1325 1935 1470 1970 autem
1500 1926 1599 1971 solis
1627 1927 1758 1987 hujus
1794 1927 1861 1971 al»

461 2007 569 2042 aestu
599 1997 786 2056 fugitur3
811 1998 968 2042 sanitas
994 1997 1109 2041 enim
1133 1997 1179 2041 in
1202 1997 1354 2057 pennis
1377 1999 1483 2058 ejus.
1515 2001 1601 2043 Iste
1623 2007 1686 2042 est
1708 1998 1772 2042 sol
1786 1996 1861 2043 de-

459 2084 548 2130 qvuo
568 2069 726 2113 dicturi
748 2078 849 2113 sunt
864 2068 988 2128 impii
1013 2088 1021 2113 :
1047 2071 1162 2127 Ergo
1179 2070 1417 2114 erravimus
1435 2085 1458 2113 a
1475 2069 1544 2113 via
1564 2069 1753 2114 veritatis
1769 2104 1780 2125 ,
1805 2078 1859 2113 etv

463 2160 483 2183 »
514 2140 692 2201 justitiae
717 2140 869 2184 lumen
900 2155 988 2184 non
1017 2139 1125 2183 luxit
1156 2139 1308 2195 nobis,
1342 2149 1385 2184 et
1415 2139 1478 2184 sol
1509 2155 1601 2184 non
1633 2149 1697 2185 est
1728 2149 1849 2185 ortus

462 2230 482 2252 »
516 2210 643 2254 nobis
658 2211 689 2254 4.
711 2228 730 2251 n
750 2210 916 2254 Dicturi
938 2218 1039 2253 sunt
1061 2209 1309 2254 adoratores
1328 2210 1427 2254 solis
1447 2229 1455 2255 z
1480 2230 1501 2253 «
1525 2211 1598 2255 Sol
1617 2227 1707 2255 non
1728 2215 1864 2256 ortus?

461 2300 481 2322 »
517 2290 579 2324 est
595 2280 748 2324 nobis:
772 2298 792 2321 »
825 2281 927 2340 quia
948 2296 1049 2324 cum
1071 2280 1255 2325 adorent
1276 2281 1434 2336 solem,
1459 2296 1591 2341 quem
1614 2280 1720 2326 facit
1745 2280 1855 2326 oriri?

457 2367 586 2411 super
608 2351 746 2395 bonos
763 2359 806 2394 et
829 2349 963 2394 malos
979 2352 1010 2405 ⁵,
1030 2367 1119 2395 non
1141 2360 1204 2395 cst
1226 2351 1284 2395 eis
1304 2360 1424 2396 ortus
1445 2351 1532 2406 sol,
1560 2352 1637 2412 qui
1658 2351 1771 2396 solos
1792 2351 1848 2397 il.-

455 2421 643 2466 luminat
677 2422 828 2466 bonos.
864 2421 1050 2465 Faciunt
1082 2422 1163 2465 sibi
1192 2436 1289 2480 crgo
1322 2421 1425 2466 deos
1461 2431 1652 2467 recentes
1683 2422 1849 2482 quique

506 2525 511 2540 ¹
536 2518 648 2550 matth.
670 2529 736 2557 xxi,
762 2518 878 2560 23·27‚
899 2522 931 2549 et
950 2520 1027 2549 Luc.
1057 2530 1088 2558 x,
1118 2527 1151 2557 ¹2,
1178 2522 1241 2550 cte.
1260 2534 1302 2540 -—
1328 2525 1340 2540 ¹
1359 2520 1450 2550 Cant.
1472 2529 1508 2559 ιι,
1531 2518 1581 2550 13.
1604 2535 1646 2541 —-
1674 2515 1687 2541 ³
1706 2518 1842 2551 Malach.

453 2585 500 2614 tv,
520 2583 550 2605 2.
574 2591 612 2595 -
632 2573 646 2602 l,
666 2575 737 2615 Sap,
762 2584 792 2614 v,
810 2573 841 2604 6.
863 2589 904 2595 —
925 2571 939 2595 5
958 2572 1196 2614 Matt11.v‚l45.
