1926 3339
470 286 553 325 208
904 297 938 324 s.
975 293 1205 323 AUGUSTINI
1237 295 1419 323 Emscom

471 380 492 403 »
526 360 672 407 videat
692 360 930 406 claritatem
946 361 1119 406 Domini
1133 363 1161 404 ¹.
1183 379 1204 402 »
1227 358 1422 405 Tollatur
1434 367 1484 402 ut
1496 372 1585 402 non
1602 357 1748 403 videat
1763 358 1852 403 for-

470 447 586 475 mam
605 431 697 475 Dei.
716 434 918 475 Formam
941 446 1043 490 ergo
1069 430 1279 474 videbunt
1301 429 1501 474 hominis.
1531 447 1550 470 «
1581 428 1663 481 Qui
1684 443 1782 472 cum
1805 428 1852 474 in

472 521 493 545 »
528 501 668 547 forma
688 502 761 546 Dei
781 511 892 546 esset
911 502 1090 561 aequalis
1108 505 1196 545 Deo
1212 505 1229 526 ²
1256 520 1266 546 :
1289 521 1306 542 ›>
1331 502 1414 544 hoc
1432 516 1521 544 non
1538 499 1752 543 videbunt
1767 500 1854 543 im-

470 572 545 632 pii.
576 591 596 614 «
628 575 680 616 In
712 571 924 630 principio
956 580 1047 614 erat
1078 571 1300 625 Verbum,
1335 580 1379 614 et
1403 570 1597 614 Verbum
1618 578 1710 613 erat
1737 569 1855 628 apud

475 662 494 684 »
528 646 689 696 Deum,
723 650 768 685 et
800 644 915 685 Deus
945 650 1037 684 erat
1059 641 1281 684 Verbum³
1308 659 1318 684 :
1351 659 1371 681 »
1399 641 1483 683 hoc
1518 655 1607 683 non
1639 639 1856 685 videbunt

471 712 606 771 impii.
640 711 683 756 Si
704 711 820 754 enim
843 713 956 755 Deus
989 710 1204 763 Verbum,
1229 718 1294 764 et,
1330 728 1348 749 «
1374 709 1494 753 Beati
1516 708 1671 752 mundi
1692 710 1851 765 corde,

472 799 493 822 »
527 781 734 841 quoniam
755 779 836 840 ipsi
857 783 997 825 Deum
1023 778 1295 836 videbunffl,
1323 779 1445 838 impii
1474 787 1618 822 autem
1642 778 1857 824 immundi

469 860 573 896 sunt
593 850 748 895 corde:
768 848 922 910 procul
938 849 1076 894 dubio
1089 855 1222 893 Deum
1241 864 1332 893 non
1346 848 1576 893 videbunt.
1596 850 1654 892 Et
1670 848 1748 892 ubi
1766 857 1829 892 est
1840 883 1854 905 ,

473 940 495 963 «
529 921 756 965 Videbunt
780 920 825 964 in
851 935 984 980 quem
1015 921 1322 979 pupugerunt⁵
1353 937 1363 964 τ
1396 938 1414 959 »
1441 918 1525 962 nisi
1556 918 1658 977 quia
1680 927 1858 977 apparet

470 990 655 1036 formam
675 991 860 1035 hominis
882 1005 954 1034 eos
990 990 1155 1034 visuros
1177 998 1227 1033 ut
1253 988 1529 1049 judicentur,
1561 987 1748 1032 formam
1780 988 1858 1032 Dei

470 1077 560 1105 non
580 1061 745 1106 visuros
760 1096 770 1116 ,
790 1061 871 1104 nisi
892 1076 964 1105 eos
985 1061 1062 1120 qui
1078 1059 1135 1104 ad.
1154 1059 1376 1104 dexteram
1393 1058 1863 1118 separabuntur?Ete-

470 1133 561 1176 nim
583 1147 683 1176 cum
714 1131 900 1191 separati
934 1130 1098 1175 fuerint
1120 1129 1176 1174 ad
1201 1129 1424 1175 dexteram
1439 1165 1451 1185 ,
1475 1131 1560 1174 hoe
1581 1129 1641 1173 eis
1663 1129 1856 1185 dicetur,

476 1222 496 1244 t(
529 1202 685 1246 Venite
706 1200 926 1246 benedieti
946 1201 1083 1246 Patris
1105 1200 1234 1255 meis,
1266 1201 1471 1260 percipite
1499 1215 1684 1259 regnum
1701 1235 1712 1255 ,
1738 1198 1860 1260 quod
1905 1203 1909 1244 i

476 1294 492 1314 »
522 1273 644 1317 vobis
666 1282 865 1332 paratum
889 1282 953 1316 est
975 1273 1029 1316 ab
1050 1272 1214 1329 origine
1245 1271 1415 1315 mundi.
1436 1290 1456 1313 »
1495 1272 1642 1331 Impiis
1673 1287 1774 1315 vero
1803 1270 1859 1315 ad.

469 1344 683 1389 sinistram
706 1343 844 1403 quid?
870 1362 891 1385 ι(
918 1347 983 1388 Ite
1015 1344 1061 1387 in
1095 1344 1238 1400 ignem
1261 1352 1474 1387 aeternum
1490 1377 1502 1397 ,
1527 1358 1660 1403 quem
1692 1343 1860 1402 paravit

469 1432 489 1456 »
527 1418 653 1459 Pater
674 1429 796 1458 meus
819 1413 996 1459 diabolo
1018 1422 1062 1457 et
1083 1413 1243 1471 angelis
1264 1414 1371 1474 ejus.
1402 1431 1423 1454 »
1456 1413 1602 1458 Finito
1623 1422 1769 1457 autem
1783 1414 1859 1473 ju-

468 1485 582 1530 dicio
601 1485 827 1546 quomodo
851 1484 1095 1530 conclusit?
1121 1503 1142 1527 «
1164 1483 1232 1530 Sic
1257 1484 1384 1528 ibunt
1406 1483 1528 1543 impii
1549 1483 1596 1527 in
1621 1484 1858 1529 ambustio—

471 1576 489 1598 »
524 1571 625 1600 nem
646 1566 854 1601 aeternam
872 1591 883 1612 ,
902 1556 1008 1616 justi
1035 1564 1181 1600 autem
1201 1556 1246 1599 in
1268 1555 1403 1600 vitam
1431 1555 1682 1599 aeternamss.
1712 1573 1734 1596 »
1756 1557 1858 1600 Jam

466 1642 490 1670 a
510 1626 674 1671 visione
699 1625 851 1671 sormae
876 1625 1066 1670 hominis
1087 1634 1276 1685 pergunt
1295 1623 1360 1669 illi
1383 1624 1439 1669 ad
1469 1625 1681 1670 visionem
1701 1623 1856 1669 formae

464 1696 558 1740 Dei.
583 1714 601 1736 «
628 1699 732 1741 Haee
749 1705 814 1740 est
829 1696 945 1740 enim
960 1730 972 1751 ,
1003 1695 1148 1755 inquit
1163 1729 1175 1750 ,
1200 1695 1288 1738 vita
1308 1703 1493 1748 aeterna,
1520 1703 1572 1739 ut
1593 1703 1858 1754 cognoscant

466 1785 487 1809 n
523 1777 566 1811 te
587 1782 725 1811 unum
747 1782 900 1812 verum
920 1769 1082 1821 Deum,
1109 1774 1153 1809 et
1185 1781 1318 1825 quem
1347 1765 1499 1809 misisti
1534 1768 1682 1809 Jesum
1705 1766 1856 1810 Chris-

467 1856 487 1879 »
523 1848 618 1882 tum
632 1840 646 1863 ⁷
675 1857 685 1883 :
717 1836 949 1893 subaudis,
972 1846 1016 1881 et
1032 1837 1175 1896 ipsum
1198 1853 1338 1881 uuum
1360 1852 1512 1882 verum
1533 1840 1696 1895 Deum3
1715 1854 1737 1879 »
1754 1837 1855 1898 quia

464 1912 591 1952 Pater
613 1918 657 1952 et
678 1908 812 1953 Filius
830 1924 945 1952 unus
964 1923 1092 1952 verus
1115 1911 1228 1952 Deus
1255 1927 1264 1952 ε
1284 1917 1335 1952 ut
1355 1907 1433 1952 iste
1451 1908 1505 1952 sit
1521 1923 1692 1964 sensus,
1728 1911 1787 1952 Te
1811 1917 1856 1953 et

461 1995 595 2039 quem
615 1979 767 2023 misisti
803 1982 953 2023 Jesum
980 1978 1203 2024 Christum
1232 1988 1496 2038 cognoscant
1528 1994 1669 2022 unum
1701 1993 1856 2024 verum

461 2052 616 2094 Deum.
641 2053 740 2096 Non
762 2050 878 2093 enim
898 2049 961 2094 illi
975 2050 1106 2094 ibunt
1122 2049 1178 2093 ad
1200 2049 1409 2093 visionem
1428 2049 1565 2093 Patris
1583 2083 1593 2103 ,
1615 2058 1659 2092 et
1680 2064 1770 2094 non
1790 2049 1854 2093 ibi

459 2121 673 2166 videbunt
691 2129 734 2165 et
747 2120 940 2164 Filium?
959 2121 1002 2165 Si
1023 2136 1113 2165 non
1134 2129 1245 2164 esset
1261 2129 1305 2163 et
1326 2119 1460 2164 Filius
1481 2120 1527 2164 in
1545 2120 1689 2165 Patris
1704 2120 1771 2164 sui
1791 2120 1855 2165 vi·

459 2191 601 2246 sione,
625 2207 717 2235 non
739 2190 902 2235 diceret
930 2190 1021 2249 ipse
1047 2189 1183 2234 Filius
1205 2189 1434 2249 Discipulis
1456 2189 1543 2234 suis
1557 2225 1568 2245 ,
1593 2190 1696 2250 quia
1712 2189 1851 2234 Filius

459 2261 506 2305 in
524 2265 650 2305 Patre
671 2270 756 2316 est,
780 2269 824 2304 et
846 2264 972 2304 Pater
987 2260 1034 2305 in
1054 2259 1181 2304 Filio.
1201 2260 1358 2304 Dicunt
1378 2259 1441 2303 illi
1465 2259 1689 2319 Discipuli,
1718 2280 1739 2303 «
1765 2261 1851 2305 Os-

461 2349 493 2392 ».
513 2331 645 2377 tende
666 2331 793 2377 nobis
817 2335 1011 2386 Patrem,
1037 2339 1081 2375 et
1100 2330 1263 2374 suffieit
1294 2331 1433 2375 nobis.
1473 2330 1547 2375 Ait
1568 2331 1651 2375 illis
1680 2351 1689 2375 ;
1712 2334 1850 2377 Tanto

462 2421 482 2444 »
516 2411 712 2462 tempore
723 2401 950 2447 vobiscum
963 2416 1076 2456 sum,
1096 2410 1140 2444 et
1156 2415 1331 2445 nonme
1348 2401 1482 2446 nostis
1497 2402 1514 2443 ⁶?
1534 2401 1748 2461 Philippe,
1772 2402 1849 2462 qui

505 2523 514 2539 ¹
541 2518 614 2548 lsai.
636 2527 724 2557 xxvi,
743 2527 794 2557 10,
810 2516 902 2557 juxta
920 2526 1043 2547 Lxx-
1060 2522 1072 2536 ²
1093 2514 1204 2558 Philip.
1225 2527 1261 2556 11,
1280 2515 1313 2546 6.
1335 2532 1376 2538 —-
1398 2513 1410 2537 3
1428 2517 1519 2547 Joan.
1542 2528 1567 2556 1,
1588 2527 1615 2547 1.
1637 2533 1679 2538 —-
1698 2515 1712 2546 4
1731 2515 1845 2548 Matth.

457 2583 496 2613 v,
513 2572 546 2603 ὃ.
568 2588 610 2594 --
628 2569 642 2594 5
659 2574 754 2604 Joan⁷
777 2582 853 2613 xix,
880 2571 933 2612 37.
963 2587 1004 2592 ——
1035 2568 1049 2592 ⁶
1072 2570 1186 2603 Matth.
1217 2581 1302 2612 xxv,
1333 2570 1397 2612 34,
1429 2571 1469 2612 41
1499 2575 1533 2603 et
1563 2570 1616 2612 46.
1636 2588 1679 2593 —-
1704 2578 1717 2604 7
1749 2574 1842 2604 Joan.

457 2637 522 2659 xvu
536 2651 546 2668 ,
565 2626 597 2658 3.

1908 2411 1912 2428 „v
1907 2123 1913 2379 .„.„-„---.w„..
1908 2094 1911 2114 .,
1907 1900 1911 2084 ...-...,.-
1906 1790 1911 1893 m*
1906 1551 1910 1783 ,,.-..-,,..--
1906 1499 1909 1539 -
1906 1434 1909 1488 ‚W
1905 1267 1926 1402 .„„3-.-i.
