1926 3339
422 277 664 311 ENARRA‘mo
696 279 741 305 nv
773 276 977 306 PsALMUM
1009 279 1103 305 xcv.
1366 268 1449 308 435

68 344 344 403 captivitate?
365 345 476 398 Quia
497 344 562 388 illi
580 343 738 404 quibus
755 343 928 398 dicitur,
955 343 1239 397 Annuntiate,
1260 345 1450 404 extirpa-

67 422 180 458 tores
197 413 331 471 sylvae
351 423 452 458 sunt
477 432 487 458 z
512 423 562 457 ut
583 414 798 474 extirpent
827 413 1009 472 sylvam,
1025 412 1213 457 liberent
1234 412 1289 457 de
1311 415 1449 472 capti-

66 483 200 528 vitate
216 493 394 540 terram,
420 494 464 529 et
481 494 671 541 struant,
692 484 909 530 aedificent
925 521 935 541 ,
956 483 1256 529 annuntiando
1280 485 1447 542 magni-

68 553 264 598 tudinem
273 554 431 604 ‚domus
445 556 631 601 Domini.
650 556 776 600 Unde
788 555 908 614 sylva
927 555 1178 600 daemonum
1192 555 1447 615 extirpatur,

68 624 150 669 nisi
170 626 429 686 praedicetur
444 627 517 672 ille
534 628 611 689 qui
627 643 756 688 super
771 642 920 673 omnes
934 637 998 672 est
1011 629 1028 670 ‘t
1043 631 1159 687 Ergo
1177 642 1325 672 omnes
1347 642 1454 685 gen-

70 703 132 740 tes
154 695 371 743 daemonia
391 699 613 743 habebant
627 698 729 743 deos
755 715 764 740 :
790 715 898 759 quos
911 698 1116 744 dicebant
1132 699 1235 743 deos
1255 734 1266 753 ,
1291 697 1457 742 daemo-

30 784 33 788 ’
70 766 143 811 nia
181 778 325 823 erant,
357 769 564 829 Apostolo
603 769 772 815 dicente
819 771 1029 830 apertius,
1059 789 1080 813 «
1111 769 1328 823 Quoniam
1356 783 1456 828 quae

74 855 95 880 »
130 838 358 884 immolant
380 850 548 899 gentes,
572 842 797 886 daemoniis
817 841 1045 886 immolant
1064 877 1075 896 ,
1095 850 1139 885 et
1159 856 1249 885 non
1270 844 1360 884 Deo
1375 841 1405 883 1.
1434 857 1455 879 >›

72 909 180 962 Quia
202 908 303 969 ergo
319 910 418 956 ideo
441 921 564 957 erant
576 913 622 956 in
634 913 882 971 captivitate
898 947 909 966 ,
930 912 1032 971 quia
1050 910 1276 955 daemoniis
1295 911 1453 953 immo-

71 978 244 1038 labant3
262 991 304 1025 et
316 991 542 1041 propterea
563 991 653 1026 tota
668 991 780 1025 terra
794 981 961 1039 sylvosa
977 982 1267 1026 remanserat?
1281 995 1458 1024 annun-

73 1050 208 1095 tiatur
227 1051 308 1095 iste
333 1070 350 1091 «
375 1055 560 1111 Magnus
584 1061 627 1096 et
647 1051 880 1096 laudabilis
901 1051 1045 1096 nimis.

132 1123 207 1165 VI.
229 1124 286 1166 Et
302 1122 525 1182 quomodo
543 1123 787 1167 ostenditur
803 1121 1059 1182 magnitudo
1079 1123 1184 1182 ejus,
1201 1130 1251 1165 ut
1272 1120 1464 1164 eradicet

75 1190 170 1235 illas
190 1193 539 1252 superstitiones,
559 1194 640 1238 sub
662 1194 823 1254 quibus
844 1194 1038 1253 captivus
1066 1192 1254 1253 populus
1286 1191 1469 1236 tenebae

74 1271 162 1318 tur,
180 1279 313 1323 quem
324 1265 536 1309 redimere
548 1265 755 1310 advenit«
771 1265 988 1310 Terribilis
1001 1280 1128 1325 super
1139 1279 1288 1310 omnes
1301 1263 1409 1307 deos
1422 1262 1465 1303 Ῡ»

74 1335 132 1377 Et
145 1333 268 1394 quasi
280 1333 497 1379 diceretur
508 1335 587 1391 illi,
604 1339 747 1390 Quare
758 1335 901 1381 dixisti
918 1355 926 1380 :
942 1355 963 1379 «
982 1338 1120 1395 Super
1133 1337 1404 1380 omnes'Deos
1415 1334 1458 1374 ?»

75 1413 178 1448 sunt
192 1405 307 1452 enim
320 1404 405 1451 dii?
423 1406 645 1467 Sequitur,
661 1415 704 1450 et
716 1406 840 1451 dicit:
864 1426 880 1447 «
899 1407 1116 1460 Quoniam
1130 1421 1280 1450 omnes
1292 1404 1350 1448 dii
1365 1419 1469 1463 gen-

77 1492 100 1516 »
134 1476 245 1520 tium
279 1475 509 1522 daemonia.
536 1495 557 1518 »
590 1478 797 1522 Intendat
826 1478 1020 1523 Charitas
1053 1480 1220 1521 Vestra.
1259 1480 1469 1533 Magnum

75 1545 242 1606 aliquid
263 1545 437 1592 dicebat·
457 1547 590 1608 paulo
607 1557 728 1603 ante,
754 1568 774 1591 «
794 1551 978 1607 Magnus
994 1548 1204 1592 Dominus
1229 1567 1248 1592 ε.
1263 1565 1283 1588 »
1305 1555 1348 1590 et
1367 1555 1469 1590 tan-

76 1633 211 1677 quam
232 1617 436 1663 deficiens
455 1619 502 1663 in
533 1618 663 1663 laude
694 1619 850 1679 ipsius,
880 1622 979 1664 «Et
1005 1618 1236 1663 laudabilis
1265 1617 1409 1661 nimis.
1444 1634 1465 1657 »

76 1691 233 1734 Nonne
252 1690 339 1735 hoc
372 1691 588 1746 dixeram,
614 1691 716 1751 quia
737 1691 898 1735 dimisit
922 1691 1003 1734 tibi
1025 1690 1214 1749 cogitare
1237 1688 1358 1750 quod
1379 1703 1470 1733 non

77 1769 248 1819 poterat
259 1761 350 1820 ipse
367 1762 510 1806 verbis
524 1761 765 1820 explicare?
781 1761 1012 1820 Explicans
1031 1770 1177 1805 autem
1193 1761 1284 1819 ipse
1300 1759 1445 1804 verbis
1456 1794 1468 1814 ,

79 1830 188 1890 quid
202 1847 410 1890 magnum
427 1832 533 1875 mihi
548 1831 657 1875 dixit
670 1831 724 1875 de
737 1831 924 1877 Domino
942 1834 967 1876 J
970 1847 1046 1876 esu
1063 1832 1260 1876 Christo?
1276 1833 1345 1875 An
1367 1830 1471 1890 quia

80 1916 210 1962 super
232 1903 376 1946 omnia
403 1902 622 1946 daemonia
655 1903 753 1947 est?
775 1905 890 1948 Cum
916 1903 1033 1947 enim
1054 1902 1248 1957 dixisset,
1278 1919 1299 1944 «
1326 1900 1470 1945 Terri-

83 1990 106 2014 »
140 1973 240 2018 bilis
257 1989 387 2033 super
408 1990 558 2019 omnes
572 1975 675 2019 deos
696 1994 705 2020 ε
723 1993 745 2017 »
771 1974 996 2034 subjunxit
1010 2010 1021 2031 ,
1045 1993 1064 2017 α
1086 1973 1300 2027 Quoniam
1321 1987 1469 2018 omnes

84 2061 106 2085 »
142 2044 204 2088 dii
220 2045 418 2103 gentium
445 2043 676 2090 daemonia.
709 2066 727 2087 »
749 2049 848 2092 Non
869 2056 934 2091 est
954 2061 1165 2106 magnum
1184 2081 1196 2101 ,
1229 2060 1318 2090 esse
1342 2058 1472 2103 super

83 2112 298 2159 daemonia
321 2135 332 2160 z
355 2125 399 2160 et
423 2125 499 2172 tu,
533 2118 567 2161 si
587 2117 799 2172 volueris,
828 2118 937 2175 eris3
961 2116 1036 2161 sed
1053 2118 1088 2161 si
1107 2118 1153 2161 in
1178 2116 1304 2161 illum
1328 2115 1474 2160 credi-

83 2183 211 2229 deris.
227 2188 372 2230 Ita-ne
388 2186 480 2245 ipsa
496 2195 559 2230 est
573 2186 647 2231 illa
664 2186 919 2245 magnitudo
942 2186 1082 2231 laudis
1100 2222 1111 2242 ,
1135 2206 1156 2229 «
1179 2189 1365 2245 Magnus
1377 2189 1468 2231 Do-

87 2272 108 2296 »
141 2256 286 2301 minus
307 2265 351 2300 et
370 2256 601 2302 laudabilis
621 2258 778 2302 nimis?
804 2277 824 2300 »
846 2257 1008 2303 Volens
1036 2258 1152 2302 enim
1169 2257 1402 2317 explicare,
1420 2265 1473 2301 ut

84 2336 255 2386 poterat
285 2328 480 2372 humana
514 2328 686 2388 lingua,
726 2338 770 2373 et
790 2330 987 2390 quamvis
1029 2345 1213 2389 magnus
1244 2329 1299 2373 sit
1328 2337 1470 2374 tactor

86 2398 236 2456 organi
259 2398 441 2458 Spiritus
461 2408 634 2444 sanctus
648 2435 660 2455 ,
683 2409 831 2444 tamen
852 2416 930 2460 per
951 2400 1168 2460 angustias
1192 2400 1367 2460 spiritus
1389 2400 1476 2443 hu-

85 2469 205 2513 mani
221 2469 410 2527 syllabas
431 2480 555 2516 sonat
572 2505 584 2525 ‚
624 2471 699 2516 sed
720 2472 1003 2531 cogitationes
1027 2481 1205 2531 generat
1228 2491 1236 2516 ;
1262 2470 1474 2532 explicare

89 2553 192 2599 ergo
212 2555 290 2600 per
317 2541 433 2586 hanc
466 2539 662 2601 linguam
687 2541 838 2588 volens
855 2577 866 2599 ,
891 2541 1000 2603 quid
1020 2542 1107 2588 ait?
1139 2561 1160 2586 «
1183 2545 1368 2601 Magnus
1390 2544 1478 2586 Do-

139 2629 149 2646 ¹
169 2633 183 2656 1
210 2625 284 2658 Cor.
302 2635 336 2668 x,
350 2633 403 2659 20.
918 2628 923 2630 “
1420 2618 1423 2619 ’

1202 2678 1269 2719 28.
