<?xml version="1.0" encoding="UTF-8"?>
<!DOCTYPE html PUBLIC "-//W3C//DTD XHTML 1.0 Transitional//EN"
    "http://www.w3.org/TR/xhtml1/DTD/xhtml1-transitional.dtd">
<html xmlns="http://www.w3.org/1999/xhtml" xml:lang="en" lang="en">
 <head>
  <title>
</title>
<meta http-equiv="Content-Type" content="text/html;charset=utf-8" />
  <meta name='ocr-system' content='tesseract 3.04.00' />
  <meta name='ocr-capabilities' content='ocr_page ocr_carea ocr_par ocr_line ocrx_word'/>
</head>
<body>
  <div class='ocr_page' id='page_1' title='image "./operaomniaaccura10auguuoft_0385.png"; bbox 0 0 1926 3339; ppageno 0'>
   <div class='ocr_carea' id='block_1_1' title="bbox 0 228 1423 410">
    <p class='ocr_par' dir='ltr' id='par_1_1' title="bbox 0 228 1423 410">
     <span class='ocr_line' id='line_1_1' title="bbox 0 228 1423 410; baseline 0.002 -38"><span class='ocrx_word' id='word_1_1' title='bbox 0 228 7 410; x_wconf 58' lang='grc' dir='ltr'>Ξ</span> <span class='ocrx_word' id='word_1_2' title='bbox 245 344 487 374; x_wconf 75' lang='lat' dir='ltr'>ENARRATIO</span> <span class='ocrx_word' id='word_1_3' title='bbox 519 347 534 373; x_wconf 93' lang='lat'>1</span> <span class='ocrx_word' id='word_1_4' title='bbox 566 346 612 373; x_wconf 72' lang='lat' dir='ltr'><strong>IN</strong></span> <span class='ocrx_word' id='word_1_5' title='bbox 643 345 847 374; x_wconf 74' lang='lat' dir='ltr'><strong>rsALMUM</strong></span> <span class='ocrx_word' id='word_1_6' title='bbox 880 347 954 384; x_wconf 81' lang='lat' dir='ltr'><strong>xc,</strong></span> <span class='ocrx_word' id='word_1_7' title='bbox 981 345 1122 375; x_wconf 72' lang='lat' dir='ltr'><strong>sERMo</strong></span> <span class='ocrx_word' id='word_1_8' title='bbox 1154 351 1184 375; x_wconf 92' lang='lat'><strong>1.</strong></span> <span class='ocrx_word' id='word_1_9' title='bbox 1339 340 1423 379; x_wconf 89' lang='lat'><strong>307</strong></span> 
     </span>
    </p>
   </div>
   <div class='ocr_carea' id='block_1_2' title="bbox 0 408 1476 2670">
    <p class='ocr_par' dir='ltr' id='par_1_2' title="bbox 35 408 1427 677">
     <span class='ocr_line' id='line_1_2' title="bbox 40 408 1427 470; baseline 0.004 -18"><span class='ocrx_word' id='word_1_10' title='bbox 40 428 61 452; x_wconf 74' lang='lat' dir='ltr'><strong>n</strong></span> <span class='ocrx_word' id='word_1_11' title='bbox 94 409 283 453; x_wconf 88' lang='lat' dir='ltr'><strong>radicem</strong></span> <span class='ocrx_word' id='word_1_12' title='bbox 299 412 330 454; x_wconf 86' lang='lat'><strong>¹.</strong></span> <span class='ocrx_word' id='word_1_13' title='bbox 357 411 413 455; x_wconf 92' lang='lat' dir='ltr'><strong>Hi</strong></span> <span class='ocrx_word' id='word_1_14' title='bbox 432 418 534 454; x_wconf 90' lang='lat' dir='ltr'><strong>sunt</strong></span> <span class='ocrx_word' id='word_1_15' title='bbox 555 425 656 468; x_wconf 87' lang='lat' dir='ltr'><strong>ergo</strong></span> <span class='ocrx_word' id='word_1_16' title='bbox 678 410 756 469; x_wconf 89' lang='lat' dir='ltr'><strong>qui</strong></span> <span class='ocrx_word' id='word_1_17' title='bbox 786 408 842 454; x_wconf 90' lang='lat' dir='ltr'><strong>ad</strong></span> <span class='ocrx_word' id='word_1_18' title='bbox 862 410 1014 455; x_wconf 91' lang='lat' dir='ltr'><strong>horam</strong></span> <span class='ocrx_word' id='word_1_19' title='bbox 1037 411 1229 470; x_wconf 84' lang='lat' dir='ltr'>gaudent</span> <span class='ocrx_word' id='word_1_20' title='bbox 1251 411 1307 457; x_wconf 88' lang='lat' dir='ltr'><strong>ad</strong></span> <span class='ocrx_word' id='word_1_21' title='bbox 1326 429 1427 458; x_wconf 88' lang='lat' dir='ltr'><strong>ver-</strong></span> 
     </span>
     <span class='ocr_line' id='line_1_3' title="bbox 38 479 1421 543; baseline 0.003 -19"><span class='ocrx_word' id='word_1_22' title='bbox 38 498 61 523; x_wconf 82' lang='lat'>»</span> <span class='ocrx_word' id='word_1_23' title='bbox 93 481 218 537; x_wconf 83' lang='lat' dir='ltr'><strong>bum,</strong></span> <span class='ocrx_word' id='word_1_24' title='bbox 243 490 288 525; x_wconf 89' lang='lat' dir='ltr'><strong>et</strong></span> <span class='ocrx_word' id='word_1_25' title='bbox 307 497 410 526; x_wconf 90' lang='lat' dir='ltr'><strong>cum</strong></span> <span class='ocrx_word' id='word_1_26' title='bbox 431 482 676 541; x_wconf 83' lang='lat' dir='ltr'><strong>persecutio</strong></span> <span class='ocrx_word' id='word_1_27' title='bbox 696 481 812 526; x_wconf 88' lang='lat' dir='ltr'><strong>facta</strong></span> <span class='ocrx_word' id='word_1_28' title='bbox 838 479 994 538; x_wconf 84' lang='lat' dir='ltr'><strong>fuerit,</strong></span> <span class='ocrx_word' id='word_1_29' title='bbox 1019 492 1198 543; x_wconf 88' lang='lat' dir='ltr'><strong>propter</strong></span> <span class='ocrx_word' id='word_1_30' title='bbox 1218 483 1421 540; x_wconf 87' lang='lat' dir='ltr'><strong>verbum,</strong></span> 
     </span>
     <span class='ocr_line' id='line_1_4' title="bbox 36 553 1423 606; baseline 0.003 -12"><span class='ocrx_word' id='word_1_31' title='bbox 36 567 58 594; x_wconf 67' lang='lat'><strong>&gt;2</strong></span> <span class='ocrx_word' id='word_1_32' title='bbox 91 560 308 595; x_wconf 83' lang='lat' dir='ltr'><strong>arescunt.</strong></span> <span class='ocrx_word' id='word_1_33' title='bbox 336 569 358 594; x_wconf 88' lang='lat'>»</span> <span class='ocrx_word' id='word_1_34' title='bbox 391 554 535 606; x_wconf 85' lang='lat' dir='ltr'>Quare</span> <span class='ocrx_word' id='word_1_35' title='bbox 556 554 783 597; x_wconf 77' lang='lat' dir='ltr'><strong>arescunt?</strong></span> <span class='ocrx_word' id='word_1_36' title='bbox 807 570 828 595; x_wconf 90' lang='lat'>«</span> <span class='ocrx_word' id='word_1_37' title='bbox 851 553 961 606; x_wconf 87' lang='lat' dir='ltr'><strong>Quia</strong></span> <span class='ocrx_word' id='word_1_38' title='bbox 983 568 1073 597; x_wconf 92' lang='lat' dir='ltr'><strong>non</strong></span> <span class='ocrx_word' id='word_1_39' title='bbox 1098 553 1322 598; x_wconf 88' lang='lat' dir='ltr'><strong>habebant</strong></span> <span class='ocrx_word' id='word_1_40' title='bbox 1351 555 1423 598; x_wconf 89' lang='lat' dir='ltr'><strong>fir-</strong></span> 
     </span>
     <span class='ocr_line' id='line_1_5' title="bbox 35 622 1419 677; baseline 0.004 -13"><span class='ocrx_word' id='word_1_41' title='bbox 35 640 58 664; x_wconf 74' lang='lat'><strong>»</strong></span> <span class='ocrx_word' id='word_1_42' title='bbox 90 637 206 666; x_wconf 88' lang='lat' dir='ltr'><strong>mam</strong></span> <span class='ocrx_word' id='word_1_43' title='bbox 224 622 457 668; x_wconf 87' lang='lat' dir='ltr'><strong>radicem.»</strong></span> <span class='ocrx_word' id='word_1_44' title='bbox 479 627 585 677; x_wconf 79' lang='lat' dir='ltr'><strong>Quae</strong></span> <span class='ocrx_word' id='word_1_45' title='bbox 605 634 669 668; x_wconf 83' lang='lat' dir='ltr'><strong>est</strong></span> <span class='ocrx_word' id='word_1_46' title='bbox 684 622 834 669; x_wconf 81' lang='lat' dir='ltr'>radix?</span> <span class='ocrx_word' id='word_1_47' title='bbox 854 624 1066 670; x_wconf 84' lang='lat' dir='ltr'><strong>Charitas.</strong></span> <span class='ocrx_word' id='word_1_48' title='bbox 1092 627 1187 670; x_wconf 91' lang='lat' dir='ltr'><strong>Hoc</strong></span> <span class='ocrx_word' id='word_1_49' title='bbox 1209 625 1326 670; x_wconf 90' lang='lat' dir='ltr'><strong>enim</strong></span> <span class='ocrx_word' id='word_1_50' title='bbox 1347 625 1419 670; x_wconf 93' lang='lat' dir='ltr'><strong>di-</strong></span> 
     </span>
    </p>

    <p class='ocr_par' dir='ltr' id='par_1_3' title="bbox 0 694 1417 755">
     <span class='ocr_line' id='line_1_6' title="bbox 0 694 1417 755; baseline 0 -17"><span class='ocrx_word' id='word_1_51' title='bbox 0 694 3 755; x_wconf 69' lang='lat'><em>}</em></span> <span class='ocrx_word' id='word_1_52' title='bbox 33 694 92 738; x_wconf 88' lang='lat' dir='ltr'><strong>cit</strong></span> <span class='ocrx_word' id='word_1_53' title='bbox 111 694 345 754; x_wconf 86' lang='lat' dir='ltr'><strong>Apostolus</strong></span> <span class='ocrx_word' id='word_1_54' title='bbox 371 713 381 740; x_wconf 80' lang='lat' dir='ltr'><strong><em>z</em></strong></span> <span class='ocrx_word' id='word_1_55' title='bbox 421 714 442 737; x_wconf 89' lang='lat'>«</span> <span class='ocrx_word' id='word_1_56' title='bbox 465 697 522 739; x_wconf 89' lang='lat' dir='ltr'><strong>Ut</strong></span> <span class='ocrx_word' id='word_1_57' title='bbox 543 695 590 739; x_wconf 90' lang='lat' dir='ltr'><strong>in</strong></span> <span class='ocrx_word' id='word_1_58' title='bbox 620 695 829 740; x_wconf 86' lang='lat' dir='ltr'><strong>charitate</strong></span> <span class='ocrx_word' id='word_1_59' title='bbox 858 695 1037 740; x_wconf 81' lang='lat' dir='ltr'><strong>radicati</strong></span> <span class='ocrx_word' id='word_1_60' title='bbox 1059 705 1103 740; x_wconf 89' lang='lat' dir='ltr'><strong>et</strong></span> <span class='ocrx_word' id='word_1_61' title='bbox 1128 695 1302 740; x_wconf 82' lang='lat' dir='ltr'><strong>fundati</strong></span> <span class='ocrx_word' id='word_1_62' title='bbox 1318 699 1354 741; x_wconf 75' lang='lat'><strong>2.</strong></span> <span class='ocrx_word' id='word_1_63' title='bbox 1395 715 1417 739; x_wconf 86' lang='lat'>»</span> 
     </span>
    </p>

    <p class='ocr_par' dir='ltr' id='par_1_4' title="bbox 0 759 1464 845">
     <span class='ocr_line' id='line_1_7' title="bbox 0 759 1464 845; baseline 0.002 -37"><span class='ocrx_word' id='word_1_64' title='bbox 0 759 5 837; x_wconf 52' lang='grc' dir='ltr'>ξ</span> <span class='ocrx_word' id='word_1_65' title='bbox 33 764 264 818; x_wconf 85' lang='lat' dir='ltr'>Quomodo</span> <span class='ocrx_word' id='word_1_66' title='bbox 290 766 407 809; x_wconf 89' lang='lat' dir='ltr'><strong>enim</strong></span> <span class='ocrx_word' id='word_1_67' title='bbox 434 764 553 810; x_wconf 82' lang='lat' dir='ltr'><strong>radix</strong></span> <span class='ocrx_word' id='word_1_68' title='bbox 585 766 783 810; x_wconf 90' lang='lat' dir='ltr'><strong>omnium</strong></span> <span class='ocrx_word' id='word_1_69' title='bbox 814 765 1032 810; x_wconf 89' lang='lat' dir='ltr'><strong>malorum</strong></span> <span class='ocrx_word' id='word_1_70' title='bbox 1059 766 1274 826; x_wconf 87' lang='lat' dir='ltr'><strong>cupiditas</strong></span> <span class='ocrx_word' id='word_1_71' title='bbox 1291 767 1336 822; x_wconf 78' lang='lat'><strong>3,</strong></span> <span class='ocrx_word' id='word_1_72' title='bbox 1360 766 1420 812; x_wconf 91' lang='lat' dir='ltr'><strong>sic</strong></span> <span class='ocrx_word' id='word_1_73' title='bbox 1458 780 1464 845; x_wconf 49' lang='lat'><em>3</em></span> 
     </span>
    </p>

    <p class='ocr_par' dir='ltr' id='par_1_5' title="bbox 0 834 1418 897">
     <span class='ocr_line' id='line_1_8' title="bbox 0 834 1418 897; baseline -0.001 -14"><span class='ocrx_word' id='word_1_74' title='bbox 0 841 4 883; x_wconf 69' lang='grc' dir='ltr'><strong><em>ι</em></strong></span> <span class='ocrx_word' id='word_1_75' title='bbox 32 834 153 879; x_wconf 85' lang='lat' dir='ltr'><strong>radix</strong></span> <span class='ocrx_word' id='word_1_76' title='bbox 173 836 374 880; x_wconf 90' lang='lat' dir='ltr'><strong>omnium</strong></span> <span class='ocrx_word' id='word_1_77' title='bbox 399 836 618 881; x_wconf 91' lang='lat' dir='ltr'><strong>bonorum</strong></span> <span class='ocrx_word' id='word_1_78' title='bbox 635 836 829 881; x_wconf 39' lang='lat' dir='ltr'><strong>*charitas</strong></span> <span class='ocrx_word' id='word_1_79' title='bbox 851 845 929 881; x_wconf 90' lang='lat' dir='ltr'><strong>est.</strong></span> <span class='ocrx_word' id='word_1_80' title='bbox 955 837 1096 882; x_wconf 88' lang='lat' dir='ltr'><strong>Nostis</strong></span> <span class='ocrx_word' id='word_1_81' title='bbox 1117 837 1219 892; x_wconf 82' lang='lat' dir='ltr'><strong>hoc,</strong></span> <span class='ocrx_word' id='word_1_82' title='bbox 1241 846 1286 881; x_wconf 81' lang='lat' dir='ltr'><strong>et</strong></span> <span class='ocrx_word' id='word_1_83' title='bbox 1304 853 1418 897; x_wconf 84' lang='lat' dir='ltr'><strong>saepe</strong></span> 
     </span>
    </p>

    <p class='ocr_par' dir='ltr' id='par_1_6' title="bbox 0 904 1450 967">
     <span class='ocr_line' id='line_1_9' title="bbox 0 904 1450 967; baseline 0.002 -18"><span class='ocrx_word' id='word_1_84' title='bbox 0 934 2 964; x_wconf 35' lang='grc' dir='ltr'>ᾗ</span> <span class='ocrx_word' id='word_1_85' title='bbox 32 904 199 949; x_wconf 87' lang='lat' dir='ltr'><strong>dictum</strong></span> <span class='ocrx_word' id='word_1_86' title='bbox 219 916 282 951; x_wconf 88' lang='lat' dir='ltr'><strong>est</strong></span> <span class='ocrx_word' id='word_1_87' title='bbox 313 926 323 951; x_wconf 90' lang='lat'>:</span> <span class='ocrx_word' id='word_1_88' title='bbox 348 905 425 951; x_wconf 91' lang='lat' dir='ltr'><strong>sed</strong></span> <span class='ocrx_word' id='word_1_89' title='bbox 449 922 584 967; x_wconf 88' lang='lat' dir='ltr'><strong>quare</strong></span> <span class='ocrx_word' id='word_1_90' title='bbox 612 908 696 951; x_wconf 90' lang='lat' dir='ltr'><strong>hoc</strong></span> <span class='ocrx_word' id='word_1_91' title='bbox 723 906 843 951; x_wconf 89' lang='lat' dir='ltr'><strong>volui</strong></span> <span class='ocrx_word' id='word_1_92' title='bbox 867 910 1232 952; x_wconf 80' lang='lat' dir='ltr'><strong>commemorare?</strong></span> <span class='ocrx_word' id='word_1_93' title='bbox 1259 910 1318 952; x_wconf 85' lang='lat' dir='ltr'><strong>Ut</strong></span> <span class='ocrx_word' id='word_1_94' title='bbox 1349 908 1422 952; x_wconf 90' lang='lat' dir='ltr'><strong>in-</strong></span> <span class='ocrx_word' id='word_1_95' title='bbox 1446 936 1450 958; x_wconf 66' lang='lat'><strong>2,</strong></span> 
     </span>
    </p>

    <p class='ocr_par' dir='ltr' id='par_1_7' title="bbox 0 970 1449 1038">
     <span class='ocr_line' id='line_1_10' title="bbox 0 970 1449 1038; baseline 0.001 -18"><span class='ocrx_word' id='word_1_96' title='bbox 0 992 2 1035; x_wconf 75' lang='lat' dir='ltr'>j</span> <span class='ocrx_word' id='word_1_97' title='bbox 32 975 234 1035; x_wconf 81' lang='lat' dir='ltr'><strong>telligatis</strong></span> <span class='ocrx_word' id='word_1_98' title='bbox 250 977 474 1026; x_wconf 85' lang='lat' dir='ltr'><strong>Psalmum</strong></span> <span class='ocrx_word' id='word_1_99' title='bbox 488 1012 499 1032; x_wconf 91' lang='lat'>‚</span> <span class='ocrx_word' id='word_1_100' title='bbox 520 978 624 1038; x_wconf 91' lang='lat' dir='ltr'><strong>quia</strong></span> <span class='ocrx_word' id='word_1_101' title='bbox 640 977 909 1022; x_wconf 85' lang='lat' dir='ltr'><strong>daemonium</strong></span> <span class='ocrx_word' id='word_1_102' title='bbox 930 977 1221 1022; x_wconf 89' lang='lat' dir='ltr'><strong>meridianum</strong></span> <span class='ocrx_word' id='word_1_103' title='bbox 1244 987 1424 1037; x_wconf 90' lang='lat' dir='ltr'><strong>propter</strong></span> <span class='ocrx_word' id='word_1_104' title='bbox 1447 970 1449 974; x_wconf 48' lang='grc'>’</span> 
     </span>
    </p>

    <p class='ocr_par' dir='ltr' id='par_1_8' title="bbox 0 1048 1423 1112">
     <span class='ocr_line' id='line_1_11' title="bbox 0 1048 1423 1112; baseline 0 -20"><span class='ocrx_word' id='word_1_105' title='bbox 0 1072 2 1112; x_wconf 59' lang='lat'>3</span> <span class='ocrx_word' id='word_1_106' title='bbox 33 1057 186 1092; x_wconf 83' lang='lat' dir='ltr'><strong>aestum</strong></span> <span class='ocrx_word' id='word_1_107' title='bbox 212 1049 479 1093; x_wconf 86' lang='lat' dir='ltr'><strong>vehementis</strong></span> <span class='ocrx_word' id='word_1_108' title='bbox 508 1048 821 1108; x_wconf 82' lang='lat' dir='ltr'><strong>persecutionis</strong></span> <span class='ocrx_word' id='word_1_109' title='bbox 850 1048 1040 1108; x_wconf 91' lang='lat' dir='ltr'><strong>positum</strong></span> <span class='ocrx_word' id='word_1_110' title='bbox 1078 1058 1156 1092; x_wconf 87' lang='lat' dir='ltr'><strong>est.</strong></span> <span class='ocrx_word' id='word_1_111' title='bbox 1200 1049 1268 1094; x_wconf 88' lang='lat' dir='ltr'><strong>Sic</strong></span> <span class='ocrx_word' id='word_1_112' title='bbox 1307 1049 1423 1093; x_wconf 89' lang='lat' dir='ltr'><strong>enim</strong></span> 
     </span>
    </p>

    <p class='ocr_par' dir='ltr' id='par_1_9' title="bbox 0 1118 1429 1180">
     <span class='ocr_line' id='line_1_12' title="bbox 0 1118 1429 1180; baseline 0 -16"><span class='ocrx_word' id='word_1_113' title='bbox 0 1140 2 1180; x_wconf 51' lang='lat' dir='ltr'><em>g</em></span> <span class='ocrx_word' id='word_1_114' title='bbox 34 1119 242 1164; x_wconf 85' lang='lat' dir='ltr'><strong>Dominus</strong></span> <span class='ocrx_word' id='word_1_115' title='bbox 263 1119 368 1164; x_wconf 89' lang='lat' dir='ltr'><strong>dicit</strong></span> <span class='ocrx_word' id='word_1_116' title='bbox 393 1138 404 1165; x_wconf 79' lang='lat' dir='ltr'>z</span> <span class='ocrx_word' id='word_1_117' title='bbox 433 1139 453 1162; x_wconf 87' lang='lat'>«</span> <span class='ocrx_word' id='word_1_118' title='bbox 478 1121 610 1164; x_wconf 85' lang='lat' dir='ltr'><strong>Ortus</strong></span> <span class='ocrx_word' id='word_1_119' title='bbox 632 1128 697 1164; x_wconf 84' lang='lat' dir='ltr'><strong>est</strong></span> <span class='ocrx_word' id='word_1_120' title='bbox 716 1118 796 1175; x_wconf 84' lang='lat' dir='ltr'><strong>sol,</strong></span> <span class='ocrx_word' id='word_1_121' title='bbox 822 1129 865 1163; x_wconf 89' lang='lat' dir='ltr'><strong>et</strong></span> <span class='ocrx_word' id='word_1_122' title='bbox 885 1120 1000 1164; x_wconf 90' lang='lat' dir='ltr'><strong>aruit</strong></span> <span class='ocrx_word' id='word_1_123' title='bbox 1015 1120 1166 1174; x_wconf 84' lang='lat' dir='ltr'><strong>herba,</strong></span> <span class='ocrx_word' id='word_1_124' title='bbox 1190 1120 1294 1180; x_wconf 87' lang='lat' dir='ltr'><strong>quia</strong></span> <span class='ocrx_word' id='word_1_125' title='bbox 1314 1119 1429 1164; x_wconf 86' lang='lat' dir='ltr'><strong>radi-</strong></span> 
     </span>
    </p>

    <p class='ocr_par' dir='ltr' id='par_1_10' title="bbox 0 1186 1427 1251">
     <span class='ocr_line' id='line_1_13' title="bbox 0 1186 1427 1251; baseline 0.001 -18"><span class='ocrx_word' id='word_1_126' title='bbox 0 1186 1 1250; x_wconf 19' lang='grc' dir='ltr'>ᾖ</span> <span class='ocrx_word' id='word_1_127' title='bbox 36 1207 58 1232; x_wconf 74' lang='lat'><strong>1»</strong></span> <span class='ocrx_word' id='word_1_128' title='bbox 91 1205 185 1234; x_wconf 91' lang='lat' dir='ltr'><strong>cem</strong></span> <span class='ocrx_word' id='word_1_129' title='bbox 212 1206 303 1235; x_wconf 90' lang='lat' dir='ltr'><strong>non</strong></span> <span class='ocrx_word' id='word_1_130' title='bbox 331 1191 538 1236; x_wconf 88' lang='lat' dir='ltr'><strong>habebat.</strong></span> <span class='ocrx_word' id='word_1_131' title='bbox 563 1210 582 1233; x_wconf 89' lang='lat'>»</span> <span class='ocrx_word' id='word_1_132' title='bbox 610 1194 665 1236; x_wconf 89' lang='lat' dir='ltr'><strong>Et</strong></span> <span class='ocrx_word' id='word_1_133' title='bbox 693 1207 914 1250; x_wconf 83' lang='lat' dir='ltr'><strong>exponens</strong></span> <span class='ocrx_word' id='word_1_134' title='bbox 936 1191 1062 1236; x_wconf 91' lang='lat' dir='ltr'><strong>nobis</strong></span> <span class='ocrx_word' id='word_1_135' title='bbox 1077 1191 1185 1251; x_wconf 88' lang='lat' dir='ltr'><strong>quid</strong></span> <span class='ocrx_word' id='word_1_136' title='bbox 1207 1201 1272 1236; x_wconf 92' lang='lat' dir='ltr'><strong>est</strong></span> <span class='ocrx_word' id='word_1_137' title='bbox 1294 1208 1318 1236; x_wconf 96' lang='lat' dir='ltr'><strong>a</strong></span> <span class='ocrx_word' id='word_1_138' title='bbox 1338 1190 1427 1236; x_wconf 84' lang='lat' dir='ltr'><strong>sole</strong></span> 
     </span>
    </p>

    <p class='ocr_par' dir='ltr' id='par_1_11' title="bbox 0 1260 1424 1322">
     <span class='ocr_line' id='line_1_14' title="bbox 0 1260 1424 1322; baseline 0.001 -16"><span class='ocrx_word' id='word_1_139' title='bbox 0 1269 1 1273; x_wconf 77' lang='grc'>’</span> <span class='ocrx_word' id='word_1_140' title='bbox 35 1260 213 1306; x_wconf 87' lang='lat' dir='ltr'><strong>herbam</strong></span> <span class='ocrx_word' id='word_1_141' title='bbox 243 1277 433 1307; x_wconf 72' lang='lat' dir='ltr'><strong>arescere</strong></span> <span class='ocrx_word' id='word_1_142' title='bbox 448 1297 459 1317; x_wconf 87' lang='lat'><strong><em>‚</em></strong></span> <span class='ocrx_word' id='word_1_143' title='bbox 490 1262 623 1316; x_wconf 81' lang='lat' dir='ltr'><strong>dixit,</strong></span> <span class='ocrx_word' id='word_1_144' title='bbox 647 1263 751 1322; x_wconf 91' lang='lat' dir='ltr'><strong>quia</strong></span> <span class='ocrx_word' id='word_1_145' title='bbox 773 1262 1074 1322; x_wconf 86' lang='lat' dir='ltr'><strong>persecutione</strong></span> <span class='ocrx_word' id='word_1_146' title='bbox 1089 1261 1204 1307; x_wconf 88' lang='lat' dir='ltr'><strong>facta</strong></span> <span class='ocrx_word' id='word_1_147' title='bbox 1224 1278 1315 1307; x_wconf 90' lang='lat' dir='ltr'><strong>non</strong></span> <span class='ocrx_word' id='word_1_148' title='bbox 1336 1278 1424 1307; x_wconf 88' lang='lat' dir='ltr'><strong>ma-</strong></span> 
     </span>
    </p>

    <p class='ocr_par' dir='ltr' id='par_1_12' title="bbox 0 1332 1424 1464">
     <span class='ocr_line' id='line_1_15' title="bbox 0 1332 1424 1394; baseline 0.001 -18"><span class='ocrx_word' id='word_1_149' title='bbox 0 1344 3 1374; x_wconf 73' lang='grc' dir='ltr'><strong><em>ἰ</em></strong></span> <span class='ocrx_word' id='word_1_150' title='bbox 31 1342 136 1377; x_wconf 90' lang='lat' dir='ltr'><strong>nent</strong></span> <span class='ocrx_word' id='word_1_151' title='bbox 156 1332 235 1388; x_wconf 78' lang='lat' dir='ltr'><strong>issi,</strong></span> <span class='ocrx_word' id='word_1_152' title='bbox 261 1334 364 1394; x_wconf 89' lang='lat' dir='ltr'><strong>quia</strong></span> <span class='ocrx_word' id='word_1_153' title='bbox 380 1334 512 1378; x_wconf 90' lang='lat' dir='ltr'><strong>altam</strong></span> <span class='ocrx_word' id='word_1_154' title='bbox 529 1333 720 1378; x_wconf 87' lang='lat' dir='ltr'><strong>radicem</strong></span> <span class='ocrx_word' id='word_1_155' title='bbox 742 1348 831 1378; x_wconf 87' lang='lat' dir='ltr'><strong>non</strong></span> <span class='ocrx_word' id='word_1_156' title='bbox 849 1334 1087 1378; x_wconf 85' lang='lat' dir='ltr'><strong>habebant.</strong></span> <span class='ocrx_word' id='word_1_157' title='bbox 1113 1337 1248 1379; x_wconf 85' lang='lat' dir='ltr'><strong>Recte</strong></span> <span class='ocrx_word' id='word_1_158' title='bbox 1265 1334 1336 1379; x_wconf 90' lang='lat' dir='ltr'><strong>hic</strong></span> <span class='ocrx_word' id='word_1_159' title='bbox 1354 1334 1424 1378; x_wconf 92' lang='lat' dir='ltr'><strong>in-</strong></span> 
     </span>
     <span class='ocr_line' id='line_1_16' title="bbox 31 1402 1416 1464; baseline 0.001 -16"><span class='ocrx_word' id='word_1_160' title='bbox 31 1402 264 1462; x_wconf 82' lang='lat' dir='ltr'><strong>telligimus</strong></span> <span class='ocrx_word' id='word_1_161' title='bbox 286 1405 555 1449; x_wconf 85' lang='lat' dir='ltr'><strong>daemonium</strong></span> <span class='ocrx_word' id='word_1_162' title='bbox 587 1404 877 1449; x_wconf 89' lang='lat' dir='ltr'><strong>meridianum</strong></span> <span class='ocrx_word' id='word_1_163' title='bbox 904 1405 1252 1464; x_wconf 89' lang='lat' dir='ltr'><strong>persecutionem</strong></span> <span class='ocrx_word' id='word_1_164' title='bbox 1281 1406 1416 1450; x_wconf 86' lang='lat' dir='ltr'><strong>vehe-</strong></span> 
     </span>
    </p>

    <p class='ocr_par' dir='ltr' id='par_1_13' title="bbox 0 1473 1421 1535">
     <span class='ocr_line' id='line_1_17' title="bbox 0 1473 1421 1535; baseline 0.001 -17"><span class='ocrx_word' id='word_1_165' title='bbox 0 1476 2 1518; x_wconf 69' lang='grc' dir='ltr'><strong>ἐ</strong></span> <span class='ocrx_word' id='word_1_166' title='bbox 31 1483 237 1520; x_wconf 81' lang='lat' dir='ltr'><strong>mentem.</strong></span> <span class='ocrx_word' id='word_1_167' title='bbox 270 1475 418 1529; x_wconf 87' lang='lat' dir='ltr'><strong>Qualis</strong></span> <span class='ocrx_word' id='word_1_168' title='bbox 449 1473 535 1519; x_wconf 88' lang='lat' dir='ltr'><strong>suit</strong></span> <span class='ocrx_word' id='word_1_169' title='bbox 566 1474 641 1519; x_wconf 85' lang='lat' dir='ltr'><strong>illa</strong></span> <span class='ocrx_word' id='word_1_170' title='bbox 679 1476 921 1535; x_wconf 85' lang='lat' dir='ltr'><strong>persecutio</strong></span> <span class='ocrx_word' id='word_1_171' title='bbox 947 1475 1205 1535; x_wconf 79' lang='lat' dir='ltr'><strong>aliquando,</strong></span> <span class='ocrx_word' id='word_1_172' title='bbox 1242 1475 1421 1533; x_wconf 82' lang='lat' dir='ltr'><strong>fratres,</strong></span> 
     </span>
    </p>

    <p class='ocr_par' dir='ltr' id='par_1_14' title="bbox 0 1546 1422 1678">
     <span class='ocr_line' id='line_1_18' title="bbox 0 1546 1420 1603; baseline -0.001 -12"><span class='ocrx_word' id='word_1_173' title='bbox 0 1570 3 1582; x_wconf 86' lang='lat'>›</span> <span class='ocrx_word' id='word_1_174' title='bbox 31 1561 366 1591; x_wconf 87' lang='lat' dir='ltr'><strong>commemorem</strong></span> <span class='ocrx_word' id='word_1_175' title='bbox 381 1582 392 1601; x_wconf 79' lang='grc'>,</span> <span class='ocrx_word' id='word_1_176' title='bbox 417 1547 536 1590; x_wconf 87' lang='lat' dir='ltr'><strong>unde</strong></span> <span class='ocrx_word' id='word_1_177' title='bbox 558 1546 769 1590; x_wconf 88' lang='lat' dir='ltr'><strong>Dominus</strong></span> <span class='ocrx_word' id='word_1_178' title='bbox 790 1546 990 1590; x_wconf 68' lang='lat' dir='ltr'><strong>liberaw&#39;t</strong></span> <span class='ocrx_word' id='word_1_179' title='bbox 1010 1546 1247 1590; x_wconf 86' lang='lat' dir='ltr'><strong>Ecclesiam</strong></span> <span class='ocrx_word' id='word_1_180' title='bbox 1270 1563 1393 1590; x_wconf 85' lang='lat' dir='ltr'><strong>suam</strong></span> <span class='ocrx_word' id='word_1_181' title='bbox 1409 1583 1420 1603; x_wconf 89' lang='lat'>‚</span> 
     </span>
     <span class='ocr_line' id='line_1_19' title="bbox 31 1616 1422 1678; baseline 0 -16"><span class='ocrx_word' id='word_1_182' title='bbox 31 1616 233 1676; x_wconf 83' lang='lat' dir='ltr'><strong>dignetur</strong></span> <span class='ocrx_word' id='word_1_183' title='bbox 254 1617 479 1662; x_wconf 86' lang='lat' dir='ltr'><strong>attendere</strong></span> <span class='ocrx_word' id='word_1_184' title='bbox 501 1618 698 1663; x_wconf 87' lang='lat' dir='ltr'><strong>Charitas</strong></span> <span class='ocrx_word' id='word_1_185' title='bbox 721 1620 888 1662; x_wconf 87' lang='lat' dir='ltr'><strong>Vestra.</strong></span> <span class='ocrx_word' id='word_1_186' title='bbox 918 1618 1064 1662; x_wconf 90' lang='lat' dir='ltr'><strong>Primo</strong></span> <span class='ocrx_word' id='word_1_187' title='bbox 1085 1617 1205 1678; x_wconf 89' lang='lat' dir='ltr'><strong>quod</strong></span> <span class='ocrx_word' id='word_1_188' title='bbox 1232 1618 1422 1678; x_wconf 85' lang='lat' dir='ltr'><strong>impera-</strong></span> 
     </span>
    </p>

    <p class='ocr_par' dir='ltr' id='par_1_15' title="bbox 0 1688 1423 1749">
     <span class='ocr_line' id='line_1_20' title="bbox 0 1688 1423 1749; baseline -0.001 -15"><span class='ocrx_word' id='word_1_189' title='bbox 0 1707 1 1714; x_wconf 58' lang='lat'><em>*</em></span> <span class='ocrx_word' id='word_1_190' title='bbox 33 1698 144 1734; x_wconf 82' lang='lat' dir='ltr'><strong>tores</strong></span> <span class='ocrx_word' id='word_1_191' title='bbox 165 1699 210 1734; x_wconf 94' lang='lat' dir='ltr'><strong>et</strong></span> <span class='ocrx_word' id='word_1_192' title='bbox 233 1705 356 1749; x_wconf 82' lang='lat' dir='ltr'><strong>reges</strong></span> <span class='ocrx_word' id='word_1_193' title='bbox 381 1688 528 1734; x_wconf 89' lang='lat' dir='ltr'><strong>saeculi</strong></span> <span class='ocrx_word' id='word_1_194' title='bbox 562 1698 829 1749; x_wconf 87' lang='lat' dir='ltr'><strong>putaverunt</strong></span> <span class='ocrx_word' id='word_1_195' title='bbox 861 1705 905 1733; x_wconf 90' lang='lat' dir='ltr'><strong>se</strong></span> <span class='ocrx_word' id='word_1_196' title='bbox 934 1689 1237 1749; x_wconf 86' lang='lat' dir='ltr'><strong>persequendo</strong></span> <span class='ocrx_word' id='word_1_197' title='bbox 1271 1689 1423 1734; x_wconf 78' lang='lat' dir='ltr'><strong>tollere</strong></span> 
     </span>
    </p>

    <p class='ocr_par' dir='ltr' id='par_1_16' title="bbox 0 1758 1421 1962">
     <span class='ocr_line' id='line_1_21' title="bbox 0 1758 1418 1820; baseline -0.001 -15"><span class='ocrx_word' id='word_1_198' title='bbox 0 1788 2 1809; x_wconf 51' lang='grc' dir='ltr'><strong><em>ι</em></strong></span> <span class='ocrx_word' id='word_1_199' title='bbox 31 1775 154 1820; x_wconf 88' lang='lat' dir='ltr'><strong>posse</strong></span> <span class='ocrx_word' id='word_1_200' title='bbox 175 1760 231 1805; x_wconf 91' lang='lat' dir='ltr'><strong>de</strong></span> <span class='ocrx_word' id='word_1_201' title='bbox 260 1770 375 1805; x_wconf 89' lang='lat' dir='ltr'><strong>terra</strong></span> <span class='ocrx_word' id='word_1_202' title='bbox 401 1775 565 1804; x_wconf 90' lang='lat' dir='ltr'><strong>nomen</strong></span> <span class='ocrx_word' id='word_1_203' title='bbox 599 1758 759 1805; x_wconf 89' lang='lat' dir='ltr'><strong>Christi</strong></span> <span class='ocrx_word' id='word_1_204' title='bbox 789 1769 833 1804; x_wconf 88' lang='lat' dir='ltr'><strong>et</strong></span> <span class='ocrx_word' id='word_1_205' title='bbox 861 1774 1024 1804; x_wconf 87' lang='lat' dir='ltr'><strong>nomen</strong></span> <span class='ocrx_word' id='word_1_206' title='bbox 1045 1759 1418 1816; x_wconf 82' lang='lat' dir='ltr'><strong>Christianorum,</strong></span> 
     </span>
     <span class='ocr_line' id='line_1_22' title="bbox 28 1830 1421 1892; baseline 0 -17"><span class='ocrx_word' id='word_1_207' title='bbox 28 1832 248 1892; x_wconf 83' lang='lat' dir='ltr'><strong>jusserunt</strong></span> <span class='ocrx_word' id='word_1_208' title='bbox 274 1841 325 1876; x_wconf 90' lang='lat' dir='ltr'><strong>ut</strong></span> <span class='ocrx_word' id='word_1_209' title='bbox 346 1831 540 1891; x_wconf 87' lang='lat' dir='ltr'><strong>quisquis</strong></span> <span class='ocrx_word' id='word_1_210' title='bbox 561 1846 606 1875; x_wconf 92' lang='lat' dir='ltr'><strong>se</strong></span> <span class='ocrx_word' id='word_1_211' title='bbox 627 1832 911 1875; x_wconf 85' lang='lat' dir='ltr'><strong>confiteretur</strong></span> <span class='ocrx_word' id='word_1_212' title='bbox 932 1831 1246 1886; x_wconf 86' lang='lat' dir='ltr'><strong>Christianum,</strong></span> <span class='ocrx_word' id='word_1_213' title='bbox 1266 1830 1421 1876; x_wconf 86' lang='lat' dir='ltr'><strong>ferire-</strong></span> 
     </span>
     <span class='ocr_line' id='line_1_23' title="bbox 35 1900 1418 1962; baseline 0.001 -16"><span class='ocrx_word' id='word_1_214' title='bbox 35 1911 117 1946; x_wconf 88' lang='lat' dir='ltr'><strong>tur.</strong></span> <span class='ocrx_word' id='word_1_215' title='bbox 155 1902 434 1962; x_wconf 87' lang='lat' dir='ltr'><strong>Quicumque</strong></span> <span class='ocrx_word' id='word_1_216' title='bbox 461 1901 604 1946; x_wconf 90' lang='lat' dir='ltr'><strong>noluit</strong></span> <span class='ocrx_word' id='word_1_217' title='bbox 629 1900 774 1957; x_wconf 87' lang='lat' dir='ltr'><strong>feriri,</strong></span> <span class='ocrx_word' id='word_1_218' title='bbox 802 1901 977 1960; x_wconf 81' lang='lat' dir='ltr'><strong>negavit</strong></span> <span class='ocrx_word' id='word_1_219' title='bbox 1006 1917 1051 1946; x_wconf 90' lang='lat' dir='ltr'><strong>se</strong></span> <span class='ocrx_word' id='word_1_220' title='bbox 1085 1902 1383 1947; x_wconf 82' lang='lat' dir='ltr'><strong>Christianum</strong></span> <span class='ocrx_word' id='word_1_221' title='bbox 1409 1923 1418 1948; x_wconf 81' lang='lat' dir='ltr'>z</span> 
     </span>
    </p>

    <p class='ocr_par' dir='ltr' id='par_1_17' title="bbox 0 1971 1424 2103">
     <span class='ocr_line' id='line_1_24' title="bbox 0 1971 1422 2033; baseline 0 -15"><span class='ocrx_word' id='word_1_222' title='bbox 0 1995 1 1999; x_wconf 46' lang='lat'>¹</span> <span class='ocrx_word' id='word_1_223' title='bbox 32 1973 168 2018; x_wconf 82' lang='lat' dir='ltr'><strong>sciens</strong></span> <span class='ocrx_word' id='word_1_224' title='bbox 189 1972 298 2033; x_wconf 92' lang='lat' dir='ltr'><strong>quid</strong></span> <span class='ocrx_word' id='word_1_225' title='bbox 323 1973 425 2017; x_wconf 90' lang='lat' dir='ltr'><strong>mali</strong></span> <span class='ocrx_word' id='word_1_226' title='bbox 449 1971 635 2027; x_wconf 80' lang='lat' dir='ltr'><strong>faceret,</strong></span> <span class='ocrx_word' id='word_1_227' title='bbox 661 1973 858 2032; x_wconf 85' lang='lat' dir='ltr'><strong>pervenit</strong></span> <span class='ocrx_word' id='word_1_228' title='bbox 876 1973 933 2017; x_wconf 91' lang='lat' dir='ltr'><strong>ad</strong></span> <span class='ocrx_word' id='word_1_229' title='bbox 949 1973 1076 2017; x_wconf 87' lang='lat' dir='ltr'><strong>illum</strong></span> <span class='ocrx_word' id='word_1_230' title='bbox 1098 1973 1249 2031; x_wconf 79' lang='lat' dir='ltr'><strong>sagitta</strong></span> <span class='ocrx_word' id='word_1_231' title='bbox 1271 1973 1422 2018; x_wconf 83' lang='lat' dir='ltr'><strong>volans</strong></span> 
     </span>
     <span class='ocr_line' id='line_1_25' title="bbox 31 2042 1424 2103; baseline 0.001 -16"><span class='ocrx_word' id='word_1_232' title='bbox 31 2057 108 2102; x_wconf 88' lang='lat' dir='ltr'><strong>per</strong></span> <span class='ocrx_word' id='word_1_233' title='bbox 131 2042 264 2087; x_wconf 86' lang='lat' dir='ltr'><strong>diem.</strong></span> <span class='ocrx_word' id='word_1_234' title='bbox 290 2043 565 2103; x_wconf 87' lang='lat' dir='ltr'><strong>Quicumque</strong></span> <span class='ocrx_word' id='word_1_235' title='bbox 600 2053 746 2087; x_wconf 91' lang='lat' dir='ltr'><strong>autem</strong></span> <span class='ocrx_word' id='word_1_236' title='bbox 775 2060 865 2088; x_wconf 89' lang='lat' dir='ltr'><strong>non</strong></span> <span class='ocrx_word' id='word_1_237' title='bbox 892 2043 1061 2088; x_wconf 89' lang='lat' dir='ltr'><strong>curavit</strong></span> <span class='ocrx_word' id='word_1_238' title='bbox 1081 2052 1339 2103; x_wconf 79' lang='lat' dir='ltr'><strong>praesentem</strong></span> <span class='ocrx_word' id='word_1_239' title='bbox 1363 2045 1424 2088; x_wconf 75' lang='lat' dir='ltr'><strong>vi-</strong></span> 
     </span>
    </p>

    <p class='ocr_par' dir='ltr' id='par_1_18' title="bbox 0 2113 1476 2174">
     <span class='ocr_line' id='line_1_26' title="bbox 0 2113 1476 2174; baseline 0.001 -15"><span class='ocrx_word' id='word_1_240' title='bbox 0 2146 1 2166; x_wconf 62' lang='lat'><em>2</em></span> <span class='ocrx_word' id='word_1_241' title='bbox 33 2123 136 2169; x_wconf 84' lang='lat' dir='ltr'><strong>tam,</strong></span> <span class='ocrx_word' id='word_1_242' title='bbox 161 2113 237 2159; x_wconf 85' lang='lat' dir='ltr'><strong>sed</strong></span> <span class='ocrx_word' id='word_1_243' title='bbox 258 2124 401 2159; x_wconf 88' lang='lat' dir='ltr'><strong>certus</strong></span> <span class='ocrx_word' id='word_1_244' title='bbox 419 2115 606 2174; x_wconf 89' lang='lat' dir='ltr'><strong>speravit</strong></span> <span class='ocrx_word' id='word_1_245' title='bbox 623 2113 841 2169; x_wconf 86' lang='lat' dir='ltr'><strong>futuram,</strong></span> <span class='ocrx_word' id='word_1_246' title='bbox 867 2113 1104 2159; x_wconf 85' lang='lat' dir='ltr'><strong>declinavit</strong></span> <span class='ocrx_word' id='word_1_247' title='bbox 1128 2115 1326 2174; x_wconf 81' lang='lat' dir='ltr'><strong>sagittam</strong></span> <span class='ocrx_word' id='word_1_248' title='bbox 1344 2131 1425 2160; x_wconf 82' lang='lat' dir='ltr'><strong>vo·-</strong></span> <span class='ocrx_word' id='word_1_249' title='bbox 1462 2120 1476 2159; x_wconf 62' lang='grc' dir='ltr'><strong>ι’</strong></span> 
     </span>
    </p>

    <p class='ocr_par' dir='ltr' id='par_1_19' title="bbox 0 2183 1423 2670">
     <span class='ocr_line' id='line_1_27' title="bbox 0 2183 1423 2245; baseline 0.001 -16"><span class='ocrx_word' id='word_1_250' title='bbox 0 2206 1 2211; x_wconf 53' lang='grc'>’</span> <span class='ocrx_word' id='word_1_251' title='bbox 33 2183 194 2229; x_wconf 83' lang='lat' dir='ltr'><strong>lantem</strong></span> <span class='ocrx_word' id='word_1_252' title='bbox 216 2201 292 2245; x_wconf 89' lang='lat' dir='ltr'><strong>per</strong></span> <span class='ocrx_word' id='word_1_253' title='bbox 304 2185 437 2239; x_wconf 81' lang='lat' dir='ltr'><strong>diem,</strong></span> <span class='ocrx_word' id='word_1_254' title='bbox 458 2184 680 2230; x_wconf 87' lang='lat' dir='ltr'><strong>confessus</strong></span> <span class='ocrx_word' id='word_1_255' title='bbox 700 2194 764 2229; x_wconf 89' lang='lat' dir='ltr'><strong>est</strong></span> <span class='ocrx_word' id='word_1_256' title='bbox 786 2201 830 2229; x_wconf 89' lang='lat' dir='ltr'><strong>se</strong></span> <span class='ocrx_word' id='word_1_257' title='bbox 852 2185 1147 2230; x_wconf 89' lang='lat' dir='ltr'><strong>Christianum</strong></span> <span class='ocrx_word' id='word_1_258' title='bbox 1165 2204 1175 2230; x_wconf 91' lang='lat'>:</span> <span class='ocrx_word' id='word_1_259' title='bbox 1195 2201 1423 2244; x_wconf 89' lang='lat' dir='ltr'><strong>percussus</strong></span> 
     </span>
     <span class='ocr_line' id='line_1_28' title="bbox 33 2256 1422 2316; baseline 0.001 -16"><span class='ocrx_word' id='word_1_260' title='bbox 33 2271 176 2312; x_wconf 88' lang='lat' dir='ltr'><strong>carne,</strong></span> <span class='ocrx_word' id='word_1_261' title='bbox 198 2256 408 2301; x_wconf 85' lang='lat' dir='ltr'><strong>liberatus</strong></span> <span class='ocrx_word' id='word_1_262' title='bbox 430 2266 494 2301; x_wconf 86' lang='lat' dir='ltr'><strong>est</strong></span> <span class='ocrx_word' id='word_1_263' title='bbox 510 2257 691 2316; x_wconf 77' lang='lat' dir='ltr'><strong>spiritu3</strong></span> <span class='ocrx_word' id='word_1_264' title='bbox 718 2266 942 2316; x_wconf 82' lang='lat' dir='ltr'><strong>expectare</strong></span> <span class='ocrx_word' id='word_1_265' title='bbox 961 2256 1094 2315; x_wconf 83' lang='lat' dir='ltr'><strong>coepit</strong></span> <span class='ocrx_word' id='word_1_266' title='bbox 1115 2256 1281 2316; x_wconf 88' lang='lat' dir='ltr'><strong>positus</strong></span> <span class='ocrx_word' id='word_1_267' title='bbox 1303 2256 1422 2316; x_wconf 87' lang='lat' dir='ltr'><strong>apud</strong></span> 
     </span>
     <span class='ocr_line' id='line_1_29' title="bbox 34 2326 1422 2388; baseline 0 -16"><span class='ocrx_word' id='word_1_268' title='bbox 34 2329 173 2372; x_wconf 88' lang='lat' dir='ltr'><strong>Deum</strong></span> <span class='ocrx_word' id='word_1_269' title='bbox 202 2328 249 2372; x_wconf 92' lang='lat' dir='ltr'><strong>in</strong></span> <span class='ocrx_word' id='word_1_270' title='bbox 274 2328 420 2388; x_wconf 89' lang='lat' dir='ltr'><strong>quiete</strong></span> <span class='ocrx_word' id='word_1_271' title='bbox 436 2364 448 2383; x_wconf 86' lang='lat'>,</span> <span class='ocrx_word' id='word_1_272' title='bbox 473 2328 603 2372; x_wconf 90' lang='lat' dir='ltr'><strong>etiam</strong></span> <span class='ocrx_word' id='word_1_273' title='bbox 625 2326 971 2386; x_wconf 88' lang='lat' dir='ltr'><strong>redemptionem</strong></span> <span class='ocrx_word' id='word_1_274' title='bbox 994 2327 1185 2386; x_wconf 88' lang='lat' dir='ltr'><strong>corporis</strong></span> <span class='ocrx_word' id='word_1_275' title='bbox 1207 2327 1273 2371; x_wconf 92' lang='lat' dir='ltr'><strong>sui</strong></span> <span class='ocrx_word' id='word_1_276' title='bbox 1290 2329 1335 2371; x_wconf 88' lang='lat' dir='ltr'><strong>in</strong></span> <span class='ocrx_word' id='word_1_277' title='bbox 1353 2343 1422 2372; x_wconf 90' lang='lat' dir='ltr'><strong>re-</strong></span> 
     </span>
     <span class='ocr_line' id='line_1_30' title="bbox 33 2397 1418 2458; baseline 0.001 -17"><span class='ocrx_word' id='word_1_278' title='bbox 33 2398 296 2443; x_wconf 85' lang='lat' dir='ltr'><strong>surrectione</strong></span> <span class='ocrx_word' id='word_1_279' title='bbox 319 2408 593 2443; x_wconf 88' lang='lat' dir='ltr'><strong>mortuorum</strong></span> <span class='ocrx_word' id='word_1_280' title='bbox 619 2398 778 2443; x_wconf 88' lang='lat' dir='ltr'><strong>:evasit</strong></span> <span class='ocrx_word' id='word_1_281' title='bbox 795 2414 818 2442; x_wconf 89' lang='lat' dir='ltr'><strong>a</strong></span> <span class='ocrx_word' id='word_1_282' title='bbox 836 2397 1078 2442; x_wconf 80' lang='lat' dir='ltr'><strong>tentatione</strong></span> <span class='ocrx_word' id='word_1_283' title='bbox 1101 2397 1191 2452; x_wconf 84' lang='lat' dir='ltr'><strong>illa,</strong></span> <span class='ocrx_word' id='word_1_284' title='bbox 1217 2414 1241 2442; x_wconf 91' lang='lat' dir='ltr'><strong>a</strong></span> <span class='ocrx_word' id='word_1_285' title='bbox 1263 2399 1418 2458; x_wconf 83' lang='lat' dir='ltr'><strong>sagitta</strong></span> 
     </span>
     <span class='ocr_line' id='line_1_31' title="bbox 32 2469 1423 2530; baseline 0 -15"><span class='ocrx_word' id='word_1_286' title='bbox 32 2470 206 2515; x_wconf 78' lang='lat' dir='ltr'><strong>volante</strong></span> <span class='ocrx_word' id='word_1_287' title='bbox 235 2486 313 2530; x_wconf 87' lang='lat' dir='ltr'><strong>per</strong></span> <span class='ocrx_word' id='word_1_288' title='bbox 342 2470 474 2515; x_wconf 86' lang='lat' dir='ltr'><strong>diem.</strong></span> <span class='ocrx_word' id='word_1_289' title='bbox 512 2474 627 2529; x_wconf 80' lang='lat' dir='ltr'><strong>Ergo</strong></span> <span class='ocrx_word' id='word_1_290' title='bbox 643 2506 653 2525; x_wconf 67' lang='lat'>⁷</span> <span class='ocrx_word' id='word_1_291' title='bbox 684 2470 960 2530; x_wconf 72' lang='lat' dir='ltr'><strong>Quicumque</strong></span> <span class='ocrx_word' id='word_1_292' title='bbox 982 2485 1027 2513; x_wconf 90' lang='lat' dir='ltr'><strong>se</strong></span> <span class='ocrx_word' id='word_1_293' title='bbox 1048 2469 1268 2514; x_wconf 87' lang='lat' dir='ltr'><strong>confessus</strong></span> <span class='ocrx_word' id='word_1_294' title='bbox 1287 2470 1423 2515; x_wconf 90' lang='lat' dir='ltr'><strong>fuerit</strong></span> 
     </span>
     <span class='ocr_line' id='line_1_32' title="bbox 32 2539 1419 2601; baseline 0 -16"><span class='ocrx_word' id='word_1_295' title='bbox 32 2541 346 2596; x_wconf 86' lang='lat' dir='ltr'><strong>Christianum,</strong></span> <span class='ocrx_word' id='word_1_296' title='bbox 365 2539 544 2585; x_wconf 86' lang='lat' dir='ltr'><strong>feriatur</strong></span> <span class='ocrx_word' id='word_1_297' title='bbox 573 2561 582 2585; x_wconf 76' lang='lat' dir='ltr'>z</span> <span class='ocrx_word' id='word_1_298' title='bbox 609 2540 832 2601; x_wconf 87' lang='lat' dir='ltr'><strong>quomodo</strong></span> <span class='ocrx_word' id='word_1_299' title='bbox 855 2541 1008 2599; x_wconf 78' lang='lat' dir='ltr'><strong>sagitta</strong></span> <span class='ocrx_word' id='word_1_300' title='bbox 1036 2539 1186 2585; x_wconf 83' lang='lat' dir='ltr'><strong>volans</strong></span> <span class='ocrx_word' id='word_1_301' title='bbox 1206 2557 1283 2600; x_wconf 86' lang='lat' dir='ltr'><strong>per</strong></span> <span class='ocrx_word' id='word_1_302' title='bbox 1302 2541 1419 2585; x_wconf 85' lang='lat' dir='ltr'><strong>diem</strong></span> 
     </span>
     <span class='ocr_line' id='line_1_33' title="bbox 35 2609 1422 2670; baseline 0.001 -15"><span class='ocrx_word' id='word_1_303' title='bbox 35 2609 130 2655; x_wconf 86' lang='lat' dir='ltr'><strong>fuit.</strong></span> <span class='ocrx_word' id='word_1_304' title='bbox 154 2611 360 2657; x_wconf 89' lang='lat' dir='ltr'><strong>Nondum</strong></span> <span class='ocrx_word' id='word_1_305' title='bbox 383 2621 471 2655; x_wconf 84' lang='lat' dir='ltr'><strong>erat</strong></span> <span class='ocrx_word' id='word_1_306' title='bbox 495 2611 763 2655; x_wconf 60' lang='lat' dir='ltr'><strong>daemonium</strong></span> <span class='ocrx_word' id='word_1_307' title='bbox 794 2611 1081 2655; x_wconf 85' lang='lat' dir='ltr'><strong>meridianum</strong></span> <span class='ocrx_word' id='word_1_308' title='bbox 1096 2647 1107 2665; x_wconf 82' lang='lat'><strong>‚</strong></span> <span class='ocrx_word' id='word_1_309' title='bbox 1137 2612 1322 2670; x_wconf 79' lang='lat' dir='ltr'><strong>flagrans</strong></span> <span class='ocrx_word' id='word_1_310' title='bbox 1344 2628 1422 2657; x_wconf 83' lang='lat' dir='ltr'><strong>ve-</strong></span> 
     </span>
    </p>
   </div>
   <div class='ocr_carea' id='block_1_3' title="bbox 83 2693 1213 2738">
    <p class='ocr_par' dir='ltr' id='par_1_20' title="bbox 83 2693 1213 2738">
     <span class='ocr_line' id='line_1_34' title="bbox 83 2693 1213 2738; baseline -0.001 -10"><span class='ocrx_word' id='word_1_311' title='bbox 83 2703 93 2720; x_wconf 89' lang='lat'>¹</span> <span class='ocrx_word' id='word_1_312' title='bbox 112 2695 226 2728; x_wconf 80' lang='lat' dir='ltr'><strong>Matth.</strong></span> <span class='ocrx_word' id='word_1_313' title='bbox 245 2707 314 2737; x_wconf 76' lang='lat' dir='ltr'><strong>xm,</strong></span> <span class='ocrx_word' id='word_1_314' title='bbox 330 2695 348 2728; x_wconf 80' lang='lat'>3</span> <span class='ocrx_word' id='word_1_315' title='bbox 369 2699 402 2728; x_wconf 77' lang='lat' dir='ltr'><strong>et</strong></span> <span class='ocrx_word' id='word_1_316' title='bbox 419 2695 473 2728; x_wconf 82' lang='lat'><strong>23.</strong></span> <span class='ocrx_word' id='word_1_317' title='bbox 491 2711 533 2718; x_wconf 86' lang='lat'><em>-</em></span> <span class='ocrx_word' id='word_1_318' title='bbox 552 2703 565 2718; x_wconf 79' lang='lat'>²</span> <span class='ocrx_word' id='word_1_319' title='bbox 580 2695 762 2738; x_wconf 79' lang='lat' dir='ltr'><strong>Ephes.1n,</strong></span> <span class='ocrx_word' id='word_1_320' title='bbox 782 2706 832 2738; x_wconf 88' lang='lat'><strong>¹7-</strong></span> <span class='ocrx_word' id='word_1_321' title='bbox 856 2712 897 2719; x_wconf 83' lang='lat'><strong>--</strong></span> <span class='ocrx_word' id='word_1_322' title='bbox 924 2693 938 2717; x_wconf 64' lang='grc' dir='ltr'><strong>ἶ</strong></span> <span class='ocrx_word' id='word_1_323' title='bbox 965 2706 977 2726; x_wconf 87' lang='lat'>1</span> <span class='ocrx_word' id='word_1_324' title='bbox 995 2695 1076 2727; x_wconf 79' lang='lat' dir='ltr'><strong>Tim.</strong></span> <span class='ocrx_word' id='word_1_325' title='bbox 1096 2707 1142 2735; x_wconf 77' lang='lat' dir='ltr'><strong>vr,</strong></span> <span class='ocrx_word' id='word_1_326' title='bbox 1163 2707 1213 2728; x_wconf 86' lang='lat'><strong>10.</strong></span> 
     </span>
    </p>
   </div>
   <div class='ocr_carea' id='block_1_4' title="bbox 1147 2751 1209 2789">
    <p class='ocr_par' dir='ltr' id='par_1_21' title="bbox 1147 2751 1209 2789">
     <span class='ocr_line' id='line_1_35' title="bbox 1147 2751 1209 2789; baseline -0.048 1"><span class='ocrx_word' id='word_1_327' title='bbox 1147 2751 1209 2789; x_wconf 69' lang='grc' dir='ltr'><strong>ΞΟ.</strong></span> 
     </span>
    </p>
   </div>
  </div>
 </body>
</html>
