1926 3339
274 323 516 351 muntium
548 326 581 351 11
612 326 658 352 nv
690 324 893 352 PsALMUM.
927 327 1001 363 xc,
1035 325 1176 356 sEnMo
1208 331 1256 355 11.
1375 320 1458 359 315

75 401 252 453 propter
274 406 352 435 nos
380 390 584 434 ostendit.
617 393 673 434 Et
693 406 805 449 saepe
828 391 1228 437 commendavimus
1249 396 1460 440 Charitati

72 467 261 517 Vestrae,
295 461 415 521 quod
448 476 526 505 nos
551 476 664 520 saepc
685 462 841 506 iterare
863 478 951 506 non
973 464 1091 522 piget
1119 483 1128 508 :
1153 473 1203 507 ut
1224 465 1324 524 quia
1347 467 1460 510 forte

70 533 198 579 multi
226 542 418 577 vestrum
440 531 581 590 legere
598 547 686 576 non
709 542 905 591 possunt,
931 534 1032 593 quia
1055 550 1143 578 non
1167 535 1225 578 eis
1246 545 1372 579 vacat
1392 536 1457 580 le-

71 619 185 664 gere,
207 613 282 647 aut
307 602 470 646 litteras
499 618 589 646 non
622 612 812 658 norunt,
848 603 1002 648 saltem
1031 604 1202 648 assidue
1235 606 1456 650 audiendo

68 690 158 719 non
167 672 703 718 obliviscantursalubrcm
717 673 848 717 fidem
866 689 1002 718 suam.
1020 677 1147 719 Certe
1160 691 1207 719 ea
1218 676 1457 735 repetendo

66 744 331 806 quibusdam
358 743 527 788 molesti
542 743 782 797 videamur,
809 746 914 788 dum
939 755 1083 789 tamen
1107 746 1318 806 quosdam
1347 746 1457 791 aedi-

66 816 260 860 ficemus.
287 815 495 859 Novimus
519 815 634 858 enirn
657 815 816 859 multos
832 831 921 859 esse
936 825 977 859 et
994 817 1200 860 memoria
1219 817 1458 876 praevalen-

66 897 145 942 tes,
166 896 208 931 et
222 886 419 932 lectionis
433 886 594 930 divinae
610 886 840 941 studiosos,
861 888 935 947 qui
949 903 998 931 ea
1013 904 1112 947 quse
1132 888 1293 932 dicturi
1305 904 1456 933 sumus

65 967 311 1014 noverunt3
340 967 384 1002 et
403 956 518 1002 forte
542 972 621 1000 nos
651 972 700 1001 ea
722 956 879 1001 volunt
912 956 1055 1001 dicere
1085 973 1186 1017 quae
1207 974 1298 1002 non
1320 974 1458 1003 nove-

65 1038 185 1073 runt.
211 1027 295 1073 Sed
309 1028 342 1071 si
360 1027 585 1072 celeriores
600 1036 718 1082 sunt⁷
740 1027 995 1071 intueantur
1007 1028 1109 1088 quia
1131 1044 1232 1072 cum
1249 1028 1456 1072 tardiori—

63 1100 145 1144 bus
178 1098 407 1143 ambulant
438 1099 570 1143 viam.
602 1098 786 1152 Quando
814 1107 962 1142 autem
992 1097 1082 1143 duo
1112 1100 1291 1143 comites
1324 1115 1457 1143 unam

62 1171 176 1216 viam
205 1169 462 1217 ambulant,
487 1184 676 1229 quorum
699 1178 763 1213 cst
785 1185 899 1213 unus
926 1169 1122 1225 celerior,
1148 1170 1257 1214 alter
1274 1170 1454 1225 tardior,

63 1243 108 1287 in
122 1249 336 1302 potestate
354 1240 570 1285 celerioris
591 1250 655 1285 est
671 1251 721 1286 ut
737 1256 836 1286 cum
859 1240 935 1285 illo
958 1241 1155 1286 ambulet
1172 1241 1352 1297 tardior,
1368 1258 1458 1286 non

63 1314 109 1357 in
132 1322 346 1373 potestate
368 1313 568 1356 tardioris
595 1332 603 1357 :
629 1312 731 1372 quia
753 1312 788 1356 si
807 1312 911 1357 velit
933 1312 1114 1357 celerior
1130 1322 1301 1357 tantum
1317 1312 1459 1358 facere

63 1392 280 1445 quantum
314 1392 480 1442 potest,
519 1382 682 1427 tardior
714 1382 840 1427 illum
876 1398 967 1427 non
1000 1384 1212 1443 sequitur.
1246 1385 1367 1443 Opus
1395 1392 1460 1427 est

61 1469 163 1512 ergo
192 1463 242 1498 ut
270 1453 452 1498 celerior
480 1453 670 1498 refrenet
701 1453 967 1498 celeritatem
989 1470 1128 1510 suam,
1153 1464 1197 1499 et
1216 1471 1306 1499 non
1324 1454 1456 1499 relin-

59 1535 167 1585 quat
188 1527 391 1570 comitem
406 1524 656 1569 tardiorem.
676 1528 770 1569 Hoc
791 1534 854 1568 est
871 1540 974 1584 ergo
998 1525 1120 1585 quod
1140 1525 1227 1569 dixi
1249 1541 1327 1584 me*
1341 1541 1455 1586 saepe

59 1595 215 1640 dixisse
231 1615 242 1653 ς
266 1605 310 1640 et
332 1612 451 1641 nunc
471 1595 631 1640 iterum
647 1595 746 1640 dico
766 1596 904 1641 :sicut
917 1596 1024 1640 dicit
1039 1596 1274 1656 Apostolus
1289 1631 1300 1652 ,
1331 1616 1352 1639 «
1367 1600 1454 1641 Ea-

61 1684 81 1708 »
116 1665 216 1710 dem
238 1666 426 1710 scribere
449 1666 599 1721 vobis,
631 1666 738 1710 mihi
771 1666 948 1727 quidem
981 1682 1071 1711 non
1098 1666 1295 1726 pigrum,
1329 1667 1454 1712 vobis

61 1756 82 1779 »
116 1746 261 1782 autem
286 1746 432 1782 tutum
449 1739 478 1782 ¹.
509 1758 527 1779 »
555 1738 764 1782 Dominus
786 1747 933 1782 noster
961 1740 1085 1782 J-esus
1110 1738 1324 1793 Christus,
1352 1748 1452 1782 tan-

57 1824 189 1869 quam
205 1818 322 1853 totus
345 1807 562 1868 perfectus
584 1809 650 1854 vir
672 1818 715 1852 et
737 1818 869 1868 caput
887 1819 930 1853 et
951 1824 1108 1868 corpus
1131 1829 1139 1854 :
1159 1819 1292 1869 caput
1313 1810 1358 1854 in
1375 1808 1452 1853 illo

55 1881 232 1925 homine
255 1881 543 1939 agnoscimus,
569 1880 645 1940 qui
663 1890 791 1924 natus
812 1891 875 1924 est
897 1880 951 1924 de
972 1881 1107 1925 Maria
1129 1880 1296 1938 virgine
1311 1915 1322 1935 ,
1353 1896 1452 1939 pas-

57 1967 127 1996 sus
159 1951 242 1995 sul)
268 1952 424 1995 Pontio
449 1951 588 1995 Pilato
604 1987 614 2007 ‚
648 1951 870 2011 sepultus,
896 1951 1155 2006 resurrexit,
1192 1950 1385 1995 ascendit
1405 1951 1451 1995 in

56 2021 237 2077 coelum,
263 2021 384 2065 sedet
401 2021 458 2065 ad
480 2020 703 2066 dexteram
729 2022 882 2076 Patris,
907 2021 1009 2066 inde
1031 2021 1155 2065 illum
1173 2031 1450 2081 expectamus

52 2093 244 2154 judicem
271 2093 470 2136 vivorum
504 2103 635 2152 atque
659 2101 933 2136 mortuorum
961 2111 970 2137 ε
1002 2093 1085 2136 hoc
1113 2102 1176 2136 est
1198 2102 1330 2152 caput
1363 2095 1449 2136 Ec-

56 2163 236 2210 clesiae2.
264 2167 433 2224 Corpus
463 2166 592 2224 hujus
618 2165 768 2224 capitis
797 2164 989 2209 Ecclesia
1010 2174 1096 2220 est,
1122 2180 1210 2208 non
1235 2179 1335 2224 quae
1364 2164 1449 2210 hoc

55 2235 154 2280 loco
179 2245 263 2290 est,
295 2235 370 2279 sed
395 2245 438 2279 et
459 2252 558 2296 quae
581 2237 664 2280 hoc
686 2235 783 2280 loco
806 2245 847 2279 et
878 2251 954 2295 per
975 2245 1116 2279 totum
1140 2234 1294 2279 orbem
1318 2244 1449 2279 terra-

56 2321 154 2350 rum
182 2326 190 2351 z
212 2322 292 2351 nec
313 2306 386 2350 illa
409 2323 506 2366 quae
527 2307 612 2351 hoc
630 2316 849 2366 tempore,
875 2305 951 2350 sed
975 2306 1029 2350 ab
1050 2306 1143 2366 ipso
1170 2305 1283 2350 Abel
1311 2321 1449 2366 usque

56 2378 112 2421 ad
129 2392 201 2421 eos
222 2377 299 2437 qui
323 2377 527 2421 nascituri
548 2388 651 2422 sunt
680 2394 818 2438 usque
848 2379 892 2421 in
915 2378 1065 2431 finem,
1100 2386 1142 2421 et
1174 2376 1381 2421 credituri
1402 2377 1449 2420 in

56 2448 302 2501 Christum,
333 2457 451 2491 totus
483 2447 672 2507 populus
705 2458 956 2493 sanctorum
982 2448 1037 2492 ad
1062 2464 1195 2492 unam
1228 2448 1448 2492 civitatem

56 2518 391 2577 pertinentium,
423 2534 522 2578 quae
547 2519 697 2563 civitas
720 2535 878 2578 corpus
908 2529 973 2564 est
993 2519 1180 2573 Christi,
1215 2518 1285 2562 cui
1314 2527 1446 2578 caput

55 2598 120 2632 est
140 2589 352 2633 Christus.
377 2589 443 2632 Ibi
463 2598 565 2632 sunt
587 2598 630 2633 et
659 2589 815 2648 Angeli
833 2590 946 2634 cives
966 2590 1117 2635 nostri.
1142 2588 1228 2634 Sed
1242 2590 1344 2649 quia
1367 2603 1444 2634 nos

104 2680 113 2696 ¹
130 2673 242 2716 Philip.
263 2685 310 2716 ιιι,
330 2686 359 2707 1.
379 2691 421 2697 —-
440 2681 452 2696 ²
468 2674 584 2717 EpheS.
606 2685 640 2716 v,
663 2675 716 2707 23.
