1926 3339
429 257 670 287 ENARRA‘HO
702 259 747 284 m
779 256 981 285 PSALMUM
1013 261 1108 288 xcv.
1384 253 1469 292 439

88 339 169 367 nus
189 325 338 367 esses?
363 324 406 369 Si
428 332 570 367 tecum
602 321 774 366 tolleres
800 322 1010 378 hostiam,
1044 339 1174 383 quam
1201 335 1393 383 portares
1417 330 1472 373 ad

86 395 192 438 atria
224 394 411 438 Domini.
446 397 543 438 ‚Iam
577 408 631 437 ne
654 392 731 437 diu
758 401 1007 448 teneamus,
1041 410 1265 440 curramus
1296 408 1467 444 caetera.

85 463 240 508 Videte
253 473 515 508 crescentem
535 461 734 519 domum,
755 463 899 508 videte
916 464 1151 508 aedificium
1163 465 1225 509 ire
1241 481 1318 526 per
1330 477 1473 513 totum

85 535 233 579 orbem
252 543 480 578 terrarum.
508 533 719 589 Gaudete,
737 535 838 595 quia
851 535 1040 579 intrastis
1055 535 1099 580 in
1113 537 1219 581 atria
1236 554 1245 582 ε
1268 538 1471 596 gaudete,

82 604 184 665 quia
205 604 483 649 aedificamini
512 605 557 648 in
579 605 792 664 templum
821 606 914 650 Dei.
949 607 1033 660 Qui
1058 606 1171 651 enim
1191 607 1370 665 intrant,
1395 610 1475 670 ipsi

81 676 372 731 aedificantur,
399 676 478 736 ipsi
497 685 599 720 sunt
620 676 775 721 domus
798 677 874 721 Dei
894 697 902 722 :
922 676 994 722 ille
1013 687 1076 722 est
1098 679 1381 737 inhabitator,
1401 683 1473 726 cui

81 745 322 790 aedificatur
343 745 500 790 domus
522 755 615 790 toto
638 747 744 791 orbe
772 756 986 792 terrarum
1003 783 1015 804 ,
1040 758 1083 793 et
1105 750 1188 794 hoc
1208 760 1306 809 post
1332 752 1471 813 capti-

80 817 274 862 vitatem.
304 836 322 858 «
348 816 502 862 Tollite
519 818 695 873 hostias,
721 827 765 862 et
786 818 961 863 introite
982 819 1026 862 in
1042 820 1148 863 atria
1166 821 1272 880 ejus.
1297 839 1319 862 »

138 889 194 931 X.
224 905 244 929 «
271 883 463 932 Adoratss
485 889 721 933 Dominum
742 889 788 934 in
811 890 921 934 atrio
936 899 1087 934 sancto
1110 891 1201 951 ejus
1217 893 1230 917 ¹
1253 910 1263 936 z
1293 908 1314 933 »
1334 892 1381 936 in
1401 909 1472 938 ca-

79 959 240 1003 tholica
261 959 482 1017 Ecclesia,
503 960 586 1004 hoc
613 969 676 1005 est
699 960 858 1004 atrium
880 969 1079 1004 sanctum
1108 962 1215 1020 ejus.
1239 964 1378 1008 Nemo
1399 964 1468 1009 di-

78 1038 175 1086 cat,
199 1048 219 1072 «
243 1032 356 1074 Ecce
381 1030 452 1074 hic
477 1039 542 1074 est
569 1030 791 1086 Christus,
818 1045 918 1075 ecce
940 1030 1043 1075 illic.
1070 1050 1088 1072 »
1114 1033 1336 1090 Exurgent
1353 1034 1470 1078 enim

79 1099 611 1160 pseudo-p1·ophetae.Dic
639 1100 698 1144 eis
727 1099 870 1156 istud,
907 1119 927 1143 «
960 1101 1087 1160 Lapis
1118 1116 1249 1161 super
1277 1102 1468 1162 lapidem

79 1188 100 1212 »
135 1186 224 1216 non
248 1171 550 1231 relinquetur,
574 1171 650 1231 qui
673 1187 762 1216 non
785 1171 1064 1215 destruatur2
1095 1191 1104 1217 z
1132 1190 1151 1213 »
1179 1171 1233 1216 ad
1261 1174 1470 1232 parietem

76 1241 331 1286 dealbatum
348 1242 523 1297 vocatis,
544 1242 590 1285 in
608 1241 718 1286 atrio
736 1250 886 1286 sancto
904 1241 1036 1286 adoro
1059 1245 1199 1287 Deum
1213 1258 1375 1288 meum.

136 1314 216 1356 XI.
254 1331 271 1353 «
300 1314 639 1357 Commoveatur
661 1328 685 1356 a
705 1312 815 1357 facie
836 1314 927 1373 ejus
948 1313 1148 1358 universa
1163 1322 1278 1357 terra
1304 1333 1312 1359 :
1337 1314 1469 1359 dicite

78 1400 98 1424 »
134 1383 179 1425 in
192 1382 442 1427 nationibus
460 1382 1260 1442 :Dominusregnavitaligno.Etenim
1284 1385 1469 1431 correxit

77 1471 98 1496 »ι
133 1453 283 1498 orbem
308 1462 445 1509 terrae,
472 1455 547 1514 qui
574 1469 663 1498 non
680 1454 1072 1499 commovebitur³.
1103 1474 1121 1495 »
1139 1457 1247 1508 Quae
1268 1457 1465 1500 testimo-

73 1525 145 1570 nia
179 1523 477 1569 aedificationis
505 1524 661 1569 domus
689 1525 800 1569 Dei?
828 1528 1038 1570 Intonant
1074 1525 1214 1569 nubes
1249 1525 1465 1571 coelorum

73 1610 150 1655 per
170 1603 314 1640 totum
336 1596 487 1640 orbem
504 1605 719 1640 terrarum
743 1595 948 1639 aedificari
970 1594 1150 1653 domum
1172 1597 1251 1640 Dei
1278 1616 1287 1641 :
1308 1606 1351 1641 et
1371 1597 1465 1642 cla-

73 1675 196 1710 mant
215 1682 331 1710 ranae
349 1666 403 1710 de
416 1666 604 1726 palude:
625 1669 713 1712 Nos
735 1666 815 1711 soli
834 1681 983 1710 sumus
999 1666 1246 1711 Christiani.
1263 1671 1368 1721 Quae
1385 1677 1467 1712 tes-

74 1737 254 1781 timonia
278 1737 486 1796 profero?
519 1737 730 1781 Psalterii.
757 1736 937 1781 Profero
969 1736 1091 1797 quod
1111 1737 1268 1781 surdus
1290 1747 1463 1782 cantas:

73 1808 191 1867 aperi
213 1823 337 1851 aures
353 1842 363 1862 ,
395 1816 445 1851 tu
468 1816 615 1852 cantas
642 1807 721 1851 ista
740 1828 751 1865 3
780 1816 928 1852 cantas
952 1822 1149 1862 mecum,
1183 1816 1226 1851 et
1248 1823 1339 1852 non
1359 1823 1465 1853 con-

73 1878 225 1923 cordas
249 1893 420 1922 mecum
447 1897 456 1922 :
480 1877 631 1936 lingua
649 1886 724 1921 tua
749 1886 875 1922 sonat
904 1876 1024 1937 quod
1047 1886 1171 1922 sonat
1191 1892 1304 1933 mea,
1326 1887 1370 1922 et
1392 1894 1468 1923 cor

73 1957 200 1993 tuum
230 1949 423 1993 dissonat
451 1964 475 1992 a
497 1948 628 1993 corde
650 1964 761 1992 meo.
793 1950 949 1993 Nonne
972 1957 1021 1992 tu
1048 1957 1197 1993 cantas
1224 1948 1334 1993 ista?
1356 1948 1469 2006 Vide

73 2020 316 2065 testimonia
341 2020 455 2064 orbis
489 2029 703 2064 terrarum
733 2039 741 2064 :
781 2038 801 2062 «
827 2021 1166 2064 Commoveatur
1193 2035 1216 2063 a
1245 2018 1355 2064 facie
1376 2021 1467 2081 ejus

75 2109 96 2132 υ
131 2091 329 2135 universa
350 2100 465 2135 terra
485 2110 494 2135 2
525 2110 542 2132 »
568 2100 612 2135 et
643 2100 692 2134 tu
714 2089 820 2134 dicis
849 2106 939 2134 non
959 2089 1255 2134 commoveri?
1279 2108 1300 2132 «
1324 2090 1464 2135 Dicite

74 2179 94 2203 »
128 2162 174 2205 in
195 2161 444 2205 nationibus
472 2181 480 2206 :
507 2161 719 2205 Dominus
742 2161 939 2219 regnavit
961 2177 984 2204 a
1002 2160 1244 2219 ligno.>›An
1264 2158 1376 2204 forte
1392 2161 1465 2205 hic

72 2233 364 2287 obtinebunt,
400 2242 444 2277 et
474 2232 621 2277 dicent
648 2248 693 2277 se
726 2248 906 2291 regnare
936 2248 959 2276 a
986 2232 1129 2290 lign03
1153 2232 1255 2292 quia
1279 2229 1467 2276 fustibus

72 2303 487 2349 Circumcellionum
518 2305 727 2363 regnant?
760 2306 818 2348 De
852 2318 982 2347 cruce
1006 2302 1167 2347 Christi
1196 2317 1356 2362 regna,
1387 2303 1422 2346 si
1443 2318 1468 2347 a

72 2374 192 2434 ligno
215 2383 472 2432 regnaturus
506 2389 564 2418 es.
603 2377 712 2419 Nam
747 2373 919 2433 lignum
944 2375 1028 2418 hoc
1054 2383 1182 2417 tuum
1204 2373 1399 2432 ligneum
1426 2383 1469 2418 te

73 2444 177 2490 facit
205 2466 213 2490 z
240 2445 408 2504 lignum
440 2445 600 2490 Christi
627 2460 706 2505 per
734 2460 853 2489 mare
887 2454 930 2489 te
963 2445 1137 2505 trajicit.
1176 2444 1312 2490 Audis
1347 2444 1469 2488 Psal—
1505 2462 1508 2463 ⁷

73 2531 193 2560 mum
213 2515 429 2560 dicentem
449 2535 457 2561 :
483 2534 502 2557 «
522 2516 719 2560 Correxit
744 2515 896 2559 orbem
919 2524 1043 2558 terrae
1058 2550 1068 2569 ,
1084 2514 1261 2574 quinon
1279 2529 1465 2558 commo-

125 2608 130 2622 ¹
158 2602 236 2632 Psal.
259 2611 331 2641 xcv,
357 2611 388 2641 9.
410 2618 449 2623 —
479 2608 490 2622 ²
513 2600 730 2639 Matili.xx1v,
752 2609 783 2635 2,
805 2604 836 2629 vt
856 2599 911 2635 23,
931 2599 983 2639 [24.
1012 2616 1051 2620 —
1073 2597 1085 2620 3
1105 2599 1182 2629 psal.
1202 2609 1273 2634 rev,
1303 2609 1350 2629 ιο.
