1926 3339
445 277 686 307 ENARRA'no
717 280 763 306 ΙΝ
795 279 997 308 PSALMUM
1029 283 1176 310 xcvur.
1387 274 1464 314 501

89 349 218 400 gente
240 343 264 385 J
271 341 494 387 udaeorum
526 344 617 387 sine
643 358 772 402 opere
799 345 1045 389 hominum.
1070 348 1229 391 Omnes
1252 350 1472 411 enim2qui

86 422 352 469 nascuntur,
377 413 432 458 de
454 429 584 473 opere
614 413 800 458 maritali
822 425 1062 460 nascuntur
1090 437 1099 461 2
1124 416 1197 461 ille
1219 418 1273 462 de
1295 420 1472 479 Virgine

85 493 228 538 natus,
261 485 352 528 sine
378 485 580 529 manibus
612 494 740 530 natus
768 495 854 544 est,
887 503 964 547 per
991 503 1146 533 manus
1188 491 1320 545 enim,
1363 507 1471 550 opus

83 554 327 599 humanum
355 556 623 615 significatur
649 577 657 602 :
685 573 773 618 quo
795 574 949 603 manus
977 560 1180 604 humanae
1213 576 1303 605 non
1327 578 1473 607 acces-

82 634 261 682 serunt,
294 626 370 670 ubi
407 627 614 672 maritalis
647 627 868 688 amplexus
904 645 994 674 non
1026 628 1134 688 fuit,
1156 631 1291 675 foetus
1325 641 1471 677 tamen

81 694 182 739 fuit.
225 699 361 742 Natus
395 707 457 741 est
491 713 592 756 ergo
624 698 678 742 de
706 708 855 743 monte
887 701 978 745 sine
1004 701 1207 745 manibus
1229 702 1336 761 lapis
1358 703 1430 747 ille
1458 723 1466 747 :

81 768 232 822 crevit,
256 778 298 812 et
321 770 552 814 crescendo
572 769 703 830 fregit
733 771 878 815 omnia
901 788 1032 831 regna
1056 783 1284 817 terrarum.
1311 777 1470 819 Factus

81 847 145 882 est
174 848 320 883 autem
354 855 477 884 mons
501 856 703 899 magnus,
735 851 778 886 et
803 841 1000 902 implevit
1033 844 1278 888 universam
1315 843 1469 889 faciem

78 918 221 954 terrae.
249 913 355 954 Haec
384 920 447 955 est
469 910 659 956 Ecclesia
685 912 895 957 catholica
913 948 923 967 ,
949 914 1019 957 cui
1046 929 1122 958 vos
1146 915 1468 959 communicare

80 980 281 1039 gaudete.
309 980 378 1024 Illi
400 991 546 1025 autem
570 982 645 1042 qui
662 998 752 1026 non
769 983 806 1026 ei
826 982 1165 1038 communicant,
1188 985 1288 1044 quia
1311 995 1468 1044 praeter

77 1051 220 1111 ipsum
238 1061 432 1096 montem
444 1052 627 1097 adorant
643 1062 686 1097 et
697 1052 881 1097 laudant
896 1056 1052 1108 Deum,
1072 1069 1159 1098 non
1174 1055 1466 1099 exaudiuntur

77 1121 131 1166 ad
151 1122 285 1166 vitam
307 1132 541 1180 aeternam,
566 1123 644 1167 etsi
663 1123 718 1167 ad
734 1123 936 1183 quaedam
954 1132 1053 1181 tem}
1068 1123 1207 1168 oralia
1232 1125 1468 1169 exaudian-

75 1201 161 1237 tur.
193 1196 291 1237 Non
317 1193 398 1237 sibi
424 1210 527 1253 ergo
550 1194 859 1250 blandiantur,
892 1195 994 1255 quia
1023 1211 1095 1239 eos
1123 1195 1169 1238 in
1201 1195 1466 1255 quibusdam

74 1263 251 1308 exaudit
280 1268 395 1309 Deus
433 1284 441 1309 :
473 1280 575 1309 nam
601 1275 644 1309 et
679 1269 874 1324 Paganos
905 1264 1078 1309 exaudit
1110 1265 1154 1308 in
1179 1265 1460 1325 quibusdam.

72 1337 229 1380 Nonne
251 1334 442 1380 clamant
464 1336 627 1396 Pagani
648 1335 703 1380 ad
726 1339 879 1390 Deum,
898 1345 941 1380 et
961 1335 1105 1396 pluit?
1122 1339 1292 1389 Quare?
1310 1356 1329 1379 «
1354 1338 1465 1391 Quia

74 1424 95 1448 ))
132 1405 235 1451 facit
256 1406 391 1451 solem
413 1423 541 1451 suum
568 1407 669 1452 oriri
697 1423 827 1467 super
849 1408 986 1452 bonos
1024 1418 1066 1451 θῖ
1095 1407 1251 1461 malos,
1287 1417 1329 1452 et
1350 1408 1465 1468 pluit

73 1494 94 1518 »
131 1492 261 1537 super
276 1478 416 1538 justos
439 1487 482 1522 et
505 1479 727 1538 injustos1.
762 1498 778 1519 »
807 1478 907 1522 Noli
933 1494 1035 1536 ergo
1071 1477 1259 1536 gloriari,
1278 1494 1460 1537 pagane,

70 1548 174 1608 quia
200 1556 243 1592 te
265 1548 482 1592 clamante
506 1549 562 1593 ad
585 1552 740 1603 Deum,
770 1548 884 1608 pluit
904 1555 1013 1593 Deus
1028 1584 1038 1602 ,
1073 1549 1149 1609 qui
1177 1564 1306 1608 super
1323 1551 1462 1609 justos

69 1627 113 1663 et
129 1619 311 1679 injustos
332 1620 464 1680 pluit.
501 1619 682 1664 Audivit
703 1629 746 1664 te
769 1619 825 1664 ad
851 1619 1105 1679 temporalia
1133 1639 1141 1663 :
1164 1635 1254 1663 non
1277 1629 1316 1662 te
1341 1619 1464 1663 audit

70 1690 125 1735 ad
147 1699 326 1746 aeterna,
352 1692 434 1736 nisi
450 1691 496 1735 in
514 1700 664 1736 monte
679 1701 828 1736 sancto
851 1693 942 1752 ejus
959 1690 1219 1735 adoraveris.
1239 1709 1259 1732 «
1273 1689 1463 1735 Adorate

71 1778 92 1802 >›
128 1762 363 1806 Dominum
383 1762 429 1806 in
450 1770 599 1806 monte
621 1770 771 1806 sancto
793 1762 905 1822 ejus,
937 1761 1144 1822 quoniam
1175 1769 1348 1804 sanctus
1371 1764 1461 1805 Do-

70 1850 90 1874 »
127 1833 269 1877 minus
293 1836 406 1877 Deus
430 1842 593 1877 noster.
620 1853 638 1874 >›

124 1905 223 1947 XV.
246 1907 350 1948 Haee
369 1904 423 1947 de
442 1903 613 1948 Psalmo
636 1902 1077 1948 sufficiantCharitati
1095 1904 1259 1946 Vestrae
1286 1921 1294 1946 ε
1321 1917 1463 1962 quan-

65 1983 162 2019 tum
184 1975 396 2019 Dominus
419 1974 614 2030 donavit,
641 1974 777 2019 locuti
800 1990 963 2019 sumus.
991 1977 1049 2018 Et
1077 1972 1293 2034 quidquid
1322 1972 1463 2033 loqui-

65 2061 165 2090 mur
190 2045 237 2089 in
265 2046 442 2089 nomine
466 2045 560 2100 Dei,
596 2047 804 2106 quoniam
829 2046 994 2105 Deigest
1014 2044 1234 2105 loquentis
1264 2060 1341 2103 per
1362 2059 1457 2099 nos,

64 2116 206 2160 imber
226 2117 299 2160 Dei
323 2125 386 2160 est
407 2135 414 2160 :
441 2115 585 2160 videte
607 2132 684 2161 vos
707 2116 845 2176 qualis
872 2125 986 2160 terra
1014 2116 1116 2159 sitis.
1142 2117 1250 2159 Nam
1280 2114 1459 2174 quando

64 2186 212 2247 pluvia
234 2188 353 2231 venit
374 2202 503 2247 super
525 2197 701 2242 terram,
719 2188 753 2231 si
771 2187 885 2231 bona
899 2196 1010 2230 terra
1035 2195 1113 2240 est,
1132 2185 1300 2229 fructus
1320 2185 1458 2229 honos

63 2259 204 2318 paris,
229 2258 262 2302 si
291 2258 403 2302 mala
428 2268 539 2302 terra
566 2269 650 2314 est,
676 2259 819 2318 spinas
844 2258 953 2319 parit
982 2278 990 2302 ε
1015 2257 1164 2318 pluvia
1186 2265 1332 2300 tamen
1356 2255 1458 2300 dul-

64 2330 123 2374 cis
146 2338 209 2373 est
232 2339 275 2374 θῖ
301 2345 430 2389 super
462 2328 630 2374 fructus
655 2339 696 2374 θῖ
721 2345 848 2389 super
887 2329 1044 2388 spinas.
1078 2328 1163 2381 Qui
1189 2326 1278 2370 istis
1315 2327 1457 2371 verbis

65 2399 223 2444 auditis
251 2401 374 2460 pejor
396 2399 536 2444 factus
561 2399 716 2455 fuerit,
744 2400 950 2460 effispinas
972 2397 1195 2458 dej'pluvia
1219 2392 1456 2455 generavess·

63 2471 120 2515 rit
135 2506 146 2525 ,
170 2471 317 2530 ignem
335 2481 493 2531 speret,
516 2472 709 2531 pluviam
727 2487 817 2516 non
837 2480 1009 2515 accuset
1028 2489 1036 2514 ι
1053 2470 1128 2530 qui
1143 2478 1287 2512 autem
1303 2467 1456 2512 melior

63 2540 203 2585 factus
225 2540 373 2596 suerit,
399 2552 442 2586 et
465 2541 610 2601 fruges
635 2542 690 2587 de
719 2542 833 2588 bona
864 2551 978 2586 terra
1000 2540 1221 2598 genuerit,
1247 2539 1453 2607 horreum

112 2631 121 2648 ι
142 2624 256 2657 Matth.
281 2636 315 2666 v,
335 2624 389 2667 45.
