1926 3339
374 275 614 304 ENARRATio
647 279 690 304 m
726 276 929 304 rsALMUM
964 280 1082 305 xciii.
1341 272 1419 310 381

39 340 278 385 diderunt1
307 361 315 386 :
341 350 384 386 et
405 351 494 386 tam
515 343 560 386 in
581 342 830 403 propinquo
854 342 1021 387 inventi
1052 352 1181 400 sunt,
1209 354 1260 388 ut
1283 347 1429 392 omnia

39 425 114 456 sua
136 428 235 472 quae
255 412 479 456 habebant
498 412 739 457 venderent
754 448 765 468 ,
791 422 835 457 et
865 413 1054 473 pretium
1084 429 1229 457 rerum
1253 430 1429 459 suarum

39 480 93 524 ad
121 480 252 541 pedes
275 482 583 542 Apostolorum
602 492 842 541 ponerent3
868 493 911 528 et
934 483 1173 544 unicuique
1195 483 1429 528 distribue-

37 552 168 596 batur
185 553 408 613 quomodo
433 569 541 614 opus
567 563 684 612 erat3
711 563 754 598 et
776 563 867 599 erat
894 554 978 598 illis
1000 570 1088 599 una
1120 555 1261 599 anima
1284 564 1327 599 et
1359 571 1433 600 cor

38 639 175 668 unum
193 624 239 667 in
252 627 392 668 Deum
412 645 422 683 3
443 623 497 669 de
514 625 614 684 ipsis
632 625 959 670 crucifixoribus
977 626 1165 670 Domini.
1189 625 1273 670 Sed
1290 642 1425 686 quare

37 710 128 739 non
147 693 228 739 illis
251 694 472 739 redditum
496 697 588 740 est?
611 696 740 750 Quia,
771 714 791 737 «
816 695 968 740 Redde
998 697 1328 741 retributionem
1348 713 1424 741 su-

41 783 60 806 »
95 764 239 824 perbis
254 800 264 820 ,
295 784 314 806 »
341 764 506 810 dictum
525 775 583 821 et,
609 765 671 810 illi
687 775 834 810 autem
858 766 1097 811 noluerunt
1118 782 1207 810 esse
1229 767 1420 827 superbi.

37 836 211 880 Etenim
243 851 344 880 cum
386 837 584 881 viderent
618 836 756 881 multa
791 835 999 881 miracula
1028 837 1122 880 fieri
1151 853 1227 896 per
1263 853 1425 882 nomen

36 905 195 950 Christi
214 941 225 961 ,
246 922 379 967 quem
394 922 437 951 se
456 907 671 966 putabant
694 906 958 950 interfecisse
978 927 989 963 3
1006 907 1213 951 commoti
1235 908 1425 952 miracu-

35 975 87 1020 lis
105 1012 115 1031 ‚
151 977 383 1020 audierunt
416 994 438 1020 a
461 980 587 1020 Petro
616 977 660 1020 in
683 977 805 1036 cujus
831 976 1008 1021 nomine
1032 977 1105 1021 illa
1134 978 1302 1021 fierent.
1329 982 1426 1023 Non

36 1048 152 1091 enim
169 1047 251 1091 sibi
274 1063 474 1106 arrogare
498 1047 608 1092 servi
628 1046 865 1092 voluerunt
887 1047 1128 1107 potentiam
1150 1049 1323 1092 Domini
1340 1050 1422 1104 sui,

36 1126 86 1162 ut
118 1117 313 1162 dicerent
335 1135 359 1162 a
387 1134 431 1163 se
453 1117 619 1162 factum
650 1134 740 1162 esse
772 1118 893 1179 quod
924 1117 998 1162 ille
1026 1118 1073 1162 in
1100 1119 1199 1178 ipsis
1222 1118 1422 1165 faciebat.

38 1191 258 1234 Honorem
275 1205 379 1248 ergo
399 1189 617 1234 dederunt
629 1190 741 1235 servi
759 1190 944 1234 Domino
962 1205 1040 1234 suo
1059 1189 1300 1246 :dixerunt,
1323 1192 1426 1252 quia

37 1275 136 1320 quae
167 1259 230 1304 illi
254 1261 551 1316 mirabantur,
586 1261 631 1304 in
663 1260 840 1305 nomine
868 1260 1023 1304 fierent
1055 1261 1174 1320 ejus,
1208 1277 1339 1321 quem
1362 1262 1426 1306 illi

37 1332 359 1376 crucifixerant.
392 1351 412 1374 «
436 1336 493 1377 Et
525 1332 628 1376 facti
657 1342 760 1376 sunt
796 1331 1009 1388 humiles,
1042 1334 1295 1392 compuncti
1323 1343 1426 1378 sunt

35 1403 165 1449 corde
182 1439 193 1459 ‚
233 1404 483 1449 conturbati
505 1414 607 1448 sunt
627 1405 884 1448 confitentes
907 1412 1135 1463 peccatum
1172 1420 1297 1448 suum
1312 1408 1359 1463 ‘23
1384 1415 1427 1450 et

37 1474 267 1519 consilium
290 1474 579 1535 quaesierunt,
605 1475 798 1519 dicentes
819 1494 827 1519 ε
859 1494 877 1516 «
895 1474 1012 1527 Quid
1031 1490 1133 1533 ergo
1150 1473 1387 1521 faciemus?
1404 1497 1422 1518 »

37 1548 133 1592 Non
157 1547 389 1606 desperant
410 1546 464 1589 de
492 1544 652 1601 salute,
681 1546 756 1589 sed
779 1555 984 1606 quaerunt
1005 1546 1279 1590 medicinam.
1305 1551 1426 1592 Tunc

38 1617 98 1661 ait
123 1616 207 1661 illis
222 1620 401 1672 Petrus,
428 1617 590 1674 «Agite
611 1616 918 1676 poenitentiam
932 1651 943 1671 ,
960 1625 1002 1659 et
1023 1616 1267 1676 baptizetur
1290 1635 1426 1662 unus-

40 1706 61 1730 »
87 1688 271 1749 quisque
284 1698 477 1732 vestrum
490 1687 536 1730 in
552 1687 729 1731 nomine
752 1687 925 1731 Domini
945 1688 1079 1731 nostri
1095 1690 1197 1731 Jesu
1214 1689 1382 1733 Christi.
1406 1710 1423 1731 »

39 1760 120 1814 Qui
151 1768 337 1818 egerunt
374 1758 705 1818 poenitentiam,
744 1758 930 1802 humiles
963 1758 1142 1803 fuerunt
1177 1779 1186 1804 :
1212 1776 1301 1804 non
1325 1777 1427 1820 ergo

37 1831 120 1876 illis
148 1830 367 1875 redditum
396 1839 475 1875 est.
512 1831 622 1884 Quia
639 1864 650 1885 ‚
676 1829 775 1874 vide
807 1829 916 1890 quid
944 1830 1058 1875 dicat
1095 1831 1287 1877 Psalmus
1317 1834 1424 1878 istc:

43 1923 64 1946 «
88 1903 306 1958 Exaltare‚
323 1904 399 1964 qui
411 1902 579 1963 judicas
590 1912 766 1958 terram,
783 1901 917 1946 redde
935 1903 1264 1948 retributionem
1279 1921 1431 1964 super-

42 1993 62 2016 »
97 1974 180 2018 bis.
209 1992 229 2015 »
260 1974 328 2018 Ab
361 1973 436 2018 illo
466 1989 650 2018 numero
683 1989 786 2032 ergo
809 1973 975 2033 excepti
1013 1983 1135 2018 erant
1156 1973 1216 2017 illi
1252 1975 1325 2018 :in
1348 1975 1429 2019 illis

38 2045 176 2090 valuit
209 2061 291 2090 vox
314 2044 388 2088 illa
417 2045 591 2089 Domini
621 2045 852 2104 pendentis
886 2044 930 2087 in
965 2060 1120 2099 cruce,
1153 2054 1196 2088 et
1223 2045 1428 2104 dicentis3

44 2135 63 2158 «
99 2119 242 2171 Pater,
262 2116 436 2174 ignosce
456 2114 540 2159 illis
554 2150 565 2170 ,
587 2115 691 2175 quia
713 2114 916 2158 nesciunt
935 2114 1041 2174 quid
1066 2114 1278 2159 faciuntss.
1300 2116 1431 2160 Exal-

45 2205 64 2228 n
92 2196 199 2242 tare,
213 2187 289 2247 qui
296 2186 465 2246 judicas
487 2195 664 2241 terram,
682 2184 815 2229 redde
836 2186 1168 2230 retributionem
1188 2188 1428 2246 superbis.»

42 2261 158 2318 Ergo
190 2257 440 2303 redditurus
464 2267 528 2303 est
554 2257 917 2302 retributionem?
937 2256 1229 2313 Redditurus,
1255 2257 1332 2302 sed
1358 2274 1433 2302 su-

42 2329 203 2389 perbis.

101 2402 179 2444 IX.
209 2398 294 2445 Sed
310 2399 523 2460 quando?
543 2398 729 2453 Quando
753 2399 936 2444 reddet?
959 2400 1138 2444 Interim
1160 2399 1264 2445 mali
1286 2401 1436 2446 trium-

42 2473 200 2532 phant,
222 2480 266 2515 et
287 2470 483 2515 exultant
504 2470 630 2526 mali,
663 2471 969 2531 blasphemant
991 2471 1094 2516 mali
1109 2507 1119 2526 ,
1156 2473 1300 2516 omnia
1322 2472 1436 2517 mala

44 2542 225 2587 faciunt.
250 2545 399 2586 Movet
420 2545 489 2587 te?
512 2544 624 2587 Cum
645 2542 805 2602 pietate
820 2557 990 2602 quaere,
1008 2557 1099 2587 non
1111 2558 1211 2587 cum
1232 2543 1435 2603 superbia

92 2636 100 2652 ¹
129 2630 203 2660 Act.
223 2638 270 2669 iv,
289 2626 321 2669 4.
349 2645 389 2650 ——-
410 2635 423 2651 ²
444 2628 488 2660 Id.
518 2638 551 2669 ιι,
576 2627 631 2670 37,
657 2632 722 2661 etc.
744 2645 785 2650 —
807 2625 820 2650 3
844 2629 923 2660 Luc.
938 2637 1031 2670 xxm,
1054 2627 1110 2670 34.
