1926 3339
386 281 625 312 ENARRATIO
658 285 700 310 m
735 281 937 310 PSALMUM
971 284 1089 308 xciii.
1353 273 1437 310 369

53 358 123 393 tur
144 349 276 393 corda
304 348 361 393 ad
386 348 600 392 sanandos
627 347 751 401 alios,
783 361 882 390 cum
906 346 1054 390 audire
1077 346 1177 389 talia
1207 348 1435 406 coeperint.

54 420 195 464 Credo
218 420 334 464 enim
356 419 459 480 quia
494 420 793 478 unusquisque
815 416 1105 471 Christianus,
1131 432 1232 460 cum
1257 417 1442 460 audierit

53 490 243 551 aliquem
261 489 361 535 talia
383 490 623 545 dicentem,
648 489 682 533 si
702 489 845 533 bonus
878 487 1017 532 fidelis
1036 496 1101 532 est
1115 522 1126 543 ,
1147 496 1191 531 01
1211 486 1323 531 bene
1345 502 1441 531 cre-

53 560 118 606 dit
136 564 226 606 Deo
237 596 248 616 ,
269 570 312 605 et
324 576 419 621 spes
432 562 522 622 ejus
539 570 604 605 est
619 561 665 605 in
681 559 832 605 futuro
849 559 1007 604 5330010
1019 595 1029 614 ,
1045 575 1133 604 non
1146 559 1191 602 in
1204 559 1285 603 hac
1298 567 1411 602 terra
1426 593 1438 614 ‚

53 632 208 676 11011111
231 632 313 676 1130
341 632 429 677 vita
451 641 541 687 est,
567 641 612 676 et
643 647 733 676 non
759 629 918 675 frustra
941 629 1063 675 audit
1089 639 1139 674 ut
1166 644 1338 674 sursum
1367 644 1442 673 cor

52 702 236 762 habeat3
259 702 410 747 irridet
430 712 474 747 et
495 702 614 747 dolet
636 702 738 747 talia
758 710 1078 747 murmurantes
1095 736 1106 756 ‚
1131 710 1176 745 et
1202 700 1308 745 dicit
1328 700 1410 744 sibi
1429 718 1439 744 2

53 776 168 818 Deus
190 774 312 818 novit
333 773 440 834 quid
464 783 584 832 agat,
611 789 689 818 nos
710 789 799 818 non
821 789 1048 833 possumus
1071 787 1193 816 nosse
1211 770 1442 816 consilium

52 846 182 904 ipsius
197 880 207 900 ‚
233 860 367 905 quare
385 846 524 905 parcit
541 845 665 889 malis
683 845 738 890 ad
764 855 934 905 tempus
950 880 960 900 ,
990 844 1062 889 vel
1084 859 1218 904 quare
1240 842 1444 887 laborant

53 916 158 961 boni
179 916 234 960 ad
257 926 429 976 tempus
458 936 466 961 :
492 917 653 961 suflicit
668 917 776 961 mihi
791 925 938 961 tamen
951 917 1035 959 hoc
1058 916 1165 959 scire·
1180 950 1191 969 ‚
1209 915 1312 974 quia
1330 923 1373 957 et
1390 912 1445 957 ad

52 997 224 1047 tempus
245 986 416 1032 laborat
428 987 569 1031 bonus
581 1023 591 1043 ‚
608 997 651 1031 et
664 986 719 1031 ad
732 996 902 1046 tempus
915 986 1043 1031 floret
1058 985 1213 1029 malus.
1235 985 1321 1038 Qui
1344 1000 1446 1042 ergo

52 1059 149 1105 talis
183 1068 274 1115 est,
314 1075 489 1104 securus
511 1069 596 1115 est,
617 1069 661 1104 et
692 1059 907 1119 patienter
946 1057 1030 1102 fert
1047 1074 1198 1103 omnes
1219 1057 1446 1101 felicitates

53 1130 268 1175 malorum
288 1165 299 1186 ‚
340 1139 383 1174 et
414 1129 585 1174 labores
619 1130 838 1174 bonorum
869 1129 1084 1189 patienter
1117 1128 1227 1184 fert,
1259 1127 1444 1184 tolerat,

55 1200 196 1246 donec
225 1201 404 1245 finiatur
439 1201 524 1245 1100
555 1200 786 1255 saeculum,
824 1200 964 1245 donec
998 1209 1189 1244 transeat
1222 1199 1443 1260 iniquitas.

53 1276 150 1318 Jam
171 1273 268 1318 talis
292 1273 446 1318 beatus
468 1283 555 1328 051,
582 1283 626 1318 01
646 1273 834 1318 erudivit
852 1288 952 1317 eum
976 1279 1085 1317 Deus
1103 1272 1156 1317 de
1176 1271 1270 1330 lege
1284 1288 1382 1327 sua,
1405 1280 1448 1315 et

52 1345 266 1404 mitigavit
287 1360 388 1389 eum
410 1361 434 1388 a
449 1345 602 1389 diebus
619 1345 821 1404 malignis
836 1380 847 1399 ,
863 1343 1003 1388 (101100
1021 1343 1215 1388 fodiatur
1232 1342 1450 1403 peccatori

53 1416 193 1461 fovea.
219 1416 305 1470 Qui
326 1431 429 1461 vero
459 1415 660 1460 nondum
693 1425 756 1460 051
782 1415 903 1471 talis,
938 1415 1086 1459 audiat
1113 1430 1190 1474 per
1215 1429 1294 1458 nos
1326 1412 1447 1474 quod

53 1490 240 1534 Domino
261 1488 420 1549 placet.
444 1487 574 1533 Plura
598 1497 744 1533 autem
765 1488 856 1548 ipse
882 1487 997 1532 (11031
1013 1487 1059 1530 111
1077 1486 1208 1531 corde
1224 1521 1235 1541 ,
1256 1486 1333 1546 qui
1354 1500 1448 1529 me-

52 1560 135 1606 lius
156 1560 276 1605 videt
298 1560 458 1605 vulnus
475 1559 596 1620 quod
613 1568 751 1604 curet.

111 1638 193 1679 ΙΙΙ.
221 1632 417 1679 Ρ531111115
438 1634 558 1678 hunc
581 1632 761 1677 titulum
782 1632 938 1686 habet,
965 1630 1010 1675 id
1031 1640 1115 1685 est,
1132 1631 1246 1674 hanc
1268 1630 1451 1688 inscrip-

53 1706 217 1751 tionem
246 1724 255 1749 :
295 1724 315 1747 «
346 1703 541 1748 Psalmus
578 1703 659 1763 ipsi
687 1702 848 1757 David,
889 1711 1044 1762 quarta
1087 1701 1381 1745 sabbatorum.
1426 1717 1445 1740 »

53 1780 270 1822 Docturus
294 1783 358 1818 est
383 1773 579 1818 Psalmus
607 1774 687 1817 iste
714 1773 968 1832 patientiam
996 1773 1042 1815 in
1068 1770 1291 1815 laboribus
1313 1772 1454 1831 justo-

54 1861 152 1891 rum
177 1866 186 1890 :
210 1855 362 1891 contra
380 1845 634 1905 iniquorum
667 1842 896 1887 felicitates
920 1842 1173 1902 patientiam
1195 1841 1345 1895 docet,
1371 1856 1450 1899 pa-

55 1917 252 1962 tientiam
266 1916 467 1960 aedificat.
488 1918 582 1960 Hoc
599 1915 732 1958 'nabet
750 1924 867 1959 totus
881 1931 903 1958 a
917 1914 1058 1974 capite
1077 1929 1216 1974 usque
1229 1913 1274 1955 in
1297 1913 1446 1955 finem.

56 1992 199 2044 Quare
224 2004 325 2047 ergo
348 1987 480 2032 talem
502 1987 638 2031 habet
654 1986 834 2030 titulum
850 2022 860 2042 ‚
891 2005 911 2028 «
937 1989 988 2030 In
1011 1994 1165 2045 quarta
1195 1984 1364 2028 sabbati
1383 1985 1400 2027 Ρ
1427 2002 1446 2023 »

57 2063 151 2106 Una
171 2060 362 2116 sabbati,
393 2059 484 2103 dies
519 2058 770 2103 Dominicus
801 2067 865 2102 est
893 2077 901 2102 ε
934 2056 1125 2101 secunda
1159 2055 1352 2110 sabbati,
1385 2069 1452 2098 50-

56 2132 200 2177 01111113
223 2130 351 2187 feria,
389 2146 522 2191 quem
544 2129 769 2174 saeculares
803 2129 919 2174 diem
943 2132 1079 2172 Lunae
1108 2135 1264 2172 vocant
1291 2146 1300 2170 :
1326 2125 1453 2169 tertia

57 2203 245 2258 sabbati,
268 2201 393 2247 tertia
406 2201 513 2245 feria
531 2236 541 2256 ‚
568 2216 699 2261 quem
718 2199 834 2243 diem
848 2199 912 2243 illi
927 2198 1077 2243 Martis
1095 2206 1267 2242 vocant.
1287 2199 1451 2249 Quarta

57 2290 160 2334 ergo
190 2272 493 2326 sabbatorum,
520 2280 675 2331 quarta
696 2269 825 2325 feria,
849 2270 926 2330 qui
948 2269 1152 2315 Mercurii
1181 2267 1272 2311 dies
1293 2266 1452 2310 dicitur

58 2362 80 2390 a
104 2345 286 2404 Paganis
306 2379 317 2401 ‚
343 2353 386 2388 et
408 2359 432 2387 a
454 2341 602 2387 multis
629 2341 883 2387 Christianis
918 2360 927 2385 :
957 2339 1033 2385 sed
1055 2339 1293 2396 nollemus3
1320 2347 1452 2398 atque

58 2417 229 2461 utinam
261 2415 509 2474 corrigant,
545 2423 588 2458 et
610 2429 701 2458 non
722 2412 870 2457 dicant
904 2413 978 2457 sic.
1015 2412 1191 2456 Habent
1218 2411 1333 2454 enim
1363 2409 1452 2453 lin-

60 2503 189 2547 guam
213 2502 364 2541 suam,
387 2501 474 2546 qua
506 2493 703 2528 utantur.
731 2486 829 2529 Non
851 2483 967 2527 enim
990 2491 1032 2527 et
1053 2482 1098 2526 in
1123 2481 1326 2526 omnibus
1344 2494 1453 2538 gen-

60 2559 176 2603 tibus
208 2559 289 2603 ista
324 2558 546 2603 dicuntur.
572 2555 725 2600 Multae
747 2563 894 2613 gentes
927 2553 1020 2598 aliae
1051 2562 1182 2613 atque
1212 2552 1307 2596 aliae
1329 2550 1454 2595 aliter

62 2636 193 2687 atque
222 2629 345 2670 aliter
378 2636 552 2673 vocant.
581 2625 738 2671 Melius
767 2639 868 2684 ergo
890 2623 946 2669 de
975 2613 1049 2669 010
1076 2623 1308 2668 christiano
1343 2621 1479 2665 ritus-

225 2709 364 2739 cxvn.
1214 2695 1265 2733 21.
