1926 3339
496 270 578 309 412
927 281 960 309 S.
998 283 1224 310 AUGUSTINI
1260 285 1440 311 EPISCOPI

494 363 593 393 cum
617 348 794 392 omnino
825 363 954 392 nemo
976 348 1108 408 possit
1138 348 1286 407 fugere
1308 348 1363 393 ab
1395 347 1469 392 illo
1491 347 1566 408 qui
1594 347 1758 408 ubique
1777 357 1840 392 est
1856 384 1868 404 ,

494 419 573 463 nisi
591 418 767 479 quidam
789 418 918 477 longe
939 427 1079 462 essent
1101 434 1124 462 a
1147 422 1236 463 Deo
1252 454 1262 474 ,
1298 435 1387 464 non
1409 418 1626 463 diceretur
1651 438 1660 463 :
1682 437 1702 460 «
1729 421 1873 478 Popu-

497 508 518 532 »
552 490 619 533 lus
637 489 713 533 iste
734 488 857 532 labiis
879 504 948 532 me
968 490 1154 533 honorat
1170 524 1180 544 ,
1206 506 1280 533 cor
1312 499 1457 534 autem
1490 505 1640 534 eorum
1661 489 1789 547 longe
1810 498 1873 533 est

497 578 518 601 »
554 576 576 603 a
603 561 714 603 me1.
739 577 758 599 »
785 561 884 603 Non
906 575 1008 617 ergo
1036 558 1134 603 loco
1156 560 1341 619 quisque
1362 559 1493 618 longe
1515 569 1578 603 est
1600 576 1623 603 a
1648 562 1738 603 Deo
1754 594 1764 614 ,
1799 557 1874 603 sed

495 627 857 673 dissimilitudine.
880 627 996 681 Quid
1014 638 1096 683 est,
1115 628 1496 673 dissimilitudine?
1513 628 1625 673 Mala
1645 629 1755 683 vita,
1781 644 1873 672 ma-

493 698 545 743 lis
577 698 785 742 moribus.
825 698 866 742 Si
888 699 1003 741 enim
1042 699 1166 742 bonis
1188 699 1382 743 moribus
1398 699 1734 758 'propinquatur
1756 701 1872 756 Deo,

493 767 616 812 malis
638 767 829 812 moribus
850 768 1065 812 receditur
1087 784 1109 812 3
1132 772 1235 813 Deo.
1249 771 1370 814 Unus
1394 785 1496 828 crgo
1524 769 1727 828 idemque
1743 769 1874 812 homo
1921 788 1923 814 1

494 855 674 899 corpore
706 848 821 883 stans
858 855 948 883 uno
986 838 1106 894 loco,
1143 849 1187 884 et
1223 840 1409 885 amando
1446 844 1583 884 Deum
1619 839 1783 884 accedit
1821 839 1875 883 ad
1921 851 1924 887 ζ

494 913 633 954 Deum
649 945 660 964 ,
683 919 726 953 et
748 909 934 954 amando
962 911 1235 970 iniquitatem
1266 911 1430 955 recedit
1460 926 1483 954 3
1511 914 1600 955 Deo
1626 930 1635 955 ;
1659 925 1875 970 nusquam
1921 899 1926 920 ²

493 982 624 1040 pedes
646 990 806 1034 movet,
823 989 865 1023 et
880 988 1024 1024 tamen
1047 989 1188 1040 potest
1211 989 1253 1024 et
1276 980 1479 1025 accedere
1501 989 1544 1024 et
1566 979 1778 1024 recedere.
1792 983 1876 1023 Pe—
1921 987 1925 1011 ἐ

494 1049 568 1094 des
590 1050 706 1093 enim
729 1050 863 1093 nostri
884 1051 930 1093 in
952 1051 1034 1094 hoc
1051 1051 1220 1105 itinere,
1246 1051 1427 1095 affectus
1449 1051 1583 1096 nostri
1607 1059 1721 1094 sunt.
1742 1053 1877 1094 Prout
1922 1052 1924 1080 ἰ

494 1121 679 1180 quisque
709 1120 916 1164 affectum
950 1121 1174 1175 habuerit,
1210 1131 1340 1180 prout
1375 1121 1560 1181 quisque
1583 1134 1771 1164 amorem
1796 1120 1875 1162 ha·
1922 1113 1926 1147 ?

495 1190 661 1244 buerit,
691 1190 749 1234 ita
781 1189 948 1234 accedit
978 1189 1048 1235 vel
1071 1190 1235 1236 recedit
1255 1207 1279 1235 a
1302 1194 1406 1235 Deo.
1438 1193 1592 1236 Nonne
1619 1189 1876 1249 plerumque
1922 1207 1923 1252 }

494 1259 677 1304 dicimus
694 1295 704 1315 ,
730 1260 906 1320 quando
927 1261 1171 1305 invenimus
1194 1260 1337 1321 aliqua
1359 1260 1578 1305 dissimilia
1608 1279 1615 1305 :
1640 1263 1733 1304 Hoc
1749 1259 1876 1317 longe
1921 1258 1925 1309 ᾖ

493 1339 555 1374 est
578 1329 632 1373 ab
654 1329 760 1373 illo?
783 1330 970 1383 Quando
992 1330 1159 1391 aliquos
1181 1330 1290 1375 duos
1311 1329 1422 1375 forte
1443 1332 1637 1375 homines
1660 1345 1877 1389 compara-

492 1415 612 1455 mus,
645 1400 754 1444 duos
785 1416 940 1460 equos,
962 1401 1067 1444 duas
1086 1411 1224 1445 vestes
1245 1437 1255 1455 ,
1282 1411 1325 1446 et
1344 1401 1496 1446 dixerit
1514 1401 1665 1462 aliquis
1687 1420 1696 1446 ε
1722 1398 1876 1445 Similis

494 1481 557 1515 est
573 1472 667 1515 baec
691 1473 834 1526 vestis,
852 1471 947 1515 talis
966 1481 1029 1515 est
1051 1471 1189 1532 qualis
1207 1471 1305 1529 illa,
1332 1481 1422 1526 aut,
1444 1475 1528 1516 Iste
1549 1473 1682 1516 homo
1703 1470 1798 1514 talis
1817 1479 1879 1514 est

493 1541 631 1601 qualis
648 1541 720 1585 ille
740 1561 749 1586 ε
766 1542 872 1602 quid
897 1541 1004 1586 alius
1021 1541 1148 1599 dicit,
1167 1543 1243 1601 qui
1266 1542 1522 1587 contradicit
1539 1545 1556 1586 P
1577 1541 1700 1586 Absit
1720 1560 1727 1585 ε
1748 1539 1878 1599 longe

494 1622 557 1656 est
581 1613 635 1655 ab
656 1612 746 1656 illo.
774 1612 887 1666 Quid
909 1623 996 1667 est,
1030 1613 1158 1671 longe
1181 1623 1244 1657 est
1268 1615 1322 1658 ab
1344 1613 1452 1657 illo?
1470 1613 1687 1657 Dissimilis
1710 1621 1774 1656 est
1795 1611 1874 1655 illi.

494 1686 550 1726 Εῖ
571 1684 692 1741 juxta
722 1692 863 1737 stant,
899 1693 940 1726 et
968 1692 1112 1726 tamen
1134 1684 1212 1727 iste
1229 1683 1360 1741 longe
1382 1693 1446 1726 est
1469 1683 1522 1727 ab
1545 1682 1635 1727 1110.
1663 1686 1758 1727 Duo
1775 1697 1878 1726 vero

494 1754 631 1812 iniqui
655 1769 776 1812 pares
798 1754 885 1797 vita
904 1763 947 1797 et
968 1754 1162 1797 moribus
1181 1788 1191 1805 ,
1217 1755 1250 1798 si
1273 1770 1385 1798 unus
1408 1755 1461 1797 sit
1480 1755 1522 1797 in
1541 1754 1718 1797 Oriente
1734 1788 1745 1808 ,
1771 1754 1879 1797 alter

492 1825 537 1867 in
559 1824 795 1868 Occidente
814 1859 823 1878 ,
846 1825 968 1883 juxta
1000 1824 1183 1868 invicem
1204 1834 1320 1868 sunt.
1348 1828 1403 1868 Et
1426 1823 1514 1868 duo
1533 1825 1638 1884 justi
1659 1823 1873 1877 similiter,

494 1893 601 1937 alter
623 1894 676 1937 sit
698 1894 742 1937 in
759 1894 956 1948 Oriente,
983 1894 1090 1938 alter
1111 1894 1155 1937 in
1177 1894 1414 1938 Occidente
1429 1929 1439 1948 ,
1465 1909 1610 1938 secum
1633 1902 1754 1947 sunt,
1775 1893 1876 1952 quia

493 1964 538 2007 in
560 1969 644 2008 Deo
667 1974 782 2007 sunt.
799 1966 983 2019 Contra,
1011 1980 1123 2008 unus
1141 1966 1284 2024 justus
1303 2000 1313 2019 ,
1340 1964 1447 2008 alter
1471 1964 1647 2024 iniquus
1667 1998 1677 2017 ,
1711 1963 1877 2006 etiamsi

493 2051 579 2079 una
603 2045 753 2079 catena
780 2035 970 2093 ligentur
987 2071 997 2089 ,
1023 2035 1211 2079 multum
1236 2052 1259 2079 a
1282 2052 1325 2079 se
1346 2035 1529 2095 separati
1553 2044 1669 2078 sunt.
1695 2037 1812 2092 Ergo
1844 2034 1878 2077 si

493 2105 843 2149 dissimilitudine
874 2105 1114 2149 recedimus
1142 2121 1164 2148 3
1192 2112 1276 2149 Deo
1296 2141 1307 2160 ,
1333 2104 1614 2149 similitudine
1632 2103 1877 2148 accedimus

494 2175 549 2219 ad
572 2179 723 2219 Deum.
750 2177 844 2228 Qua
867 2175 1180 2219 similitudine?
1207 2175 1272 2219 Ad
1294 2190 1425 2235 quam
1446 2173 1545 2218 facti
1562 2189 1727 2228 sumus,
1745 2189 1876 2233 quam

492 2248 538 2290 in
570 2246 694 2290 nobis
723 2244 944 2305 peccando
974 2261 1325 2304 corruperamus,
1361 2260 1492 2305 quam
1515 2253 1792 2303 peccatorum
1816 2259 1876 2286 re-

493 2317 694 2361 missione
727 2317 966 2375 recepimus
989 2352 999 2371 ,
1039 2332 1138 2376 quae
1172 2316 1216 2359 in
1251 2316 1376 2360 nobis
1408 2324 1641 2359 renovatur
1672 2315 1789 2358 intus
1830 2315 1877 2358 in

494 2397 663 2443 mente,
699 2397 749 2431 11ῖ
776 2397 984 2448 tanquam
1018 2386 1288 2446 resculpatur
1317 2388 1361 2430 in
1394 2402 1601 2440 nummo,
1642 2386 1686 2428 id
1720 2395 1804 2440 est,
1830 2385 1876 2428 in

495 2459 636 2502 anima
662 2467 806 2501 nostra
829 2458 972 2515 imago
992 2458 1067 2500 Dei
1090 2458 1246 2512 nostri,
1272 2467 1315 2501 et
1336 2458 1561 2501 redeamus
1581 2456 1637 2499 ad
1655 2457 1898 2500 thesauros'

494 2530 599 2588 ejus.
627 2531 736 2573 Nam
759 2527 891 2582 unde,
918 2527 1085 2582 fratres,
1104 2528 1158 2571 de
1180 2543 1362 2572 nummo
1383 2527 1522 2571 voluit
1543 2526 1753 2570 Dominus
1772 2542 1874 2569 nos-
1921 2543 1923 2549 ’

545 2621 550 2635 ¹
574 2615 643 2645 lsai.
667 2625 753 2650 «nx,
778 2613 830 2653 13,
856 2617 886 2643 et
903 2612 1014 2644 Matth.
1040 2624 1093 2653 xv,
1115 2618 1144 2643 8.
