1926 3339
488 323 573 364 204
926 332 959 362 s.
995 332 1225 362 Aucus‘nm
1258 333 1440 360 Emscon

492 420 511 442 »
545 399 716 460 linques
745 400 932 443 animam
954 413 1094 442 meam
1126 398 1172 441 in
1197 397 1414 441 infern01.
1442 413 1464 436 1)
1488 396 1603 451 Ergo
1633 401 1710 437 aut
1737 393 1870 452 ipsius

485 487 570 516 vox
597 481 662 517 est
687 479 729 515 et
749 471 840 524 hic,
871 489 891 511 «
916 470 1075 513 Eruisti
1098 469 1286 512 animam
1308 482 1450 511 meam
1483 482 1534 509 ex
1553 462 1725 508 inferno
1756 462 1871 508 infe-

490 561 511 584 »
547 543 658 587 riore
684 561 693 586 ;
721 560 740 583 »
767 550 842 585 aut
864 549 1006 584 nostra
1030 555 1112 583 vox
1129 554 1205 597 per
1230 539 1373 597 ipsum
1394 536 1616 582 Christum
1638 535 1872 580 Dominum

487 622 682 658 nostrum
702 629 712 663 ;
734 612 835 670 quia
862 611 961 654 ideo
982 610 1054 653 ille
1087 609 1284 668 pervenit
1307 622 1446 667 usque
1468 607 1525 650 ad
1544 605 1766 650 infernum
1783 640 1794 661 ,
1819 619 1874 649 ne
1899 638 1904 653 ,

491 698 571 727 1103
593 695 912 726 remaneremus
928 681 973 723 in
990 679 1178 723 inferno.

546 755 713 797 XVIII.
745 751 886 795 Aliam
916 751 1046 794 etiam
1068 750 1317 809 opinionem
1344 747 1501 792 dicam.
1528 747 1737 791 Fortassis
1759 745 1876 790 enim
1900 738 1904 770 ²

489 823 606 883 apud
627 822 741 882 ipsos
758 822 919 866 inferos
941 830 1004 865 est
1024 820 1168 880 aliqua
1190 835 1286 880 pars
1306 817 1486 863 inferior
1499 853 1511 873 ,
1530 833 1619 878 quo
1637 817 1877 861 truduntur
1901 856 1906 888 1

488 893 634 953 impii,
666 894 741 953 qui
764 893 1002 952 plurimum
1024 898 1326 951 peccaverunt.
1364 889 1537 933 Etenim
1564 886 1683 948 apud
1716 885 1877 932 inferos
1901 897 1905 925 ἓ

488 973 637 1009 utrum
656 963 702 1007 in
718 962 823 1007 locis
838 962 1101 1022 quibusdam
1121 977 1210 1005 non
1232 959 1382 1004 fuisset
1402 959 1646 1014 Abraham,
1667 973 1756 1002 non
1778 958 1878 1002 satis

487 1049 717 1093 possumus
752 1033 947 1078 definire.
980 1032 1185 1078 Nondum
1215 1031 1330 1074 enim
1369 1030 1577 1075 Dominus
1611 1037 1792 1072 venerat
1824 1027 1906 1072 ad

489 1103 739 1158 infernum,
764 1116 815 1148 ut
835 1118 963 1147 eruer
965 1111 1009 1146 et
1029 1102 1132 1146 inde
1149 1101 1345 1146 omnium
1363 1109 1610 1144 sanctorum
1628 1092 1907 1177 praeceden-Ef

489 1175 600 1219 tium
622 1175 785 1218 animas
805 1208 816 1228 ,
853 1182 1063 1217 ettamen
1094 1172 1313 1216 Abiaham
1346 1172 1389 1214 in
1424 1171 1575 1230 requie
1599 1170 1660 1214 ibi
1689 1177 1795 1213 erat.
1820 1161 1907 1214 Et?

488 1244 669 1304 quidam
690 1243 808 1287 dives
830 1258 931 1287 cum
953 1251 1131 1301 toiquei
1134 1251 1231 1285 etur
1244 1241 1361 1301 apud
1378 1239 1565 1294 inferos,
1590 1254 1689 1283 cum
1710 1237 1906 1286 videret

489 1314 736 1367 Abraham,
772 1312 933 1356 levavit
955 1311 1118 1357 oculos.
1151 1314 1248 1356 Non
1269 1327 1370 1354 eum
1395 1319 1538 1370 posset
1563 1309 1714 1354 levatis
1740 1307 1878 1354 0011113
1903 1323 1907 1376 ξ

488 1383 659 1438 videre,
693 1383 774 1426 nisi
801 1381 875 1426 1110
903 1390 1012 1426 03301
1034 1381 1255 1441 superius,
1284 1379 1358 1424 ille
1387 1380 1583 1424 inferius.
1620 1382 1677 1424 Et
1704 1379 1813 1439 quid
1839 1378 1908 1423 ei
1903 1429 1914 1440 ⁴

489 1452 712 1513 respondit
725 1451 965 1507 Abraham,
987 1467 1087 1496 cum
1102 1451 1265 1496 diceret
1286 1469 1295 1495 ;
1320 1454 1484 1494 «Pater
1501 1450 1738 1505 Abraham,
1755 1450 1879 1493 mitte
1892 1443 1908 1491 i

492 1541 514 1565 »
539 1527 765 1577 Lazarum,
781 1531 831 1566 ut
849 1523 1036 1581 intingat
1049 1521 1236 1581 digitum
1247 1537 1375 1566 suum
1390 1557 1400 1576 ,
1421 1531 1464 1565 et
1476 1520 1609 1565 stillet
1621 1520 1666 1564 in
1683 1519 1879 1577 linguam

491 1612 512 1636 »
546 1609 690 1638 meam
716 1629 728 1649 ,
765 1594 974 1653 quoniam
1008 1593 1178 1638 crucior
1209 1593 1256 1636 in
1292 1593 1374 1637 hac
1412 1593 1611 1636 flamma?
1648 1590 1757 1646 Fili,
1790 1590 1875 1646 ait,

491 1683 512 1707 »
547 1673 768 1709 memento
793 1664 895 1725 quia
918 1664 1116 1723 recepisti
1138 1663 1254 1707 bona
1275 1662 1319 1706 in
1342 1663 1429 1707 vita
1451 1671 1526 1706 tua
1543 1697 1554 1717 ,
1590 1664 1776 1705 Lazarus
1798 1675 1879 1704 au-

491 1754 512 1777 »
548 1745 636 1780 tem
654 1734 766 1780 mala
794 1754 802 1779 :
825 1750 944 1779 nunc
968 1743 1112 1778 autem
1135 1734 1207 1778 hic
1228 1733 1478 1794 requiescit,
1503 1742 1553 1776 tu
1573 1747 1676 1776 vcro
1699 1741 1879 1792 torque·
1904 1721 1909 1812 ἱ

491 1823 512 1847 »
547 1806 618 1850 ris.
638 1808 695 1850 Et
713 1821 842 1865 super
863 1806 958 1849 haec
973 1840 984 1860 ,
1010 1805 1092 1860 ait,
1118 1805 1232 1848 inter
1253 1819 1331 1848 nos
1360 1813 1403 1847 et
1425 1819 1500 1847 vos
1521 1817 1730 1862 magnum
1750 1802 1880 1846 chaos
1904 1815 1909 1863 Ι

491 1893 512 1917 1)
546 1877 768 1920 firmatum
792 1884 855 1919 est
871 1909 883 1929 ,
914 1884 965 1919 ut
986 1890 1067 1919 nec
1087 1890 1166 1918 nos
1187 1875 1398 1934 possimus
1426 1874 1575 1918 venire
1595 1872 1651 1918 ad
1671 1888 1748 1918 vos
1765 1908 1777 1928 ,
1798 1887 1879 1917 nec
1905 1866 1910 1936 ᾖ

489 1964 509 1987 »
549 1945 651 1990 inde
679 1946 834 2006 aliquis
856 1945 1003 1988 venire
1025 1944 1082 1989 ad
1101 1960 1180 1989 nos
1194 1948 1227 1988 ².
1252 1963 1271 1986 »
1295 1947 1411 2003 Ergo
1432 1944 1545 1988 inter
1575 1943 1656 1988 ista
1677 1941 1767 1988 duo
1785 1941 1879 1987 for-

486 2025 597 2061 tasse
628 2016 821 2071 inferna,
848 2030 1038 2075 quorum
1070 2015 1116 2059 in
1151 2030 1242 2059 uno
1264 2015 1525 2075 quieverunt
1563 2013 1719 2057 animae
1736 2013 1910 2083 justo-

485 2102 611 2141 rum,
644 2087 690 2131 in
717 2086 854 2131 altero
883 2094 1146 2164 torquentur
1179 2086 1334 2129 animae
1361 2084 1620 2144 impiorum,
1650 2082 1910 2129 attendens
1905 2092 1910 2115 ¹

484 2156 665 2234 quidam
693 2172 820 2201 orans
842 2156 938 2210 hic,
957 2157 1049 2216 jam
1069 2155 1172 2199 1110
1161 2172 1208 2199 111
1229 2169 1410 2214 corpore
1434 2154 1594 2199 Christi
1622 2155 1811 2214 positus,
1836 2162 1882 2198 et
1905 2132 1910 2211 ξ

485 2243 612 2272 orans
634 2227 679 2271 in
707 2242 813 2271 voce
848 2226 1040 2280 Christi,
1064 2226 1224 2270 eruisse
1256 2228 1397 2270 Deum
1437 2225 1627 2268 animam
1663 2239 1788 2269 suam
1823 2214 1910 2269 ab¹

483 2298 657 2343 inferno
680 2295 850 2342 inferim
855 2313 885 2342 0
904 2296 1035 2352 dixit,
1060 2297 1163 2357 quia
1177 2296 1373 2340 liberavit
1391 2311 1434 2339 30
1450 2312 1470 2339 3
1487 2295 1649 2339 talibus
1663 2295 1850 2355 peccatis
1863 2329 1876 2350 ‚
1906 2275 1911 2358 i

484 2384 562 2428 per
573 2384 673 2429 quoe
689 2377 830 2427 posset
845 2368 1005 2412 deduci
1018 2366 1072 2411 ad
1084 2375 1299 2411 tormenta
1314 2364 1474 2410 inferni
1487 2365 1716 2410 inferioris
1723 2367 1880 2418 Quem·
1907 2362 1910 2401 3

484 2438 721 2483 admodum
759 2439 793 2483 si
811 2438 1005 2482 medicus
1036 2436 1183 2481 videat
1214 2436 1293 2480 tibi
1325 2437 1627 2480 imminentem
1656 2435 1911 2494 aegritudi-{

483 2525 586 2554 nem
608 2509 720 2554 sorte
751 2524 803 2553 ex
831 2508 976 2568 aliquo
1002 2507 1182 2562 labore,
1215 2516 1258 2551 et
1279 2506 1439 2551 dicat:
1470 2510 1603 2551 Parce
1629 2506 1734 2563 tibi,
1759 2507 1819 2551 sic
1837 2515 1880 2550 te
1906 2513 1911 2537 ¹

481 2589 635 2636 tracta,
658 2580 896 2640 requiesce,
917 2580 983 2623 his
1001 2579 1109 2624 cibis
1130 2588 1279 2623 utere:
1296 2593 1396 2622 nam
1410 2578 1444 2621 si
1461 2594 1550 2622 non
1566 2576 1730 2632 feceris,
1746 2591 1880 2635 aegro-

1903 1201 1907 1242 i

529 2672 540 2689 ¹
561 2665 641 2698 Psal.
660 2676 716 2705 xv,
742 2677 794 2705 10,
811 2669 844 2697 et
861 2668 933 2697 Aet.
955 2676 993 2703 11,
1019 2673 1072 2705 27.
1096 2680 1136 2687 —
1163 2671 1176 2686 ²
1196 2665 1272 2695 Luc.
1295 2674 1359 2701 xvr,
1381 2663 1499 2695 22-26.
