1926 3339
459 333 538 370 172
821 332 823 335 ’
895 346 926 370 s.
965 344 1192 371 AUGUSTIM
1229 343 1408 369 EPtscovl

457 429 477 449 η
513 418 556 453 ct
578 408 804 452 ostendam
820 420 895 451 ‘mc
917 408 1058 468 ipsum
1080 407 1183 451 illi'.
1212 426 1231 448 »
1261 406 1542 466 Loqucbatur
1570 403 1652 448 illis
1668 439 1679 459 ,
1704 414 1747 448 et
1767 403 1836 448 di-
1898 421 1903 477 :³

454 479 581 524 cebat
603 499 611 523 :
643 499 662 520 «
680 478 917 522 Ostendam
940 494 1008 522 me
1030 480 1172 538 ipsum
1188 477 1264 521 illi.
1284 496 1303 518 »
1331 478 1498 529 Quare?
1519 478 1616 520 Non
1638 484 1730 518 erat
1748 475 1838 534 ipse
1899 503 1904 533 ;

453 550 529 610 qui
558 549 851 609 loquebatur?
883 550 966 593 Sed
997 564 1171 593 carnem
1199 564 1298 592 caro
1327 547 1502 592 videbat
1522 582 1532 601 ,
1568 545 1839 590 divinitatem

453 636 527 664 cor
550 635 639 663 non
659 618 856 662 videbat.
883 618 951 662 Ad
970 619 1053 662 hoc
1071 627 1215 662 autem
1234 633 1332 662 caro
1355 632 1527 661 carnem
1544 616 1668 666 vidit,
1695 625 1744 660 ut
1761 631 1838 675 per

453 691 586 734 fidem
608 705 682 734 cor
704 689 990 733 mundaretur
1005 724 1015 743 ,
1041 688 1159 732 unde
1181 691 1296 732 Deus
1317 688 1552 733 videretur.
1578 687 1753 731 Dictum
1775 695 1839 731 est
1902 722 1903 725 η

453 762 568 805 enim
589 760 642 805 de
666 761 850 804 Domino
875 779 883 805 :
919 760 1072 817 «Fide
1096 759 1312 803 mundans
1339 758 1471 803 corda
1503 773 1651 803 eorum
1675 760 1705 801 2.
1737 776 1756 798 n
1780 761 1838 803 'Et
1902 767 1903 809 j

453 830 560 875 dixit
593 831 802 875 Dominus
830 850 837 875 :
869 850 888 872 «
918 830 1034 874 Beati
1067 829 1235 874 mundo
1273 829 1428 883 corde,
1463 829 1565 889 quia
1586 829 1666 889 ipsi
1699 831 1836 872 Deum

454 920 474 942 n
509 901 766 946 videbunt&
798 920 817 942 n
844 904 959 960 Ergo
982 900 1107 944 nobis
1132 900 1330 960 promisit
1357 899 1584 944 ostendere
1618 915 1661 943 se
1692 898 1833 943 nobis.
1898 942 1904 954 ,

451 971 599 1026 Qualis
622 981 684 1016 est
705 972 990 1031 pulchritudo
1013 974 1102 1033 ejus
1119 1008 1129 1027 ‚
1159 972 1326 1027 fratres,
1352 971 1554 1030 cogitate.
1582 971 1737 1015 Omnia
1759 971 1839 1014 ista
1902 966 1907 1017 ἷῖ

449 1042 632 1103 pulchra
655 1059 754 1103 quae
771 1043 924 1087 videtis
943 1079 954 1097 ‚
980 1059 1080 1104 quse
1103 1044 1252 1087 amatis
1271 1079 1281 1098 ,
1307 1044 1397 1103 ipse
1421 1041 1535 1087 fecit.
1566 1042 1607 1087 Si
1630 1042 1723 1085 haec
1746 1041 1839 1101 pul·

450 1115 553 1158 chra
575 1123 676 1157 sunt
694 1150 704 1168 ,
728 1114 836 1174 quid
859 1123 921 1157 est
938 1116 1055 1173 ipse?
1077 1114 1110 1158 si
1128 1115 1222 1158 haec
1241 1129 1396 1173 magna
1420 1123 1542 1167 sunt,
1564 1122 1753 1173 quantus
1775 1121 1839 1156 est

450 1185 566 1245 ipse?
585 1188 700 1244 Ergo
723 1201 774 1229 ex
801 1185 890 1229 istis
913 1201 1012 1245 quae
1033 1185 1106 1229 hic
1126 1201 1319 1230 amamus
1335 1221 1346 1241 ‚
1369 1185 1491 1229 illum
1517 1185 1649 1242 magis
1670 1183 1839 1228 deside-
1900 1187 1906 1215 ἱ

450 1271 620 1314 remus3
647 1265 690 1300 et
712 1265 1039 1300 contemnentes
1072 1256 1176 1311 ista,
1208 1255 1334 1300 illum
1369 1256 1599 1315 diligamus
1626 1275 1633 1300 :
1666 1264 1716 1299 ut
1747 1255 1837 1314 ipsa

448 1324 682 1370 dilectione
695 1341 773 1385 per
789 1325 921 1369 fidem
935 1341 1009 1370 cor
1026 1327 1303 1381 mundemus,
1317 1336 1360 1370 et
1374 1325 1637 1370 mundatum
1651 1341 1725 1370 cor
1736 1341 1837 1384 nos-

448 1406 564 1440 trum
582 1397 774 1441 inveniat
801 1406 998 1456 aspectus
1020 1396 1149 1441 illius.
1171 1400 1265 1441 Lux
1287 1413 1386 1458 quae
1408 1397 1534 1441 nohis
1557 1395 1833 1452 ostendetur,

447 1483 570 1512 sanos
598 1484 676 1512 nos
696 1467 827 1512 debet
847 1468 1054 1512 invenire.
1083 1471 1175 1512 Hoc
1197 1469 1284 1526 agit
1310 1468 1442 1513 modo
1463 1467 1584 1512 fides.
1621 1469 1715 1511 Hoc
1735 1483 1838 1526 ergo

446 1539 517 1583 hic
536 1539 737 1583 diximus.
763 1542 851 1583 «Et
868 1540 1054 1584 salutare
1066 1548 1192 1584 tuum
1211 1539 1265 1584 da
1279 1540 1424 1584 nobis:
1447 1558 1466 1581 »
1483 1543 1544 1583 Da
1558 1539 1682 1583 nobis
1697 1539 1838 1583 Chtss·

447 1618 542 1653 tum
560 1619 701 1665 tuum,
721 1611 968 1655 noverimus
985 1611 1205 1656 Christum
1221 1620 1363 1665 tuum,
1378 1610 1602 1654 videamus
1615 1609 1836 1654 Christum
1904 1665 1908 1669 q

446 1690 573 1725 tuum
599 1702 607 1727 ι
637 1698 726 1726 non
745 1682 965 1743 quomodo
987 1681 1111 1726 illum
1129 1682 1334 1727 viderunt
1356 1682 1521 1736 Judaei,
1547 1691 1590 1725 et
1611 1681 1839 1725 crucifixe·

445 1762 582 1810 runt3
629 1752 704 1797 sed
733 1752 954 1813 quomodo
992 1752 1117 1797 illum
1155 1753 1307 1797 vident
1339 1752 1520 1811 Angeli,
1546 1762 1589 1796 ct
1625 1750 1834 1809 gaudent.

501 1825 558 1867 X.
595 1843 615 1865 «
638 1822 824 1867 Audiam
846 1822 953 1883 quid
976 1823 1181 1883 loquetur
1203 1823 1250 1866 in
1278 1838 1348 1866 me
1377 1823 1586 1867 Dominus
1613 1825 1728 1867 Deus
1750 1824 1781 1864 4.
1813 1839 1833 1862 »

446 1895 661 1954 Propheta
684 1895 805 1938 dixit.
821 1894 1107 1955 Loquebatur
1128 1896 1173 1938 in
1194 1894 1271 1939 illo
1289 1897 1402 1939 Deus
1421 1895 1555 1949 intus,
1582 1903 1625 1938 et
1645 1892 1836 1937 mundus

444 1964 628 2010 faciebat
645 1964 708 2008 illi
730 1966 958 2025 strepitum
982 1964 1100 2009 foris.
1123 1964 1342 2010 Cohibens
1361 1980 1464 2024 ergo
1487 1963 1763 2025 aliquantum
1780 1963 1836 2007 ab

442 2036 625 2094 strepitu
654 2035 806 2079 mundi
821 2072 831 2090 ,
859 2045 902 2079 et
919 2044 1115 2080 avertens
1134 2051 1178 2079 se
1198 2037 1251 2078 ad
1275 2050 1319 2078 se
1335 2071 1345 2089 ‚
1371 2044 1414 2078 et
1436 2052 1458 2079 a
1482 2050 1526 2079 se
1546 2035 1591 2077 in
1615 2033 1741 2077 illum
1764 2049 1835 2078 cu-

437 2107 508 2166 jus
530 2122 683 2150 vocem
707 2106 914 2149 audiebat
941 2105 1123 2149 interius
1138 2141 1148 2160 ‚
1175 2105 1296 2166 quasi
1318 2105 1528 2149 obturans
1556 2119 1706 2149 aurem
1729 2120 1836 2148 con-

442 2185 508 2220 tra
537 2176 882 2220 tumultuantem
916 2176 1016 2219 vitae
1037 2176 1168 2235 hujus
1203 2174 1580 2236 inquietudinem,
1613 2184 1657 2218 et
1683 2183 1835 2219 contra

442 2248 631 2291 animam
663 2263 844 2307 corpore
865 2247 986 2307 quod
1008 2247 1304 2306 corrumpitur
1333 2255 1632 2305 aggravatam,
1671 2255 1714 2289 et
1734 2261 1833 2289 sen-

439 2333 534 2360 sum
568 2327 737 2362 terrena
767 2318 1084 2362 inhabitatione
1111 2316 1428 2376 deprimentem
1469 2316 1609 2360 multa
1639 2315 1833 2375 cogitan-

439 2397 527 2431 tem
543 2390 574 2448 5,
590 2389 666 2432 ait:
691 2388 911 2432 «Audiam
933 2387 1040 2448 quid
1057 2386 1263 2447 loquetur
1285 2388 1330 2430 in
1350 2403 1418 2430 mc
1435 2387 1645 2431 Dominus
1668 2389 1827 2430 Deus.»

439 2461 496 2502 Et
517 2459 682 2503 audivit
703 2496 712 2514 ‚
739 2459 876 2519 quid?
903 2480 921 2500 «
943 2459 1126 2512 Qoniam
1159 2458 1367 2518 loquetur
1399 2474 1552 2517 pacem
1589 2458 1634 2500 in
1656 2456 1828 2516 plebem

441 2547 461 2569 υ
498 2544 635 2573 suam.
666 2548 685 2569 »
712 2532 805 2574 Vox
827 2544 929 2587 ergo
953 2529 1139 2582 Christi,
1167 2544 1249 2572 vox
1273 2529 1349 2571 Dei
1367 2544 1449 2587 pax
1474 2538 1537 2571 est
1557 2563 1567 2581 ‚
1593 2525 1648 2571 ad
1679 2541 1830 2586 pacem

485 2631 492 2646 ¹
514 2626 699 2665 Joan,x1v‚
725 2634 778 2657 ¹21.
807 2643 841 2647 -
863 2632 874 2647 2
891 2627 961 2656 Act.
985 2636 1044 2661 xv,
1060 2635 1092 2665 ς).
1115 2641 1155 2646 —
1175 2623 1185 2645 3
1203 2624 1316 2655 Mauh.
1339 2635 1376 2657 v,
1397 2626 1416 2653 ‹⁰›
1447 2640 1485 2644 --
1506 2622 1519 2651 4
1541 2623 1620 2654 Psal.
1643 2632 1768 2661 mxxiv,
1792 2632 1824 2662 ς).

440 2696 480 2700 -
499 2678 512 2701 5
528 2681 601 2721 Sap.
623 2691 668 2719 ιι,
696 2679 747 2710 ¹5.
