1926 3339
477 309 530 346 90
910 314 942 342 S.
982 313 1206 340 AUGUSTINI
1240 309 1417 336 EPISCOPI

478 402 497 424 »
533 382 652 426 sedes
686 396 814 440 super
840 378 1092 425 Cherubim.
1130 397 1146 416 »
1182 372 1420 419 Cherubim
1451 369 1572 414 sedes
1604 377 1668 412 est
1703 367 1851 427 gloriae.

475 453 576 506 Dei,
601 461 643 496 ct
666 453 972 509 interpretatur
997 444 1228 491 Plenitudo
1258 441 1462 487 scientiae.
1498 439 1567 484 Ibi
1596 438 1717 484 sedet
1739 441 1855 483 Deus

476 522 520 566 in
538 521 806 581 plenitudine
827 519 1012 562 scicntiae
1034 515 1133 559 licet
1152 512 1444 571 intelligamus
1462 510 1700 556 Cherubim
1722 507 1856 554 subli-

477 607 564 634 mes
583 606 670 634 esse
691 589 902 633 coelorum
916 591 1150 631 Potestates
1169 592 1299 643 atque
1317 582 1509 626 Virtutes
1526 599 1534 624 :
1554 589 1698 624 tamen
1716 581 1749 623 si
1765 579 1851 634 vis,

475 662 555 704 eris
571 660 822 704 Cherubim.
844 657 885 701 Si
903 658 1014 700 enim
1035 654 1272 700 Cherubim
1293 651 1414 697 sedes
1432 661 1494 695 est
1515 651 1608 705 Dei,
1629 649 1731 694 audi
1747 648 1856 710 quid

475 730 590 774 dicat
614 729 832 788 Scriptura
859 747 866 771 :
897 746 916 769 «
948 726 1102 770 Anima
1124 724 1258 784 justi,
1295 722 1416 767 sedes
1444 732 1507 766 est
1529 720 1751 781 sapientiae
1770 722 1800 763 ¹.
1830 738 1850 762 »

474 798 726 853 Quomodo,
751 798 916 858 inquis,
941 812 1014 841 ero
1042 793 1270 856 plenitudo
1299 793 1517 837 scientiae?
1540 791 1645 845 Quis
1666 791 1750 835 hoc
1771 791 1856 834 im-.

474 869 592 930 plet?
613 870 754 913 Habes
772 867 888 912 unde
906 866 1084 927 impleas
1107 885 1115 910 :
1141 885 1160 907 «
1183 862 1415 909 Plenitudo
1433 862 1557 920 Legis
1575 862 1802 913 charitas2.
1829 879 1850 902 »

473 940 571 986 Noli
608 955 684 1000 per
712 938 850 983 multa
885 939 944 981 ire
969 947 1099 997 atque
1131 934 1334 980 distendi.
1375 937 1526 978 Terret
1565 942 1604 977 te
1636 947 1856 977 ramorum

475 1010 649 1055 diffusio
666 1030 673 1054 :
691 1010 877 1054 radicem
898 1017 1021 1061 tene,
1044 1016 1087 1051 et
1100 1006 1154 1050 de
1177 1004 1478 1064 magnitudine
1499 1003 1664 1047 arboris
1678 1001 1768 1056 noli
1789 1017 1857 1046 co-

476 1082 622 1140 gitare.
652 1081 714 1126 Sit
734 1082 778 1124 in
800 1090 842 1124 te
857 1079 1040 1124 charitas
1056 1113 1066 1132 ,
1092 1086 1134 1122 et
1151 1091 1325 1120 necesse
1339 1084 1403 1119 est
1424 1072 1650 1134 plenitudo
1665 1073 1854 1118 scientiae

474 1160 778 1211 consequatur.
795 1149 908 1203 Quid
928 1148 1042 1192 enim
1061 1147 1192 1191 nescit
1213 1146 1288 1207 qui
1312 1145 1565 1189 charitatem
1585 1144 1693 1188 scit?
1711 1146 1854 1199 Quan-

474 1220 710 1281 doquidem
731 1220 896 1264 dictum
920 1228 983 1263 est
1006 1238 1014 1262 z
1045 1237 1064 1259 α
1090 1221 1203 1262 Deus
1227 1216 1409 1260 charitas
1432 1217 1539 1259 est3.
1565 1232 1585 1256 »

534 1294 611 1334 111.
642 1309 658 1329 «
682 1290 766 1342 Qui
785 1288 904 1333 sedes
926 1303 1054 1347 super
1075 1286 1335 1340 Cherubim,
1357 1300 1532 1345 appare.
1561 1302 1580 1326 υ
1611 1283 1716 1329 Ideo
1737 1284 1854 1330 enim

473 1360 729 1415 erravimus,
747 1360 848 1419 quia
866 1374 955 1403 non
967 1357 1219 1418 apparebas.
1245 1377 1265 1398 «
1285 1358 1443 1401 Coram
1460 1356 1667 1416 Ephraem
1684 1364 1727 1399 et
1740 1358 1855 1400 Ben-

474 1450 494 1472 »
523 1431 659 1490 jamin
680 1439 723 1474 et
743 1433 937 1474 Manasse
952 1431 983 1472 4.
1022 1447 1040 1469 »
1073 1431 1266 1488 Appare,
1302 1428 1481 1487 inquam
1498 1462 1508 1481 ,
1544 1442 1689 1471 eoram
1726 1435 1854 1484 gente

472 1503 497 1545 J
503 1499 727 1544 udaeorum
743 1535 753 1554 ,
780 1515 924 1544 coram
946 1497 1109 1558 populo
1129 1497 1275 1542 Israel.
1304 1497 1370 1540 Ibi
1393 1497 1507 1540 enirn
1535 1497 1742 1556 Ephraem
1757 1531 1767 1551 ,
1792 1495 1854 1540 ibi

471 1573 708 1624 Manasses,
734 1570 794 1613 ibi
811 1569 1050 1630 Benjamin.
1079 1567 1163 1613 Sed
1180 1567 1580 1626 interpretationem
1602 1565 1850 1611 videamus:

472 1641 674 1700 Ephraem
688 1639 998 1696 Fructificatio,
1019 1638 1243 1699 Benjamin
1255 1637 1390 1681 Filius
1411 1636 1616 1692 dexterae,
1637 1640 1856 1690 Manasses

472 1710 661 1755 Oblitus.
688 1714 858 1770 Appare
876 1710 990 1753 enirn
1012 1724 1156 1753 coram
1174 1707 1454 1762 fructificato,
1477 1722 1620 1751 coram
1639 1706 1729 1751 filio
1747 1706 1853 1751 dex-

471 1791 598 1838 terae,
633 1797 791 1841 appare
823 1795 968 1825 coram
991 1779 1127 1824 oblito
1144 1815 1155 1834 ,
1179 1788 1231 1823 ut
1246 1779 1335 1839 jain
1363 1794 1453 1822 non
1475 1779 1530 1822 sit
1562 1777 1746 1833 oblitus,
1777 1776 1853 1822 sed

468 1852 614 1897 venias
635 1851 698 1895 illi
720 1852 764 1895 in
781 1860 972 1895 mentem
1001 1851 1077 1911 qui
1098 1849 1304 1894 liberasti.
1344 1850 1386 1894 Si
1409 1849 1525 1893 enim
1549 1850 1708 1893 Gentes
1729 1864 1851 1894 com-

470 1922 854 1976 memorabuntur,
891 1930 935 1965 et
956 1930 1264 1965 convertentur
1299 1919 1352 1964 ad
1376 1920 1611 1964 Dominum
1639 1920 1852 1964 universae

470 1993 576 2037 fines
598 2002 723 2036 terrae
743 1994 757 2018 ⁵
775 2012 784 2036 ε
799 1991 988 2052 populus
1009 1992 1099 2051 ipse
1120 1990 1175 2035 de
1196 1987 1418 2036 Abraham
1438 1989 1637 2046 veniens,
1662 2005 1752 2034 non
1772 1990 1853 2034 ha-

469 2063 564 2108 buit
589 2064 796 2124 parietem
822 2078 950 2108 suum
969 2063 1046 2123 qui
1070 2061 1256 2122 gaudeat
1269 2062 1312 2105 in
1329 2060 1508 2120 angulo,
1525 2076 1625 2105 cum
1644 2061 1855 2121 scriptum

469 2135 522 2178 sit
540 2169 550 2188 ,
585 2154 604 2176 «
630 2134 842 2194 Reliquiae
864 2133 992 2177 salvae
1020 2133 1184 2176 fientfi?
1215 2132 1365 2176 Excita
1393 2131 1633 2191 potentiam
1656 2140 1793 2176 tuam.
1827 2150 1848 2173 »

469 2207 580 2249 Nam
603 2204 799 2247 infirmus
821 2219 912 2247 eras
927 2239 937 2257 ,
960 2201 1136 2263 quando
1157 2202 1411 2246 dicebatur:
1433 2221 1450 2241 «
1479 2202 1519 2246 Si
1536 2201 1651 2246 filius
1669 2203 1745 2247 Dei
1764 2211 1848 2259 est,

476 2292 496 2315 »
529 2272 763 2318 descendat
785 2274 839 2317 de
861 2289 989 2318 cruce
1004 2276 1035 2316 ⁷.
1066 2292 1085 2314 »
1110 2271 1228 2318 Nihil
1249 2271 1392 2316 valere
1420 2272 1635 2317 videbaris
1657 2293 1666 2318 ε
1686 2289 1852 2334 praeva-

474 2343 557 2388 luit
573 2360 702 2403 super
722 2354 761 2388 te
779 2353 1027 2404 persecutor
1053 2364 1061 2388 :
1087 2353 1129 2387 et
1146 2344 1447 2387 demonstrasti
1470 2344 1553 2388 hoc
1575 2353 1722 2400 antea,
1750 2346 1851 2405 quia

470 2423 514 2458 et
536 2415 672 2458 Jacob
696 2415 785 2474 ipse
805 2413 1032 2474 praevaluit
1050 2415 1092 2457 in
1116 2413 1255 2469 lucta,
1280 2414 1412 2458 homo
1431 2414 1614 2473 Angelo.
1640 2415 1849 2472 Quando,

471 2484 553 2528 nisi
575 2484 707 2529 vellet
728 2484 948 2543 Angelus?
964 2494 1007 2528 et
1031 2483 1259 2544 praevaluit
1275 2485 1408 2529 homo
1424 2520 1433 2538 ,
1460 2493 1501 2528 et
1519 2484 1658 2530 victus
1677 2495 1740 2531 est
1758 2490 1852 2531 An-

514 2586 522 2602 ¹
540 2581 614 2622 Sap.
638 2591 694 2611 vn.
725 2596 766 2618 ἡ
783 2586 795 2601 ²
829 2582 918 2611 Rom.
948 2591 1028 2621 xm,
1063 2591 1110 2611 10.
1132 2598 1172 2602 —
1199 2578 1210 2602 3
1234 2592 1245 2611 1
1277 2582 1368 2611 Joan.
1394 2582 1552 2619 1v‚⁷ss.—
1571 2579 1587 2610 4
1614 2581 1693 2614 Psal.
1722 2593 1845 2624 unx,

467 2635 498 2667 3.
519 2652 558 2659 —
583 2633 598 2658 ⁵
616 2635 662 2667 Id.
682 2646 746 2677 xxi,
762 2635 816 2668 28.
838 2653 878 2658 —
892 2634 907 2658 ‘³'
931 2637 1022 2667 Rom.
1043 2647 1087 2678 ix,
1108 2644 1161 2678 2⁰5.
1185 2652 1226 2658 —
1246 2644 1259 2669 7
1280 2637 1391 2669 Matth.
1411 2637 1577 2680 xxv11,4o.
