1926 3339
455 325 541 365 232
887 339 921 365 s.
957 335 1185 366 mausum
1221 336 1401 364 Emscm’t

458 433 480 457 »
516 428 634 459 mere
655 428 727 458 eos
749 413 825 474 qui
846 429 1002 474 corpus
1020 413 1241 469 occidunt,
1263 413 1452 458 animam
1473 420 1618 456 autem
1635 426 1725 456 non
1743 425 1839 470 pos-

459 503 480 527 »
515 493 618 529 sunt
638 483 874 528 occidere¹.
889 503 909 525 »
927 487 996 528 An
1018 483 1155 528 occidi
1173 500 1196 527 a
1213 482 1563 543 persecutoribus
1586 482 1728 525 anima
1749 495 1839 524 non

456 563 622 615 potest,
648 553 770 597 malis
793 564 937 599 autem
960 553 1116 613 repleri
1136 555 1306 612 potest?
1327 552 1456 607 Quod
1479 552 1512 597 si
1532 552 1591 595 ita
1606 560 1690 605 est,
1715 566 1840 610 quae-
1899 594 1903 610 ·.

456 625 640 668 rendum
664 623 838 683 quibus.
862 626 960 667 Non
988 623 1102 667 enim
1125 623 1237 667 vitiis
1252 658 1263 677 ,
1288 638 1364 682 per
1391 639 1488 683 quae
1510 621 1677 666 homini
1699 620 1841 665 domi·
1900 618 1904 651 ⁴·

457 704 588 738 natur
608 694 829 753 iniquitas,
853 693 1041 736 animam
1063 691 1181 736 illam
1201 692 1409 753 repletam
1426 707 1653 752 possumus
1675 690 1839 748 dicere3
1901 736 1904 751 Ι

457 763 533 807 sed
555 763 665 807 forte
694 762 916 806 doloribus
933 798 944 816 ,
968 762 1128 822 quibus
1151 762 1292 807 anima
1309 778 1396 806 suae
1419 762 1538 805 carni
1565 761 1610 804 in
1629 762 1720 822 ejus
1742 776 1842 820 pas·
1901 755 1905 775 ‘'

457 834 576 877 sione
598 833 875 892 compatitur.
902 835 999 877 Non
1022 832 1138 876 enim
1159 832 1228 877 vel
1257 833 1346 892 ipse
1376 832 1451 892 qui
1473 831 1631 875 dicitur
1653 830 1843 891 corporis
1902 824 1906 868 ἶ

457 903 584 948 dolor
599 938 609 957 ,
631 912 770 963 potest
796 918 885 946 esse
907 903 997 946 sine
1020 903 1161 946 anima
1178 938 1188 957 ‚
1214 918 1344 962 quem
1366 901 1673 946 inevitabiliter
1698 900 1843 945 immi-

457 984 636 1018 nentem
664 972 872 1033 praecedit
896 973 1092 1028 tristitia,
1117 989 1217 1034 quae
1249 972 1379 1017 solius
1413 973 1568 1017 animae
1604 971 1729 1016 dolor
1760 980 1838 1014 est.

457 1043 615 1088 Dolere
650 1059 753 1102 ergo
790 1044 933 1087 anima
964 1044 1095 1087 etiam
1125 1058 1215 1087 non
1252 1042 1428 1088 dolente
1458 1058 1639 1104 corpore
1669 1050 1841 1101 potest:
1903 1034 1906 1082 Ξ

459 1114 607 1158 dolere
629 1123 774 1157 autem
798 1128 954 1172 corpus
982 1113 1073 1157 sine
1103 1113 1244 1158 anima
1277 1129 1366 1158 non
1388 1123 1544 1173 potest.
1575 1116 1665 1158 Cur
1698 1112 1846 1172 itaque

458 1201 549 1229 non
568 1184 761 1228 dicamus
784 1200 872 1228 non
900 1184 1101 1228 humanis
1135 1185 1320 1244 peccatis
1339 1220 1350 1240 ,
1376 1184 1450 1228 secl
1472 1194 1617 1229 tamen
1646 1182 1848 1227 humanis
1904 1182 1908 1226 't

459 1255 583 1299 malis
605 1254 813 1313 repletam
839 1253 969 1298 fuisse
991 1255 1179 1298 animam
1202 1256 1386 1300 Christi?
1409 1259 1470 1300 De
1496 1271 1585 1316 quo
1610 1254 1717 1298 alius
1748 1257 1848 1298 Pro-

458 1326 589 1384 pheta
622 1324 726 1368 dicit
759 1323 879 1383 quod
908 1339 987 1383 pro
1023 1324 1147 1368 nobis
1183 1323 1430 1370 doluerit²z
1464 1333 1507 1368 et
1534 1322 1806 1382 Evangelista
1835 1341 1844 1367 :

463 1415 484 1438 «
519 1399 775 1454 Assumpto,
819 1394 986 1454 inquit,
1026 1398 1153 1438 Petro
1194 1404 1238 1440 et
1277 1394 1450 1440 duobus
1486 1394 1584 1439 filiis
1624 1393 1845 1450 Zebcdaei3

462 1484 484 1508 >›
520 1468 652 1526 coepit
669 1466 911 1510 contristari
935 1475 977 1510 et
998 1476 1178 1510 moestus
1201 1483 1303 1510 esse.
1331 1488 1348 1509 η
1372 1470 1427 1512 Et
1450 1467 1540 1528 ipse
1562 1468 1772 1512 Dominus
1794 1466 1849 1510 de

459 1553 505 1581 se
538 1537 630 1596 ipso
657 1547 763 1581 tunc
791 1537 850 1580 ait
878 1536 985 1580 illis:
1007 1556 1024 1577 «
1053 1537 1200 1581 Tristis
1223 1547 1287 1582 θεῖ
1315 1538 1458 1582 anima
1498 1554 1592 1582 mea
1623 1554 1762 1598 usque
1795 1536 1851 1581 ad

464 1627 486 1650 »
520 1618 705 1652 mortem
721 1609 752 1651 3.
781 1626 800 1648 υ
826 1611 928 1651 Haec
960 1606 1109 1652 sutura
1144 1608 1386 1668 praevidens
1418 1609 1657 1668 Propheta,
1693 1607 1850 1652 Psalmi

461 1680 642 1739 hujusce
672 1681 956 1738 conscriptor,
988 1677 1198 1724 inducens
1232 1694 1333 1722 eum
1364 1678 1617 1738 loquentem
1647 1698 1656 1723 ;
1686 1698 1706 1721 «
1737 1681 1853 1732 Quo-

463 1767 484 1791 »
520 1750 637 1793 niam
673 1749 836 1808 repleta
864 1758 948 1803 θεῖ,
984 1749 1152 1809 inquit,
1186 1749 1308 1793 malis
1348 1750 1490 1793 anima
1519 1765 1642 1804 mea,
1687 1758 1731 1793 et
1766 1749 1853 1793 vita

466 1837 487 1861 »
523 1835 618 1863 mea
646 1820 692 1863 in
719 1819 890 1863 inferno
923 1818 1304 1879 appropinquavit.
1329 1837 1349 1860 n
1375 1822 1483 1863 Nam
1513 1819 1651 1878 ipsam
1678 1828 1854 1863 sentcn-

463 1890 570 1934 tiam
602 1890 780 1934 omnino
821 1890 964 1934 verbis
1002 1890 1092 1933 aliis
1133 1889 1390 1949 explicavit,
1428 1906 1514 1950 qua
1551 1890 1717 1934 dictum
1747 1899 1850 1935 est:

468 1980 488 2003 «
525 1961 671 2005 Tristis
695 1971 758 2005 est
781 1962 924 2005 anima
948 1976 1044 2005 mea
1067 1976 1205 2020 usque
1239 1960 1294 2004 ad
1319 1970 1519 2005 mortem.
1544 1979 1564 2002 »
1591 1960 1717 2014 Quod
1737 1961 1855 2004 enim

462 2031 520 2074 ait
539 2047 547 2072 ε
580 2052 597 2073 »
627 2031 772 2075 Tristis
791 2041 854 2075 est
878 2032 1021 2075 anima
1043 2046 1159 2089 mea,
1180 2049 1199 2072 »
1218 2032 1302 2075 hoc
1320 2031 1485 2075 dictum
1508 2041 1571 2076 est
1592 2051 1601 2076 :
1631 2051 1651 2073 «
1671 2030 1855 2091 Repleta

465 2119 486 2142 >›
522 2111 586 2145 est
610 2101 734 2145 malis
757 2103 899 2146 anima
929 2116 1023 2145 mea
1047 2121 1056 2146 :
1089 2120 1108 2142 »
1136 2110 1179 2145 et
1200 2100 1318 2161 quod
1342 2102 1554 2161 sequitur,
1585 2121 1604 2143 «
1625 2103 1771 2161 Usque
1800 2100 1855 2145 ad

467 2188 486 2212 »
523 2181 724 2227 mortem,
749 2191 768 2213 υ
786 2173 868 2216 hoc
883 2171 1047 2215 dictum
1071 2181 1160 2215 cst:
1187 2191 1206 2212 «
1222 2174 1278 2215 Et
1293 2172 1380 2216 vita
1407 2187 1500 2215 mca
1521 2172 1567 2215 in
1592 2170 1764 2216 inferno
1779 2187 1856 2231 ap-

468 2259 490 2282 »
525 2242 880 2301 propinquavit.»
897 2244 985 2285 Hos
998 2251 1142 2284 autem
1158 2242 1362 2284 humanae
1378 2243 1640 2285 infirmitatis
1655 2242 1853 2297 affectus,

464 2312 577 2356 sicut
599 2312 735 2371 ipsam
752 2328 925 2356 carnem
939 2312 1201 2356 infirmitatis
1214 2313 1434 2366 humanae,
1453 2329 1501 2356 ac
1518 2322 1699 2356 mortem
1718 2312 1856 2356 carnis

462 2383 667 2427 humanae
691 2383 900 2426 Dominus
918 2385 1068 2438 Jcsus,
1094 2398 1183 2426 non
1205 2383 1465 2427 conditionis
1488 2383 1755 2437 necessitate,
1779 2381 1858 2427 sed

463 2454 749 2499 miserationis
783 2454 1005 2498 voluntate
1033 2455 1246 2514 suscepit,
1284 2464 1334 2498 ut
1368 2456 1693 2514 transfiguraret
1726 2457 1772 2499 in
1811 2470 1856 2499 se

465 2539 623 2583 corpus
646 2540 796 2578 suum,
822 2524 942 2584 quod
966 2533 1029 2567 est
1050 2524 1261 2579 Ecclesia,
1288 2525 1358 2568 cui
1386 2534 1517 2582 caput
1541 2541 1630 2569 csse
1652 2525 1855 2583 dignatus

465 2604 552 2651 est,
572 2595 655 2639 hoc
677 2603 765 2650 θεῖ,
790 2595 986 2639 membra
1008 2611 1084 2638 sua
1107 2596 1150 2638 in
1176 2596 1334 2639 sanctis
1356 2605 1399 2639 et
1427 2595 1630 2640 fidelibus
1658 2596 1743 2640 suis
1769 2611 1778 2637 τ
1803 2605 1854 2641 ut

515 2686 523 2702 ¹
545 2679 658 2711 Matth.
678 2691 711 2721 x,
727 2680 781 2712 28.
799 2697 840 2702 —
861 2687 872 2702 ²
892 2681 962 2712 lsai.
986 2691 1049 2719 Lm,
1067 2680 1097 2720 4.
1120 2697 1157 2702 —-
1182 2678 1194 2702 3
1219 2679 1333 2712 Matth.
1354 2690 1442 2720 xxvi,
1465 2680 1520 2721 37,
1546 2680 1599 2712 38.
