1926 3339
469 371 551 410 354
928 380 960 406 s.
997 382 1224 407 Ate-usum
1258 382 1438 407 Emscom

461 447 661 491 decorem
681 446 909 499 indueret,
941 460 1031 489 non
1065 454 1108 488 et
1139 443 1458 488 fortitudinem.
1484 448 1623 496 Quare
1645 457 1748 500 ergo
1769 441 1849 484 de-

462 519 632 562 corem?
649 532 783 576 quare
803 514 1136 560 fortitudinem?
1152 517 1395 575 Utrumque
1418 514 1533 557 enim
1553 513 1662 557 dixit
1686 532 1695 556 ;
1725 530 1743 551 «
1768 514 1854 555 Do·

469 611 486 629 »
522 588 665 631 minus
689 587 908 645 regnavit,
932 585 1133 628 decorem
1160 585 1331 642 induit3
1361 585 1506 628 induit
1526 583 1737 628 Dominus
1758 579 1851 625 for-

467 678 486 699 »
522 657 754 701 titudinem
775 691 786 710 ,
822 665 865 698 ct
891 656 1149 713 praecinctus
1174 664 1252 698 est.
1287 673 1306 696 >›
1340 656 1506 709 Nostis,
1535 654 1711 707 fratres,
1749 651 1852 712 quia

464 729 672 772 Dominus
695 735 841 770 noster
856 741 958 769 cum
978 725 1231 769 venisset‘in
1249 740 1378 769 carne
1393 760 1403 780 ,
1428 726 1495 769 his
1514 725 1673 784 quibus
1690 722 1853 783 praedi-
1914 739 1917 743 ·

462 800 590 843 cahat
610 797 894 856 Evangelium
917 797 1035 854 regni
1055 832 1066 851 ,
1092 796 1183 840 aliis
1201 796 1431 856 placebat,
1457 795 1548 840 aliis
1578 794 1850 854 displicebat.

463 871 573 914 Nam
591 867 739 911 divisae
773 877 874 912 sunt
895 866 1100 911 adversus
1131 881 1174 910 se
1208 866 1372 925 linguae
1409 865 1664 909 Judaeorum
1691 883 1702 910 ς
1728 883 1747 905 «
1769 862 1855 908 Alii

469 957 488 979 »
524 938 753 982 dicebant:
782 939 892 991 Quia
914 937 1055 981 bonus
1077 946 1141 981 est
1169 958 1180 994 3
1206 936 1278 980 alii
1301 935 1533 980 dicebant:
1557 938 1676 990 Non,
1695 933 1771 978 sed
1787 949 1854 977 se-

467 1026 487 1049 »
523 1008 644 1052 ducit
660 1008 810 1052 turbas
827 1010 857 1051 ¹.
884 1027 903 1049 n
922 1007 1007 1052 Alii
1021 1022 1122 1065 ergo
1140 1007 1251 1051 bene
1272 1006 1570 1067 loquebantur
1596 1004 1691 1050 :alii
1708 1004 1856 1048 detra-
1889 1003 1895 1010 ’

464 1080 654 1133 hebant,
678 1079 952 1134 lacerabant,
980 1079 1264 1133 mordebant,
1294 1078 1670 1123 conviciabantur.
1697 1075 1767 1120 Ad
1783 1090 1856 1119 eos

466 1166 566 1208 ergo
583 1150 742 1210 quibus
758 1150 979 1208 placebat,
1006 1150 1208 1194 decorem
1227 1148 1371 1193 induit
1394 1169 1402 1194 :
1428 1148 1484 1193 ad
1506 1163 1578 1192 cos
1594 1147 1753 1207 quibus
1765 1145 1856 1190 dis-
1875 1183 1880 1186 .

464 1221 652 1278 piicebat
669 1255 679 1273 ,
700 1219 1003 1263 fortitudinem
1018 1219 1175 1263 induit.
1191 1221 1367 1263 Imitare
1382 1235 1482 1277 crgo
1497 1229 1540 1263 et
1552 1229 1600 1262 tu
1622 1217 1857 1262 Dominum

466 1300 594 1334 tuum
615 1325 626 1345 ,
654 1299 700 1333 ut
721 1291 854 1349 possis
872 1305 961 1333 esse
984 1291 1112 1334 vestis
1132 1290 1264 1348 ipsius
1286 1309 1295 1333 ;
1313 1299 1403 1333 esto
1416 1305 1518 1334 cum
1537 1289 1692 1332 decore
1712 1286 1767 1331 ad
1782 1302 1855 1331 eos
1912 1294 1914 1298 ’

463 1361 623 1419 quibus
645 1358 818 1418 placent
832 1360 946 1403 bona
959 1375 1090 1419 opera
1107 1368 1182 1404 tua
1198 1380 1209 1416 3
1223 1369 1314 1404 esto
1333 1359 1455 1403 fortis
1474 1357 1678 1402 adversus
1692 1357 1856 1401 detraca
1913 1386 1916 1392 ·

466 1439 593 1473 tores.
612 1429 727 1473 Audi
740 1428 984 1489 apostolum
998 1428 1182 1473 Paulum
1194 1430 1439 1473 imitantem
1460 1429 1693 1473 Dominum
1707 1442 1852 1483 suum,
1912 1448 1915 1471 ;

467 1500 689 1560 quomodo
712 1509 754 1543 et
780 1501 871 1560 ipse
900 1501 1052 1544 habuit
1084 1500 1312 1556 decorem,
1345 1501 1502 1544 habuit
1535 1497 1859 1544 fortitudinem
1898 1490 1902 1493 ’

470 1579 488 1611 (ε
523 1570 684 1615 Christi
707 1571 848 1614 bonus
870 1571 978 1616 odor
1007 1587 1155 1616 sumus
1177 1607 1187 1627 ,
1209 1571 1381 1632 inquit,
1408 1571 1454 1614 in
1473 1570 1593 1615 omni
1609 1569 1708 1615 loco
1723 1603 1734 1625 ,
1756 1568 1861 1613 etin

467 1659 487 1681 >›
525 1641 586 1684 his
609 1641 684 1699 qui
706 1640 812 1685 salvi
833 1641 947 1685 fiunt
966 1677 976 1697 ‚
1014 1651 1057 1686 et
1088 1643 1135 1686 in
1166 1641 1231 1685 his
1261 1642 1339 1701 qui
1369 1649 1554 1701 pereunt
1570 1644 1603 1684 2.
1635 1659 1654 1682 »
1687 1639 1860 1694 Quibus

463 1712 580 1754 enim
612 1710 754 1770 placet
786 1711 953 1755 bonum
972 1747 982 1767 ,
1015 1712 1121 1757 salvi
1150 1712 1264 1755 fiunt
1291 1730 1299 1756 :
1339 1711 1415 1772 qui
1438 1710 1678 1755 detrahunt
1710 1711 1857 1765 bono,
1912 1743 1913 1747 ,

464 1791 665 1840 pereunt.
691 1781 818 1835 Quod
839 1798 967 1826 suum
990 1792 1081 1826 erat
1096 1817 1107 1837 ,
1132 1781 1207 1826 ille
1239 1781 1420 1825 odorem
1442 1781 1637 1825 habebat
1660 1779 1857 1838 bonum3

467 1852 556 1895 imo
580 1853 720 1895 bonus
741 1853 850 1896 odor
871 1863 965 1896 erat
990 1872 998 1897 :
1027 1852 1103 1897 sed
1119 1868 1184 1896 vae
1208 1853 1372 1896 miseris
1389 1888 1399 1907 ,
1426 1852 1561 1912 quiet
1585 1851 1703 1896 bono
1726 1850 1862 1896 odore

465 1923 728 1966 moriuntur.
753 1925 851 1968 Non
873 1923 989 1967 enirn
1011 1924 1098 1968 ait:
1130 1923 1220 1967 Illis
1244 1924 1388 1967 bonus
1422 1922 1532 1967 odor
1563 1937 1713 1966 sumus
1732 1958 1743 1978 ,
1777 1921 1860 1967 illis

465 1991 604 2035 malus
622 1992 730 2036 odor
751 2009 900 2037 sumus
921 2014 932 2051 3
951 1992 1027 2037 sed
1041 2029 1051 2047 ,
1075 2013 1091 2033 «
1112 1994 1272 2038 Christi
1286 1994 1427 2038 bonus
1442 1992 1555 2038 odor
1578 2004 1726 2047 sumbus
1742 2027 1754 2047 ,
1775 1993 1858 2049 ait,
1920 2037 1923 2039 .

468 2082 486 2103 »
523 2063 568 2106 in
582 2063 702 2106 omni
723 2063 820 2107 loco
835 2099 845 2118 ‚
871 2073 914 2108 et
936 2064 982 2106 in
999 2064 1064 2107 his
1087 2064 1161 2123 qui
1182 2063 1288 2108 salvi
1306 2065 1420 2108 fiunt
1436 2099 1447 2118 ,
1469 2072 1513 2107 et
1534 2063 1580 2107 in
1597 2063 1664 2107 his
1686 2063 1763 2123 qui
1779 2078 1860 2123 pe*

468 2151 488 2173 »
523 2143 665 2177 reunt.
695 2151 715 2174 »
745 2134 938 2193 Subjecit
967 2135 1132 2188 statim,
1163 2154 1181 2173 «
1219 2134 1324 2178 Aliis
1356 2133 1539 2194 quidem
1571 2149 1721 2178 sumus
1752 2132 1862 2178 odor
1908 2164 1911 2166 -

469 2222 488 2244 »
523 2204 624 2248 vitae
646 2205 691 2248 in
707 2205 866 2259 vitam,
897 2205 988 2248 aliis
1012 2205 1120 2249 odor
1143 2205 1292 2249 mortis
1317 2206 1362 2249 in
1384 2206 1621 2249 mortemss.
1654 2224 1669 2246 ἰ
1694 2205 1860 2258 Quibus

465 2283 556 2318 crat
573 2274 682 2318 odor
703 2275 805 2318 vitae
826 2275 871 2318 in
902 2275 1036 2318 vitam
1055 2310 1065 2330 ,
1092 2274 1295 2318 decorem
1320 2275 1523 2319 induerat
1550 2294 1558 2319 :
1585 2275 1747 2335 quibus
1769 2284 1861 2319 erat

466 2345 574 2388 odor
596 2345 744 2388 mortis
765 2345 810 2388 in
839 2355 1022 2389 mortem
1039 2381 1050 2400 ,
1076 2344 1380 2391 tortitudinem
1403 2346 1623 2389 induerat.
1653 2346 1696 2390 Si
1713 2354 1860 2390 autem

465 2423 575 2459 tunc
594 2416 754 2474 gaudes
770 2450 781 2470 ‚
806 2416 985 2476 quando
1008 2426 1049 2460 tc
1060 2416 1243 2460 laudant
1259 2417 1484 2472 homines,
1516 2426 1560 2460 et
1581 2416 1754 2477 placent
1774 2416 1859 2460 illis

465 2485 581 2529 bona
609 2501 739 2545 opera
768 2499 842 2530 tua
868 2507 879 2543 3
909 2502 1010 2530 cum
1048 2495 1194 2530 autem
1225 2487 1570 2546 vituperaverint
1591 2522 1602 2542 ,
1633 2486 1782 2531 deficis
1811 2487 1858 2530 in

467 2555 593 2600 bonis
615 2556 839 2615 operibus,
874 2565 917 2600 et
939 2557 1061 2616 quasi
1086 2556 1281 2600 fructum
1308 2557 1527 2601 bonorum
1558 2566 1601 2601 te
1624 2556 1858 2617 perdidisse

468 2626 686 2671 arbitraris
701 2663 711 2681 ‚
732 2628 832 2688 quia
854 2629 1021 2671 invenis
1037 2629 1364 2687 reprehensores
1385 2648 1393 2672 :
1415 2644 1505 2673 non
1527 2627 1680 2672 stetisti
1697 2627 1857 2673 immo—-

518 2719 524 2733 ¹
547 2714 639 2742 Joan.
664 2723 705 2751 vi,
733 2722 780 2743 12.
805 2729 843 2733 —
873 2719 883 2733 ²
909 2723 917 2743 1
941 2713 1012 2743 Cor.
1043 2723 1074 2752 n,
1100 2711 1148 2743 15.
1170 2729 1211 2733 --
1232 2710 1344 2743 31bitt.
1373 2716 1422 2744 16.
