1926 3339
251 329 494 358 ENARRATIO
526 329 541 355 1
574 328 617 354 111
651 325 853 353 PsALMUM
887 325 962 362 xe,
998 323 1137 351 sEnMo
1170 325 1199 350 1.
1338 313 1418 352 311

40 419 58 440 »
94 397 205 441 sicut
221 405 368 456 pastor
388 393 544 439 dividit
564 408 618 438 ov
623 408 664 437 es
687 392 742 436 ab
759 390 919 446 hoedis,
944 399 987 434 et
1004 405 1104 434 oves
1127 399 1260 449 ponet
1278 406 1301 435 a
1316 390 1424 435 dex-

40 489 58 510 »
92 468 184 522 tris,
206 465 360 511 hoedos
382 473 527 509 autern
548 479 593 508 a
584 462 813 518 inistris¹3
835 479 855 502 η
878 470 921 504 et
939 459 1272 520 judicabuntur.
1296 460 1426 505 Multi

36 547 165 583 erunt
186 538 262 598 qui
282 536 560 597 judicabunt,
592 534 668 578 sed
694 533 920 593 pauciores
952 539 1081 575 erunt
1108 545 1240 591 quam
1262 529 1323 574 illi
1349 533 1426 590 qui

36 618 135 654 ante
157 605 351 653 tribunal
374 606 589 650 stabunt:
616 603 716 665 quia
744 602 808 647 illi
834 611 1044 663 tanquam
1078 601 1227 656 mille,
1252 600 1316 645 illi
1334 610 1429 645 tan-

35 696 168 742 quam
198 678 311 723 dena
342 676 495 721 millia.
528 679 566 720 A
596 675 755 719 dextris
788 674 938 734 positis
972 673 1080 734 quid
1111 637 1308 718 dicturus
1335 674 1430 718 est?

40 770 60 794 «
94 750 281 805 Esurivi,
302 757 345 793 et
362 747 542 792 dedistis
561 746 669 790 mihi
690 745 955 789 manducare
968 765 980 802 3
995 745 1151 803 hospes
1172 742 1252 799 fui,
1277 752 1321 788 et
1341 759 1430 788 sus-

40 839 61 863 »
96 821 269 880 cepistis
299 835 386 864 me.
415 837 436 860 »
461 817 741 863 Manifestum
764 825 854 870 est,
879 814 981 875 quia
1004 813 1072 858 his
1096 813 1212 857 dicet
1234 814 1312 874 qui
1348 814 1431 858 ha-

37 892 145 937 bent
165 891 455 935 substantiam
474 890 605 949 hujus
618 886 782 941 saeculi,
802 885 921 930 unde
932 885 1013 929 ista
1034 885 1226 928 humana
1249 883 1426 928 faciant.

38 966 201 1008 Tamen
221 971 266 1006 et
285 962 367 1021 ipsi
387 975 489 1006 cum
510 959 595 1003 illis
616 957 880 1017 regnabunt.
906 956 1015 1009 Quia
1036 954 1098 999 illi
1116 963 1326 1015 tanquam
1347 954 1430 998 mi-

37 1032 156 1088 lites,
177 1031 242 1076 illi
264 1041 472 1092 tanquam
499 1043 718 1074 annonam
746 1027 988 1087 praebentes
1015 1024 1306 1070 Provinciales
1325 1027 1392 1084 (7)
1418 1044 1428 1071 :

37 1103 120 1149 sub
154 1117 246 1147 uno
272 1111 420 1146 tamen
457 1103 725 1160 Imperatore
763 1106 808 1142 et
839 1096 963 1143 miles
1001 1104 1044 1140 et
1077 1095 1357 1141 Provincialis
1389 1095 1436 1141 in

38 1190 173 1233 regno
195 1182 275 1218 est.
302 1172 427 1219 Miles
448 1170 572 1217 fortis
586 1206 597 1227 ‚
623 1167 904 1215 Provincialis
926 1167 1110 1212 devotus
1137 1186 1146 1212 :
1171 1166 1294 1211 miles
1310 1164 1435 1211 fortis

41 1244 314 1290 orationibus
342 1252 509 1304 pugnat
530 1242 737 1287 adversus
759 1237 984 1284 diabolum
1002 1274 1012 1293 ,
1039 1237 1224 1283 devotus
1251 1237 1438 1283 Provin-

5 1330 8 1332 ·
38 1316 158 1362 cialis
176 1329 397 1360 annonam
421 1313 577 1358 tribuit
607 1311 836 1356 militibus.
862 1308 1086 1368 Intelligat
1107 1309 1306 1355 Charitas
1326 1310 1437 1353 Ves-

40 1398 120 1433 tra.
167 1390 225 1432 Et
263 1386 444 1431 audient
470 1385 519 1429 in
559 1385 647 1429 fine
688 1383 744 1428 ad
766 1383 988 1427 dexteram
1025 1381 1157 1442 positi
1187 1400 1198 1426 ς
1225 1399 1248 1423 «
1277 1380 1436 1425 Venite

42 1477 63 1500 »
97 1457 318 1503 benedieti
333 1457 469 1502 Patris
483 1455 585 1511 mei,
600 1454 808 1515 percipite
829 1467 1015 1512 regnum
1027 1451 1149 1513 quod
1162 1451 1287 1497 vobis
1308 1467 1435 1512 para-

42 1548 63 1572 »
99 1539 194 1574 tum
223 1538 288 1574 est
315 1529 370 1572 ab
400 1527 568 1586 origine
589 1524 760 1570 mundi.
790 1542 811 1566 »
845 1527 984 1571 Erant
1008 1538 1114 1582 ergo
1136 1523 1212 1568 illo
1236 1532 1433 1583 tempore

40 1600 194 1655 multi,
226 1598 406 1659 quando
436 1597 622 1656 graviter
654 1593 928 1640 inferbuerat
958 1593 1024 1639 sol
1049 1594 1359 1653 persecutionis
1391 1602 1436 1638 et

40 1670 307 1715 daemonium
336 1667 642 1720 meridianum,
670 1674 793 1710 erant
810 1666 887 1726 qui
904 1664 987 1709 sibi
1001 1663 1318 1724 promittebant
1331 1664 1435 1724 quia

35 1741 274 1804 judicaturi
296 1749 420 1785 erant
439 1755 540 1784 cum
555 1738 729 1784 Christo
746 1758 757 1795 3
775 1752 864 1782 non
886 1743 1128 1815 potuerunt
1143 1733 1257 1779 ferre
1280 1744 1436 1780 aestum

40 1812 370 1892 persecutionis,
387 1820 430 1855 et
442 1809 693 1854 ceciderunt
710 1824 734 1852 a
750 1808 917 1852 latere
907 1807 1076 1866 ipsius:
1101 1814 1226 1850 erant
1245 1805 1307 1850 ibi
1329 1805 1435 1861 alii,

41 1886 117 1946 qui
155 1899 246 1928 non
282 1882 364 1927 sibi
401 1881 718 1942 promittebant
747 1879 870 1924 sedes
895 1877 1211 1939 judicantium3
1244 1875 1320 1920 sed
1361 1841 1440 1937 pei·

42 1956 336 2013 eleemosynas
366 1952 682 2013 promittebant
714 1950 796 1994 sibi
829 1950 931 2010 quia
961 1948 1016 1993 ad
1054 1948 1278 1992 dexteram
1302 1945 1441 1992 futuri

43 2036 165 2071 erant
187 2026 348 2086 quibus
369 2025 565 2069 dicturus
593 2031 686 2067 erat
714 2022 912 2068 Christus
945 2040 955 2065 ε
987 2039 1009 2062 «
1032 2020 1192 2063 Venite
1217 2017 1439 2064 benedicti

45 2116 66 2139 »
104 2097 240 2142 Patris
262 2096 372 2151 mei,
397 2094 609 2155 percipite
635 2108 844 2151 regnum,
863 2089 986 2152 quod
1005 2090 1128 2135 vobis
1149 2098 1352 2149 paratum
1376 2098 1441 2133 est

48 2187 68 2209 »
103 2168 158 2212 ab
176 2168 344 2226 origine
366 2165 536 2210 mundi.
559 2184 580 2206 »
607 2167 665 2209 Et
685 2164 787 2224 quia
808 2163 938 2207 multi
954 2161 1010 2206 de
1032 2177 1107 2221 spe
1123 2161 1196 2205 1113
1211 2159 1440 2222 judicandi

44 2239 313 2292 ceciderunt,
338 2235 467 2281 multi
490 2244 633 2280 autem
657 2244 702 2279 et
728 2234 868 2279 multo
891 2233 1037 2294 plures
1057 2232 1113 2277 de
1138 2247 1212 2291 spe
1227 2231 1308 2276 ffla
1331 2230 1439 2275 dex-

44 2320 148 2355 terae
169 2308 443 2363 ceciderunt,
463 2307 563 2352 ideo
585 2305 753 2352 dictum
779 2314 841 2350 est
869 2305 1069 2350 Christo:
1098 2322 1120 2345 «
1143 2302 1315 2349 Cadent
1337 2318 1360 2347 a
1376 2301 1441 2346 la-

48 2400 69 2423 »
102 2391 194 2425 tere
213 2389 290 2424 tuo
312 2378 432 2423 mille
448 2413 459 2434 ‚
484 2387 528 2422 et
549 2377 662 2422 dena
682 2376 818 2421 millia
848 2392 872 2420 a
893 2374 1053 2420 dextris
1075 2374 1176 2419 tuis.
1206 2391 1226 2416 »
1255 2376 1314 2418 Et
1335 2373 1440 2433 quia

45 2451 172 2496 multi
194 2459 321 2495 erunt
350 2464 451 2494 cum
472 2448 570 2504 illo,
595 2448 673 2508 qui
693 2446 840 2492 omnia
860 2446 934 2491 illa
953 2462 1044 2490 non
1066 2452 1298 2500 curarunt,
1337 2458 1440 2488 cum

46 2523 206 2584 quibus
229 2530 439 2580 tanquam
462 2519 671 2563 membris
686 2534 802 2563 unus
825 2527 888 2562 est
904 2517 1102 2563 Christus
1131 2536 1140 2561 :
1170 2535 1188 2556 «
1213 2514 1282 2560 Ad
1298 2523 1342 2559 te
1359 2529 1440 2558 au-

51 2612 71 2635 »
105 2603 211 2648 tem,
234 2591 394 2652 inquit,
419 2606 510 2635 non
532 2588 920 2650 appropinquabit.
939 2609 956 2631 »
978 2586 1206 2648 Numquid
1223 2586 1279 2631 ad
1297 2584 1439 2631 solum

98 2683 106 2699 ¹
133 2676 248 2709 Matth.
267 2687 346 2716 xxv,
369 2674 490 2709 22-33.
