1926 3339
492 263 546 303 94
929 273 962 301 s.
999 274 1229 302 Auoesnm
1264 272 1444 299 Emscom

489 329 620 388 ipsius
643 327 809 372 dietum
831 336 908 371 est.
942 327 1026 372 Sed
1048 336 1193 371 tamen
1226 324 1364 384 prima
1392 336 1495 381 gens
1511 321 1657 382 judaea
1682 320 1767 366 suit
1787 322 1868 366 ista

490 399 629 443 vinea.
656 398 769 441 Gens
791 405 936 440 autem
953 395 1098 455 judaea
1115 409 1253 454 usque
1269 392 1325 436 ad
1344 407 1477 446 mare,
1499 400 1543 435 et
1557 405 1695 451 usque
1713 389 1769 435 ad
1787 391 1868 435 ssu-

491 483 591 512 men
612 466 822 525 regnavit.
850 468 992 525 Usque
1014 465 1068 509 ad
1084 479 1200 508 mare
1217 470 1419 522 :apparet
1440 462 1484 505 in
1508 462 1727 521 Scriptura
1749 460 1870 521 quod

492 552 608 580 mare
642 536 702 579 ibi
733 536 925 579 vicinum
954 534 1053 578 sit1.
1087 536 1144 577 Et
1168 547 1306 591 usque
1338 531 1394 575 ad
1424 531 1589 575 flumen
1616 529 1866 575 Jordanem.

495 610 627 650 Trans
649 608 673 649 J
677 604 884 649 ordanem
902 604 1018 647 enim
1040 601 1205 662 aliquid
1227 604 1251 645 J
1256 600 1482 645 udaeorum
1503 600 1764 645 collocatum
1782 608 1867 656 est,

490 677 602 720 intra
623 674 856 719 Jordancm
878 683 1024 717 autem
1044 681 1135 717 tota
1157 687 1275 732 gens.
1302 675 1417 729 Ergo
1443 690 1464 714 «
1491 673 1636 731 Usque
1657 670 1712 715 ad
1732 686 1866 727 mare,

494 764 514 786 »
548 754 592 788 et
612 759 749 803 usque
771 743 826 787 ad
843 743 1008 787 flumen
1032 762 1053 785 »
1080 758 1265 802 regnum
1288 742 1542 786 Judaeorum
1559 777 1570 798 ,
1595 757 1779 801 regnum
1804 744 1870 786 Is-

491 815 579 859 rael
601 834 609 858 :
635 830 723 859 non
746 823 891 858 autem
919 833 940 855 «
972 818 1009 858 A
1038 815 1146 858 mari
1172 828 1311 873 usque
1332 813 1386 857 ad
1408 829 1547 869 mare,
1573 822 1616 857 et
1637 830 1661 858 a
1687 813 1868 857 flumine

494 904 513 926 »
549 900 687 944 usque
719 884 774 928 ad
806 885 1010 928 terminos
1045 884 1160 927 orbis
1189 893 1340 941 terroe3
1380 901 1400 924 »
1437 882 1510 927 illa
1537 883 1628 943 jam
1659 881 1870 942 perfectio

491 955 629 1000 vineae
656 963 742 1010 est,
779 954 833 998 de
854 970 941 1014 qua
968 955 1037 998 hic
1066 952 1292 1014 praedixit:
1319 972 1339 995 κ
1362 953 1489 997 Viam
1519 952 1659 996 fecisti
1685 953 1731 997 in
1762 968 1871 997 con-

495 1045 514 1067 »
549 1035 699 1085 spectu
713 1027 748 1086 ej
756 1041 819 1080 us,
832 1035 875 1069 et
887 1025 1090 1084 plantasti
1105 1024 1266 1069 radices
1279 1026 1384 1084 ejus,
1398 1033 1441 1068 ct
1453 1023 1647 1083 implevit
1655 1033 1828 1068 terram.
1848 1042 1868 1065 »

491 1098 603 1141 Cum
619 1096 697 1140 tibi
718 1112 819 1155 ergo
834 1095 1097 1156 praedixisset
1114 1094 1441 1155 perfectionem,
1465 1095 1592 1137 rediit
1609 1093 1663 1138 ad
1680 1093 1870 1150 initium,

492 1166 547 1210 dc
569 1182 657 1227 quo
678 1167 802 1210 initio
819 1168 873 1210 sit
893 1167 1008 1210 facta
1031 1164 1256 1225 perfectio,
1278 1165 1458 1209 Initium
1471 1165 1532 1209 vis
1550 1163 1727 1208 audire?
1748 1184 1768 1207 ι(
1789 1166 1872 1208 Us-

497 1257 513 1278 »
549 1253 634 1297 que
658 1238 713 1282 ad
738 1253 855 1281 mare
884 1247 926 1281 et
948 1253 1085 1297 usque
1103 1237 1157 1281 ad
1180 1238 1362 1280 flumen.
1394 1257 1411 1278 »
1438 1236 1593 1280 Finem
1615 1236 1677 1280 vis
1698 1235 1873 1280 audire?

495 1326 515 1349 «
550 1308 855 1351 Dominabitur
872 1324 894 1351 a
916 1309 1022 1351 mari
1040 1323 1178 1367 usque
1193 1307 1248 1351 ad
1262 1322 1380 1351 mare
1393 1342 1404 1362 ,
1431 1316 1471 1351 et
1494 1322 1518 1350 a
1535 1306 1718 1350 flumine
1734 1321 1872 1367 usque

495 1394 514 1417 »
549 1376 604 1420 ad
619 1377 824 1422 terminos
841 1378 954 1422 orbis
970 1382 1120 1422 terrae²
1138 1397 1146 1422 :
1169 1399 1185 1419 »
1207 1378 1290 1422 hoc
1306 1386 1383 1433 est,
1408 1397 1426 1420 «
1446 1376 1650 1436 Implevit
1666 1387 1867 1422 terram.»

488 1446 722 1491 Videamus
743 1463 845 1507 ergo
868 1449 1163 1492 testimonium
1182 1449 1350 1508 Asaph,
1375 1447 1484 1509 quid
1506 1447 1671 1493 factum
1694 1458 1758 1493 est
1776 1449 1868 1508 pri-

487 1531 570 1560 111313
592 1517 751 1573 vineae,
783 1517 890 1577 quid
923 1527 986 1562 est
1010 1518 1328 1577 expectandum
1355 1518 1558 1562 secundae
1587 1520 1748 1575 vineae,
1783 1519 1872 1564 imo

487 1587 627 1631 eidem
657 1588 809 1632 vineae.
849 1591 945 1648 Ipsa
976 1598 1040 1633 est
1067 1589 1205 1645 enim,
1237 1605 1327 1635 non
1356 1590 1471 1634 enim
1499 1589 1631 1634 altera
1657 1600 1735 1635 est.
1763 1590 1872 1636 Inde

486 1658 681 1702 Christus
703 1658 815 1702 salus
835 1674 887 1702 ex
910 1661 933 1702 J
939 1658 1072 1703 udaeis
1092 1660 1130 1714 ³,
1154 1659 1257 1704 inde
1279 1660 1495 1720 Apostoli,
1516 1661 1619 1706 inde
1640 1661 1768 1720 primi
1782 1677 1872 1706 cre-

486 1727 659 1784 dentes,
685 1738 728 1773 et
748 1730 885 1789 pretia
907 1745 1050 1774 rerum
1079 1747 1256 1774 suarum
1279 1741 1380 1776 ante
1406 1731 1538 1791 pedes
1560 1732 1870 1792 Apostolorum

485 1809 695 1858 ponentes
709 1801 723 1825 4
752 1800 854 1844 inde
875 1801 1021 1845 omnia
1042 1802 1150 1846 haec.
1174 1806 1230 1846 Et
1247 1803 1281 1847 si
1304 1802 1438 1863 aliqui
1458 1819 1508 1847 ex
1528 1804 1654 1848 ramis
1681 1823 1701 1847 «
1726 1808 1758 1849 F
1764 1805 1870 1850 racti

487 1888 507 1910 »
543 1879 644 1914 sunt
658 1905 669 1926 ,
695 1880 873 1930 propter
891 1871 1241 1917 incredulitatem
1261 1872 1388 1917 fracti
1409 1883 1535 1918 sunt:
1554 1883 1603 1918 tu
1619 1884 1763 1919 autem
1786 1891 1869 1935 po-

488 1957 507 1980 »
543 1940 672 1999 pulus
695 1941 900 1985 Gentium
929 1941 1015 1985 fide
1037 1951 1101 1986 sta
1128 1961 1136 1986 t
1159 1942 1248 1987 noli
1277 1943 1415 1987 altum
1436 1959 1606 2004 sapere,
1641 1946 1718 1990 sed
1745 1947 1864 1991 time.

541 2013 650 2055 Nam
672 2011 705 2054 si
728 2014 841 2055 Deus
859 2011 1132 2057 naturalibus
1150 2014 1277 2058 ramis
1291 2030 1379 2058 non
1397 2016 1606 2074 pepercit,
1627 2032 1770 2077 neque
1787 2018 1868 2063 tibi

485 2098 505 2121 »
540 2089 702 2139 parcet.
731 2081 774 2125 Si
805 2091 953 2126 autem
974 2082 1113 2127 altum
1135 2084 1268 2143 sapis,
1299 2100 1389 2128 non
1417 2094 1466 2129 tu
1487 2085 1674 2131 radicem
1695 2097 1862 2148 portas,

484 2167 504 2191 »
539 2149 616 2194 sed
635 2150 755 2194 radix
768 2160 809 2194 te
823 2154 854 2195 ⁵.
881 2170 899 2193 »
917 2152 1034 2205 Quid
1051 2168 1167 2211 ergo,
1185 2154 1310 2199 vinea
1327 2164 1426 2199 ante
1443 2157 1565 2216 cujus
1583 2168 1866 2218 conspectum

481 2219 595 2265 iacta
613 2230 675 2265 est
691 2221 774 2276 via,
792 2231 840 2266 ut
860 2222 1059 2282 impleret
1073 2234 1248 2281 terram,
1265 2226 1405 2285 primo
1424 2227 1500 2270 ubi
1513 2226 1625 2272 fuit?
1645 2248 1665 2271 «
1683 2230 1866 2289 Operuit

484 2309 504 2332 >›
529 2301 698 2337 montes
712 2292 865 2336 umbra
879 2294 985 2353 ejus.
1005 2296 1121 2348 »Qui
1139 2305 1240 2340 sunt
1252 2299 1446 2342 montes?
1461 2300 1703 2358 Prophetae.
1720 2303 1865 2355 Quare

480 2363 652 2421 operuit
674 2362 768 2407 illos
805 2364 959 2408 umbra
988 2366 1106 2425 ejus?
1137 2367 1238 2426 quia
1261 2368 1444 2412 obscure
1469 2368 1606 2413 locuti
1634 2380 1737 2416 sunt
1765 2388 1864 2432 quae

479 2431 629 2478 futura
650 2435 906 2480 annuntiata
928 2445 1045 2480 sunt.
1071 2438 1206 2481 Audis
1227 2454 1251 2482 3
1271 2440 1498 2499 Prophetis
1519 2460 1527 2485 :
1549 2441 1741 2487 Observa
1762 2443 1863 2487 sab-

487 2027 496 2050 )

497 2029 506 2051 υ

529 2538 536 2554 ¹
557 2534 652 2564 Num.
671 2544 779 2573 xxxiv,
805 2533 837 2565 5.
856 2551 898 2556 —
918 2541 930 2556 ²
946 2534 1029 2566 Psal.
1045 2545 1132 2578 mu,
1154 2536 1184 2568 8.
1207 2553 1248 2558 —
1269 2535 1282 2560 3
1299 2539 1392 2570 Joan.
1411 2548 1458 2578 iv,
1481 2547 1535 2572 22.
1552 2557 1594 2563 —
1618 2538 1634 2570 4
1654 2542 1728 2574 Act.
1745 2552 1781 2574 11.
1803 2540 1859 2584 45,

480 2593 566 2632 etlv,
591 2588 643 2621 35.
664 2588 733 2612 —5
755 2592 844 2622 Rom.
864 2602 907 2632 XI,
930 2591 1042 2623 18-21.
