1926 3339
479 305 532 344 38
913 310 947 339 s.
984 309 1212 339 Aucusnm
1243 310 1425 337 Emscom

485 388 601 425 recta
623 393 711 422 non
728 384 829 421 sunt
842 410 853 431 ,
877 376 1039 419 etiamsi
1052 383 1168 418 recta
1183 374 1428 418 videantur.
1452 374 1509 417 Et
1529 370 1647 416 unde
1666 386 1742 416 cor
1763 387 1877 416 non.

482 451 635 496 direxit
661 463 790 508 prava
809 447 1048 505 generatio,
1074 445 1172 489 satis
1195 444 1382 502 aperuit,
1407 458 1506 487 cum
1536 442 1622 487 ait:
1646 461 1667 484 ι(
1690 445 1747 487 Et
1763 458 1855 487 non

480 540 501 563 »
536 531 600 565 est
621 518 806 564 creditus
828 533 928 562 cum
963 520 1052 559 Deo
1075 515 1247 574 spiritus
1269 515 1375 574 ejus.
1410 531 1430 554 »
1467 517 1626 557 Rectus
1653 523 1718 557 est
1738 513 1855 557 enim

478 595 593 636 Deus
615 608 623 634 :
649 598 692 632 et
725 588 823 631 ideo
854 595 971 630 recto
993 584 1216 628 adhaerens
1232 618 1243 638 ,
1277 593 1487 643 tanquam
1505 581 1855 627 incommutabili

478 659 640 719 regulae
658 693 668 712 ,
693 664 836 715 potest
861 655 952 698 fieri
976 662 1141 697 rectum
1163 687 1173 707 ‚
1199 652 1320 712 quod
1343 653 1389 696 in
1416 668 1460 696 se
1478 652 1560 696 fuit
1576 668 1759 712 pravum
1781 667 1855 696 cor

478 727 678 774 hominis.
717 727 773 769 Ut
805 733 951 767 autern
973 738 1048 767 cor
1078 738 1179 766 cum
1215 721 1291 766 illo
1312 722 1366 766 sit
1381 757 1392 777 ‚
1419 731 1462 766 et
1483 737 1560 782 per
1582 722 1666 766 hoc
1689 730 1857 766 rectum

479 814 568 844 esse
590 797 722 857 possit
737 831 747 851 ‚
774 794 992 839 acceditur
1019 792 1074 837 ad
1100 808 1200 837 eum
1215 828 1226 848 ,
1251 808 1340 837 non
1361 792 1498 852 pede,
1529 792 1605 837 sed
1627 793 1728 837 fide.
1751 791 1857 836 Ideo

480 869 639 915 dicitur
656 867 783 910 etiam
806 866 851 909 in
873 863 1064 924 Epistola
1093 864 1150 908 ad
1173 864 1376 908 Hebraeos
1397 862 1452 906 de
1470 862 1544 907 illa
1564 863 1655 922 ipsa
1676 878 1857 921 genera—

478 940 597 984 tione
624 951 754 996 prava
776 944 819 978 et
840 935 1099 978 amaricante
1122 952 1131 978 t
1171 952 1192 975 «
1221 935 1319 978 Non
1339 932 1507 992 profuit
1527 947 1667 976 sermo
1685 932 1858 976 auditus

481 1027 503 1052 »
536 1008 618 1052 illis
638 1022 727 1051 non
749 1004 1080 1064 contemperatis
1097 1003 1198 1048 fidei
1219 1019 1370 1048 eorum
1391 1003 1468 1063 qui
1487 1002 1781 1047 obaudierunt
1794 1004 1853 1046 ¹.»

478 1078 690 1123 Voluntas
720 1075 853 1134 igitur
887 1090 987 1134 quae
1014 1083 1077 1118 est
1107 1075 1153 1117 in
1179 1073 1309 1118 corde
1342 1082 1484 1127 recto,
1514 1082 1692 1132 paratur
1724 1088 1748 1116 a
1770 1075 1859 1117 Do-

476 1149 597 1194 mino
613 1183 624 1202 ,
649 1146 734 1190 fide
751 1144 1044 1205 praecedente,
1070 1160 1155 1204 qua
1185 1144 1406 1188 acceditur
1427 1143 1483 1187 ad
1504 1146 1643 1187 Deum
1661 1152 1829 1187 rectum
1845 1177 1856 1197 ‚

477 1227 528 1262 ut
543 1233 617 1262 cor
634 1217 708 1260 fiat
730 1224 913 1259 rectum.
936 1218 1041 1267 Quae
1064 1213 1170 1258 fides
1191 1214 1485 1272 praeveniente
1507 1222 1551 1257 et
1566 1221 1751 1258 vocante
1772 1212 1857 1256 mi-

477 1286 705 1331 sericordia
738 1285 841 1339 Dei,
867 1299 943 1343 per
972 1283 1266 1327 obedientiam
1292 1284 1545 1341 suscitatur3
1579 1292 1622 1327 ct
1643 1282 1860 1342 applicare

479 1356 631 1415 incipit
651 1354 706 1398 ad
733 1358 871 1398 Deum
892 1368 967 1398 cor
981 1388 993 1408 ,
1018 1363 1068 1397 ut
1089 1352 1299 1411 dirigatur
1324 1371 1333 1397 :
1355 1362 1398 1397 et
1420 1362 1585 1413 quanto
1609 1353 1743 1410 magis
1765 1368 1861 1397 ma-

479 1426 629 1486 gisque
650 1424 851 1482 dirigitur
867 1459 878 1479 ‚
900 1431 1024 1467 tanto
1046 1423 1178 1480 magis
1199 1421 1319 1467 videt
1340 1423 1460 1484 quod
1478 1439 1569 1468 non
1591 1421 1768 1468 videbat
1782 1457 1793 1478 ‚
1818 1431 1862 1466 et

476 1495 594 1541 valet
614 1494 734 1555 quod
750 1509 840 1538 non
859 1492 1048 1537 valebat.
1075 1496 1169 1538 Hoc
1191 1509 1281 1538 non
1302 1492 1464 1538 fecerat
1485 1494 1632 1539 Simon
1649 1528 1660 1549 ‚
1685 1493 1758 1538 cui
1780 1496 1862 1538 Pe-

478 1576 569 1611 trus
589 1563 806 1625 apostolus
823 1563 955 1609 dixit:
976 1582 997 1606 α
1014 1566 1112 1610 Νοη
1133 1573 1198 1608 est
1218 1564 1297 1608 tibi
1316 1579 1413 1624 pars
1435 1579 1579 1625 neque
1600 1579 1690 1608 sors
1712 1563 1759 1607 in
1778 1564 1861 1608 hac

480 1654 503 1678 n
537 1634 651 1692 fide3
677 1650 751 1679 cor
779 1635 894 1679 enim
918 1643 1042 1679 tuum
1064 1649 1154 1678 non
1175 1642 1240 1678 est
1269 1643 1437 1679 rectum
1456 1649 1557 1679 cum
1579 1636 1670 1679 Deo
1684 1635 1716 1678 ².
1745 1651 1766 1675 »
1793 1634 1862 1678 Ibi

478 1706 595 1751 enim
616 1703 804 1749 ostendit
818 1739 832 1760 ,
856 1704 958 1764 quia
980 1720 1070 1748 non
1092 1712 1235 1763 potest
1251 1719 1340 1748 esse
1361 1712 1530 1749 rectum
1557 1704 1648 1748 sine
1670 1707 1759 1748 Deo
1776 1737 1788 1759 ‚
1812 1712 1863 1748 ut

478 1776 688 1835 incipiant
709 1774 927 1829 homines,
948 1790 1037 1818 non
1058 1783 1269 1834 tanquam
1285 1775 1396 1819 servi
1416 1775 1499 1819 sub
1520 1774 1616 1833 lege
1637 1773 1862 1818 ambulare

478 1855 720 1892 metuentes
737 1881 747 1900 ‚
771 1845 846 1889 sed
866 1845 913 1889 in
934 1845 1027 1903 lege
1048 1855 1254 1905 tanquam
1278 1845 1355 1890 filii
1383 1845 1578 1890 volentes
1594 1880 1604 1900 ‚
1623 1846 1669 1889 in
1691 1861 1778 1905 qua
1799 1844 1863 1889 illi

477 1916 700 1961 ambulare
734 1915 996 1970 noluerunt,
1027 1924 1070 1959 et
1099 1916 1180 1959 sub
1202 1915 1276 1959 illa
1300 1917 1360 1959 rei
1395 1924 1709 1959 remanserunt.
1739 1918 1862 1960 Hanc

478 1988 593 2032 enim
612 1986 882 2031 voluntatem
904 2001 992 2029 non
1014 1986 1166 2040 timor,
1187 1985 1262 2030 sed
1283 1987 1467 2030 charitas
1484 1986 1639 2031 habet:
1661 2002 1760 2047 quae
1777 1983 1862 2030 dif-

477 2056 678 2102 funditur
698 2057 742 2098 in
761 2055 965 2100 cordibus
987 2055 1258 2100 credentium
1284 2072 1361 2115 per
1386 2057 1593 2116 Spiritum
1612 2066 1810 2102 sanctum
1825 2057 1857 2100 ².

477 2127 642 2181 Quibus
664 2126 822 2171 dicitur
841 2146 849 2171 :
866 2146 886 2169 «
903 2127 1049 2171 Gratia
1072 2126 1177 2171 salvi
1200 2126 1303 2171 facti
1323 2128 1420 2171 estis
1443 2143 1519 2187 per
1540 2127 1670 2171 fidem
1689 2148 1700 2185 3
1718 2136 1761 2172 et
1779 2128 1863 2172 hoc

478 2215 500 2239 »
535 2213 625 2241 non
642 2212 691 2240 ex
709 2196 832 2241 vobis
849 2231 859 2251 ‚
885 2197 960 2241 sed
984 2197 1059 2241 Dei
1081 2198 1248 2241 donum
1271 2207 1358 2255 est3
1383 2214 1473 2243 non
1495 2214 1546 2242 ex
1562 2199 1782 2258 operibus,
1807 2213 1863 2242 ne

479 2285 501 2309 »
536 2266 648 2312 forte
678 2269 774 2327 quis
802 2267 1048 2313 extollatur.
1085 2269 1223 2328 Ipsius
1255 2269 1371 2313 enirn
1402 2285 1551 2314 sumus
1573 2270 1858 2329 figmentum,

479 2355 500 2378 »
535 2338 667 2382 creati
688 2338 733 2381 in
755 2338 927 2383 Christo
950 2341 1052 2383 Jesu
1068 2373 1078 2393 ‚
1099 2339 1145 2382 in
1166 2339 1372 2398 operibus
1395 2340 1540 2396 bonis,
1566 2355 1666 2400 quae
1688 2355 1861 2399 praepa-

478 2424 499 2448 »
534 2407 643 2451 ravit
664 2411 796 2463 Deus,
814 2417 865 2452 ut
885 2408 930 2452 in
951 2408 1033 2453 illis
1051 2408 1324 2454 ambulemus
1337 2411 1370 2453 4.
1385 2413 1515 2455 »Non
1532 2409 1755 2471 quomodo
1771 2410 1857 2466 isti,

472 2477 550 2537 qui
575 2495 596 2519 «
621 2480 671 2521 In
697 2477 792 2537 lege
814 2479 905 2538 ejus
933 2478 1170 2524 noluerunt
1201 2479 1427 2525 ambulare
1445 2516 1456 2536 ,
1482 2499 1503 2522 »
1529 2496 1619 2526 non
1638 2480 1859 2526 credendo

521 2578 532 2594 ¹
557 2572 660 2606 Hebr.
683 2583 716 2606 ιν
733 2597 741 2613 ,
760 2581 792 2605 2.
821 2590 862 2596 —
887 2580 899 2597 ²
924 2576 996 2607 Act.
1028 2586 1109 2615 vm,
1142 2586 1197 2608 21.
1223 2592 1257 2600 -
1295 2574 1309 2599 3
1332 2578 1426 2610 Rom.
1449 2587 1492 2616 v,
1514 2577 1546 2610 5.
1577 2593 1619 2600 -
1637 2575 1653 2607 4
1671 2575 1788 2620 Ephes.
1813 2587 1858 2617 u,

475 2630 572 2660 8—10.
