1926 3339
199 320 440 350 munna-no
473 325 487 349 1
520 324 565 350 nv
599 323 800 350 PsALMUM
834 324 1047 363 Lxxxvm,
1083 324 1221 353 SEmto
1254 329 1284 353 1.
1350 318 1433 356 253

18 371 23 399 ³
50 385 240 429 rectione
276 395 565 443 mortuorum.
597 389 648 430 In
676 395 889 431 aeternum
923 387 1121 433 Christus
1156 390 1354 447 regnabit
1388 392 1435 435 in

49 455 203 499 sanctis
219 456 320 501 suis.
335 459 428 501 Hoc
450 457 648 516 promisit
670 460 800 512 Deus,
824 458 908 502 hoc
925 458 1034 502 dixit
1058 462 1170 503 Deus
1193 478 1202 503 :
1223 459 1257 503 si
1279 475 1435 519 parum

49 534 132 580 est,
164 526 248 570 hoc
276 528 439 587 juravit
468 530 595 571 Deus.
623 528 731 580 Quia
767 543 869 587 ergo
894 544 983 573 non
1019 530 1261 574 secundum
1282 530 1436 574 merita

48 605 215 652 nostra,
240 597 315 641 sed
342 597 583 642 secundum
606 597 722 642 illius
742 599 1080 643 misericordiam
1099 600 1222 644 firma
1244 592 1308 644 est
1329 616 1434 661 pro-

14 713 17 732 :
47 666 189 712 missio
216 688 225 712 :
252 684 382 713 nemo
416 668 549 714 debet
585 685 683 713 cum
708 670 1000 729 trepidatione
1022 671 1282 730 praedicare,
1316 671 1435 715 unde

14 739 16 793 J
47 755 134 784 non
154 748 296 798 potest
317 739 533 784 dubitare.
560 743 592 784 F
599 749 657 784 iat
680 756 780 799 ergo
808 740 853 785 in
876 740 1080 785 cordibus
1113 743 1269 786 nostris
1301 742 1436 786 robur

46 808 179 864 illud,
205 809 322 853 unde
343 811 507 855 AEthan
531 827 689 855 nornen
708 812 888 870 accepit,
910 811 1113 856 robustus
1136 812 1266 856 corde
1285 832 1292 856 :
1320 828 1435 872 prae-

0 887 14 941 ιζ
45 880 237 925 dicemus
253 882 476 926 veritatem
502 883 604 937 Dei,
631 882 854 942 eloquium
879 882 980 936 Dei,
1002 884 1210 941 promissa
1233 884 1333 937 Dei,
1362 884 1436 943 ju-

0 950 13 960 ”
46 951 255 996 rationem
279 953 353 995 Dei
375 969 384 1001 ;
406 961 448 995 et
470 953 535 995 his
555 952 694 995 modis
724 953 841 995 omni
872 968 923 995 ex
954 962 1075 1011 parte
1098 954 1257 997 firmati
1276 954 1435 1013 praedi-

9 1022 12 1086 ᾗ
44 1038 212 1077 cemus,
239 1031 282 1066 et
299 1022 514 1082 portando
537 1025 675 1066 Deum
699 1022 797 1065 eceli
818 1022 965 1065 simus.

0 1092 12 1150 {I

102 1094 178 1136 VI.
202 1092 573 1137 «Confitebuntur
590 1092 690 1136 coeli
707 1091 920 1135 mirabilia
944 1101 1034 1147 tua,
1056 1094 1279 1137 Domine1,
1297 1112 1316 1134 »
1337 1097 1436 1138 Non

0 1153 11 1208 Ξ
44 1154 195 1207 merita
216 1178 293 1206 sua
313 1163 644 1207 confitebuntur
664 1161 764 1206 coeli
781 1198 791 1216 ‚
817 1162 892 1206 sed
920 1182 938 1204 α
965 1164 1306 1208 Confitebuntur
1333 1164 1435 1209 coeli

0 1224 10 1266 3⁴²
47 1252 67 1276 »
101 1233 314 1278 mirabilia
346 1243 443 1288 tua,
469 1234 712 1278 Domine.»
748 1237 800 1278 In
836 1235 955 1278 omni
989 1235 1105 1278 enim
1138 1235 1434 1280 misericordia

3 1430 9 1476 ι

3 1480 8 1561 l

43 1304 339 1365 perditorum,
366 1305 412 1348 in
433 1305 743 1364 justificatione
773 1305 1032 1364 impiorum,
1067 1306 1175 1366 quid
1204 1305 1435 1352 laudamus

43 1377 123 1420 nisi
154 1376 368 1420 mirabilia
402 1377 513 1420 Dei?
542 1376 711 1421 Laudas
744 1377 845 1437 quia
877 1387 1209 1421 resurrexerunt
1242 1379 1431 1423 mortui:
1466 1387 1469 1389 '

43 1445 139 1506 plus
161 1447 294 1491 lauda
319 1447 420 1507 quia
443 1446 658 1506 redempti
684 1457 787 1491 sunt
816 1447 989 1507 perditi.
1017 1450 1124 1500 Quae
1148 1449 1281 1506 gratia
1300 1484 1309 1502 ‚
1336 1465 1434 1508 quae

0 1536 6 1581 Ε
42 1517 334 1562 misericordia
357 1517 462 1561 Dei?
488 1518 619 1561 Vides
653 1518 876 1561 hominem
897 1518 992 1561 heri
1013 1520 1263 1576 voraginem
1288 1518 1433 1562 ebrio-

1 1615 5 1632 «-
41 1588 202 1643 sitatis,
239 1588 371 1632 hodie
403 1597 707 1632 ornamentum
746 1589 990 1633 sobrietatis
1017 1608 1026 1633 ε
1057 1589 1177 1632 vides
1210 1590 1434 1633 hominem

2 1668 5 1706 ἰ
41 1659 133 1703 heri
162 1675 339 1704 coenum
374 1659 584 1715 luxuriae,
626 1658 757 1703 hodie
793 1659 925 1704 decus
958 1660 1256 1719 temperantiae
1279 1681 1286 1704 :
1313 1660 1434 1704 vides

2 1735 3 1738 ’
41 1729 263 1774 hominem
295 1730 389 1774 heri
426 1729 824 1790 blasphematorem
857 1730 956 1784 Dei,
992 1729 1124 1774 hodie
1162 1729 1434 1774 laudatorem

41 1800 142 1845 Dei:
167 1800 287 1844 vides
307 1800 532 1845 hominem
559 1801 653 1844 heri
676 1816 848 1844 servum
870 1810 1080 1845 creaturae
1100 1836 1109 1854 ,
1134 1801 1266 1845 hodie
1289 1801 1434 1845 culto-

41 1885 130 1914 rem
153 1870 384 1915 Creatoris.
411 1871 480 1914 Ab
502 1871 592 1915 istis
626 1871 830 1915 omnibus
868 1870 1242 1930 desperationibus
1268 1872 1327 1915 ita
1350 1872 1434 1915 lio-

41 1942 176 1986 mines
197 1952 515 1987 convertuntur
535 1962 544 1987 :
570 1959 659 1987 non
688 1943 919 2002 respiciant
942 1943 997 1986 ad
1016 1943 1168 1986 merita
1197 1958 1272 1986 sua
1291 1978 1300 1996 ‚
1328 1943 1436 1986 fiant

0 2032 1 2058 ᾗ
40 2012 141 2057 coeli
168 2032 176 2057 :
207 2014 501 2057 confiteantur
524 2011 627 2057 coeli
642 2013 863 2069 „mirabilia
886 2014 977 2072 ejus
994 2048 1004 2067 ,
1031 2029 1054 2056 a
1077 2028 1166 2072 quo
1197 2012 1299 2056 facti
1332 2021 1435 2056 sunt

41 2083 156 2127 coeli.
186 2102 203 2126 «
227 2084 444 2137 Quoniam
467 2083 625 2128 videbo
643 2119 653 2139 ,
679 2084 848 2143 inquit,
876 2083 1011 2127 coelos
1034 2099 1166 2143 opera
1196 2083 1432 2140 digitorum

43 2173 63 2196 »
104 2164 282 2199 tuorum
299 2158 330 2197 ².
353 2155 693 2199 Con'fitebuntur
714 2154 816 2198 coeli
840 2154 1050 2198 mirabilia
1073 2164 1168 2208 tua,
1193 2155 1428 2198 Domine.»

41 2228 98 2270 Et
126 2235 176 2269 ut
196 2226 426 2283 noveritis,
452 2226 529 2286 qui
550 2226 651 2270 coeli
679 2226 1008 2270 confitebuntur
1028 2261 1038 2280 ‚
1063 2225 1208 2269 videte
1232 2225 1308 2268 ubi
1332 2240 1431 2269 con-

40 2298 244 2342 fiteantur
263 2317 272 2341 z
291 2298 493 2358 sequitur·
511 2298 626 2341 enim
646 2318 654 2342 :
672 2300 762 2342 «Et
781 2298 1007 2346 veritatem
1031 2306 1150 2341 tuam
1172 2297 1217 2339 in
1241 2296 1432 2340 Ecclesia

44 2387 63 2410 n
97 2378 362 2413 sanctorum.
387 2388 407 2410 ))
436 2372 497 2412 De
520 2368 642 2413 coelis
672 2385 774 2427 ergo
807 2368 929 2412 nulla
957 2368 1176 2413 dubitatio
1206 2376 1290 2421 est,
1317 2383 1430 2426 quo-

41 2440 156 2483 niam
196 2439 498 2498 intelligantur
530 2439 833 2499 praedicatores
867 2439 991 2483 verbi
1023 2437 1229 2482 veritatis.
1266 2441 1322 2481 Et
1357 2437 1432 2481 ubi

41 2510 369 2554 confitebuntur
387 2510 487 2554 coeli
513 2509 723 2553 mirabilia
747 2519 820 2553 tua
841 2519 883 2553 et
905 2511 1132 2553 veritatem
1158 2509 1301 2552 tuam?
1331 2527 1350 2549 «
1379 2510 1430 2550 In

45 2598 64 2622 »
98 2579 288 2625 Ecclesia
316 2592 580 2625 sanctorum.
623 2598 642 2621 »
674 2581 872 2641 Excipiat
899 2579 1092 2625 Ecclesia
1123 2594 1265 2623 rorem
1291 2577 1429 2622 coelo-

90 2672 97 2688 ¹
120 2666 198 2697 psal.
220 2676 367 2707 Lxxzvnu
387 2666 418 2698 G.
438 2684 478 2688 --
497 2673 509 2688 2
530 2666 575 2698 ld.
599 2676 664 2706 vm,
683 2664 714 2707 4.
