1926 3339
385 284 626 314 ENARRA‘rro
658 288 705 315 m
736 284 940 315 PsALMUM
971 288 1138 314 Lxxvu.
1392 280 1446 317 25

58 361 325 412 potuerunt3
369 368 469 397 cum
503 362 546 397 et
576 353 649 397 illa
677 362 823 397 vetera
858 361 1123 396 sacramenta
1161 353 1447 411 significantia

58 418 222 466 fuerint
237 421 500 466 futurorum.
518 426 587 466 An
601 422 679 467 soli
692 423 923 482 Prophetae
936 422 1160 467 habebant
1170 423 1281 467 hanc
1295 423 1444 478 fidem,

56 508 146 537 non
178 502 221 536 et
253 493 471 552 populus?
492 495 692 537 Imovero
730 494 858 536 etiam
893 493 967 553 qui
990 493 1226 552 Prophetas
1260 492 1448 536 fideliter

57 563 292 606 audiebant
309 599 319 617 ,
355 564 506 607 eadem
530 563 854 624 adjuvabantur
876 563 1008 621 gratia
1027 599 1037 617 ‚
1073 572 1123 606 ut
1153 562 1448 621 intelligerent

56 633 177 694 quod
199 634 451 678 audiebant.
473 635 556 679 Sed
578 635 730 695 utique
748 644 1065 679 sacramentum
1089 635 1207 692 regni
1231 633 1446 678 eoelorum

55 704 286 749 velabatur
301 706 347 748 in
366 705 512 749 Veteri
529 708 825 760 Testamento,
851 705 972 761 quod
990 705 1262 764 plenitudine
1283 714 1446 763 tempo-

54 777 113 820 ris
135 775 400 820 revelaretur
422 777 467 819 in
489 779 627 821 Novo.
653 796 672 819 «
695 776 806 821 Nolo
828 776 943 819 enirn
965 791 1064 830 vos,
1101 776 1160 819 ait
1187 775 1442 834 Apostolus,

60 865 81 888 >›
117 847 333 905 ignorare,
351 846 518 902 fratres,
539 851 642 908 quia
652 857 795 907 patres
807 848 941 891 nostri
960 862 1108 890 onmes
1121 846 1202 889 sub
1218 847 1337 890 nube
1350 845 1447 890 fue-

62 937 81 959 »
116 926 242 972 runt,
284 927 326 961 et
352 933 500 962 omnes
527 934 605 978 per
640 933 759 962 mare
794 918 1086 972 transierunt,
1117 927 1160 961 et
1181 932 1331 962 omnes
1370 933 1448 977 per

58 1005 80 1029 »
114 991 298 1045 Moysen
326 988 533 1048 baptizati
562 998 664 1033 sunt
696 989 742 1032 in
768 988 886 1032 nube
908 998 951 1032 et
979 988 1024 1031 in
1061 987 1196 1043 mari,
1228 997 1271 1032 et
1299 1003 1448 1032 omnes

57 1074 79 1099 »
115 1058 317 1102 eumdem
352 1059 500 1103 cibum
529 1059 763 1119 spiritalem
792 1057 1192 1114 manducaverunt,
1223 1067 1267 1102 et
1297 1073 1447 1103 omnes

56 1146 78 1170 »
113 1127 316 1172 eumdem
343 1139 496 1188 potum
515 1129 750 1189 spiritalem
776 1129 998 1173 biberunt.
1022 1129 1241 1173 Bibebant
1258 1129 1374 1173 enim
1393 1128 1448 1173 de

55 1216 78 1240 »
112 1199 293 1259 spiritali
322 1210 617 1260 consequente
633 1216 706 1245 eos
724 1210 863 1260 petra,
886 1209 1008 1259 petra
1026 1208 1172 1243 autem
1195 1209 1286 1243 erat
1301 1200 1449 1244 Chris-

58 1289 77 1311 »
111 1278 197 1314 tus.
233 1288 253 1311 »
280 1269 403 1314 Idem
426 1271 575 1331 itaque
596 1271 643 1314 in
671 1270 879 1328 mysterio
902 1270 1025 1314 cibus
1055 1279 1098 1313 et
1118 1279 1247 1329 potus
1270 1269 1448 1314 illorum

57 1341 134 1399 qui
167 1349 334 1396 noster,
375 1342 449 1386 sed
486 1341 800 1399 significatione
832 1341 976 1395 idem,
1014 1356 1103 1384 non
1142 1340 1282 1399 specie
1311 1361 1319 1385 :
1346 1341 1448 1400 quia

52 1410 169 1454 idem
200 1412 292 1470 ipse
309 1413 507 1457 Christus
523 1412 606 1455 illis
627 1413 674 1455 in
695 1421 818 1471 petra
840 1413 1074 1470 figuratus,
1106 1412 1232 1455 nobis
1253 1413 1299 1454 in
1319 1427 1448 1455 carne

52 1480 369 1526 manifestatus.
404 1501 424 1524 «
452 1480 536 1527 Sed
565 1497 677 1537 non,
711 1482 877 1542 inquit,
910 1482 953 1525 in
978 1482 1183 1527 omnibus
1206 1481 1289 1525 illis
1310 1482 1447 1525 bene-

56 1571 77 1595 »
111 1552 320 1613 placitum
339 1563 403 1598 est
426 1556 558 1598 Deo¹.
579 1555 740 1598 Omnes
755 1553 933 1614 quidem
956 1553 1164 1598 eumdem
1185 1554 1334 1598 cibum
1361 1554 1449 1612 spi—

56 1642 76 1665 »
111 1623 281 1668 ritalem
302 1624 704 1679 manducaverunt,
738 1634 781 1668 et
803 1624 1007 1668 eumdem
1029 1634 1185 1684 potum
1211 1623 1447 1684 spiritalem

55 1712 76 1736 »
112 1694 335 1750 biberunt,
358 1694 404 1738 id
421 1705 500 1750 est,
519 1695 712 1755 spiritale
729 1694 896 1756 aliquid
914 1696 1231 1755 significantem
1245 1714 1254 1740 z
1268 1695 1343 1738 sed
1359 1709 1449 1738 non

57 1784 77 1807 »
111 1765 158 1809 in
179 1765 384 1810 omnibus
417 1765 502 1809 illis
533 1765 858 1825 beneplacitum
888 1775 953 1809 est
987 1769 1092 1810 Deo.
1123 1784 1143 1806 »
1170 1767 1282 1810 Cum
1313 1764 1444 1819 dicit,

57 1856 78 1879 «
111 1840 210 1881 Non
231 1838 276 1881 in
296 1837 500 1881 omnibus
513 1873 523 1892 ,
545 1856 564 1879 »
583 1846 707 1881 erant
724 1852 826 1895 ergo
842 1837 904 1880 ibi
919 1837 1054 1897 aliqui
1074 1838 1122 1880 in
1139 1837 1299 1897 quibus
1320 1837 1450 1880 bene-

53 1907 263 1967 placitum
285 1917 350 1952 est
371 1912 459 1952 Deo
478 1930 488 1965 3
514 1917 557 1952 et
578 1924 680 1952 cum
702 1918 843 1952 essent
865 1909 1010 1952 omnia
1035 1909 1284 1952 communia
1308 1923 1448 1952 sacra-

51 1988 219 2035 menta,
252 1995 343 2024 non
375 1981 620 2024 communis
650 1989 741 2023 erat
762 1979 966 2024 omnibus
995 1980 1152 2038 gratia,
1180 1996 1279 2040 quae
1302 1995 1448 2023 sacra-

53 2059 302 2094 mentorum
321 2050 458 2094 virtus
473 2059 551 2093 est.
578 2050 699 2094 Sicut
716 2059 757 2094 et
779 2066 897 2094 nunc
909 2052 999 2109 jam
1016 2050 1203 2093 revelata
1220 2049 1306 2093 fide
1320 2085 1331 2104 ,
1349 2066 1449 2109 quae

55 2130 159 2164 tunc
175 2120 403 2165 velabatur
417 2122 620 2165 omnibus
632 2121 863 2164 innomine
880 2121 1016 2164 Patris
1031 2130 1073 2164 ct
1088 2120 1186 2164 Filii
1200 2129 1242 2163 et
1263 2120 1447 2179 Spiritus

54 2193 191 2236 sancti
211 2193 439 2252 baptizatis
453 2196 485 2246 2,
512 2207 743 2236 commune
759 2201 822 2235 est
843 2191 1064 2236 lavacrum
1080 2191 1420 2250 regenerationis
1437 2212 1447 2248 3

55 2262 130 2307 sed
157 2264 249 2322 ipsa
283 2264 418 2322 gratia
441 2265 564 2323 cujus
582 2264 672 2323 ipsa
695 2272 796 2308 sunt
819 2272 1109 2318 sacramenta,
1136 2279 1222 2323 qua
1251 2263 1449 2306 membra

54 2334 245 2393 corporis
277 2334 437 2379 Christi
469 2349 571 2378 cum
605 2349 684 2378 suo
719 2334 860 2393 capite
893 2342 1145 2392 regenerata
1188 2342 1318 2388 sunt,
1359 2348 1449 2377 non

54 2405 296 2449 communis
318 2414 382 2450 est
401 2406 621 2450 omnibus.
642 2408 751 2450 Nam
770 2415 813 2449 et
838 2405 1032 2449 haeretici
1054 2405 1222 2448 habent
1243 2403 1448 2448 eumdem

54 2477 343 2536 baptismum,
376 2486 419 2520 et
440 2476 534 2520 falsi
559 2475 712 2520 fratres
734 2477 780 2520 in
805 2476 1118 2521 communione
1140 2475 1343 2520 catholici
1366 2491 1448 2520 no-

104 2591 112 2608 ¹
138 2597 147 2616 1
171 2586 243 2617 Cor.
265 2596 295 2625 x,
319 2584 383 2616 1-5.
407 2602 448 2606 -
469 2592 481 2606 ²
501 2584 614 2616 Marth.
643 2595 754 2623 xxvui,
779 2595 828 2625 19.
