1926 3339
422 255 662 284 muniano
694 259 739 284 m
772 257 976 285 PsALMoM
1009 260 1092 285 xcx.
1350 251 1428 290 351

46 321 101 364 ad
119 320 360 366 sinistram:
389 339 409 363 «
446 325 511 366 Ite
539 322 585 366 in
609 323 755 381 ignem
785 331 1026 378 aeternum,
1056 325 1132 383 qui
1160 334 1333 383 paratus
1364 336 1427 372 est

45 408 66 432 n
100 390 276 436 diabolo
297 401 341 438 et
362 391 521 450 angelis
543 394 635 452 ejus
651 394 682 437 ¹.
712 410 733 434 ³»
760 395 858 438 Non
890 402 933 437 te
953 409 1057 453 ergo
1081 393 1161 438 ista
1192 406 1396 441 moveant
1421 416 1430 442 ε

40 460 300 521 tranquillus
322 471 435 517 esto,
459 461 702 518 sabbatiza,
727 472 771 508 et
793 464 1018 507 annuntia.
1046 483 1067 506 «
1092 464 1311 517 Quoniam
1340 480 1437 510 rec-

45 547 66 574 »
100 540 170 576 tus
187 531 397 577 Dominus
417 535 534 577 Deus
547 568 558 589 ,
583 542 627 577 et
643 547 734 578 non
751 542 815 578 est
833 533 1038 594 iniquitas
1061 533 1108 578 in
1125 550 1194 579 eo.
1224 553 1245 577 n

613 710 1176 730 mmmm-mmm
1182 711 1436 732 mmw

550 846 936 896 ENARRATIO

443 1008 503 1046 IN
550 1008 853 1049 PSALMUM
902 1008 1049 1049 xc11.

515 1165 665 1208 Sermo
687 1162 743 1207 ad
769 1162 960 1223 plebem.

100 1298 133 1339 I.
157 1299 318 1341 PsALm
333 1297 462 1357 hujus
484 1298 664 1342 titulum
680 1334 691 1353 ,
717 1314 818 1343 cum
839 1298 1201 1358 pronuntiaretur
1217 1334 1227 1353 ‚
1253 1296 1434 1342 audivi-

39 1380 135 1410 mus
163 1385 172 1411 :
197 1375 239 1410 et
261 1367 369 1427 quid
391 1368 472 1411 sibi
494 1367 613 1423 velit,
635 1369 690 1412 de
710 1370 930 1429 Scriptura
948 1370 1040 1424 Dei,
1056 1369 1141 1413 hoc
1156 1377 1236 1423 est,
1253 1383 1304 1412 ex
1318 1368 1434 1413 libro

39 1436 239 1492 Genesis,
265 1453 355 1482 non
376 1447 439 1481 est
460 1437 637 1483 difficile
659 1455 934 1498 cognoscere.
958 1442 1009 1483 In
1032 1438 1160 1483 titulo
1191 1438 1309 1482 enim
1329 1447 1455 1482 tan-⁷

38 1523 174 1567 quam
190 1506 476 1552 admonemur
492 1509 536 1552 in
548 1508 698 1552 limine
710 1510 817 1569 quid
830 1510 946 1554 intus
961 1525 1223 1570 quaeramus.
1243 1509 1437 1568 Inscrip-

37 1585 107 1622 tus
122 1592 223 1636 ergo
237 1587 300 1622 est
311 1578 370 1622 ita
386 1598 394 1624 ;
416 1599 436 1621 «
455 1582 566 1623 Laus
580 1580 737 1624 cantici
754 1580 833 1640 ipsi
848 1581 984 1624 David
998 1615 1008 1634 ‚
1024 1580 1070 1623 in
1085 1579 1199 1623 diem
1216 1588 1316 1623 ante
1334 1579 1411 1623 sab
1422 1605 1441 1614 ·

40 1666 61 1690 »
97 1649 266 1704 batum,
281 1649 459 1709 quando
475 1648 657 1694 fundata
672 1659 736 1695 est
752 1659 909 1696 terra.»
928 1650 1225 1696 Recordantes
1241 1665 1347 1709 ergo
1358 1665 1438 1709 per

39 1734 187 1763 omnes
210 1719 301 1764 dies
323 1720 431 1779 quid
451 1719 604 1764 fecerit
616 1725 752 1776 Deus,
773 1720 951 1781 quando
970 1721 1135 1765 creavit
1153 1729 1196 1764 et
1218 1720 1437 1764 ordinavit

38 1791 238 1836 universa
263 1807 286 1835 a
305 1792 446 1850 primo
467 1791 538 1836 die
559 1808 699 1853 usque
722 1792 777 1837 ad
797 1802 966 1837 sextum
988 1791 1106 1836 diem
1128 1811 1137 1836 ε
1168 1793 1184 1849 (
1203 1791 1438 1850 septimum

41 1861 156 1905 enim
173 1862 457 1906 sanctificavit
474 1897 484 1917 ‚
505 1862 608 1923 quia
625 1864 671 1906 in
683 1862 758 1907 isso
777 1863 991 1924 requievit
1008 1872 1104 1922 post
1124 1862 1269 1906 omnia
1289 1877 1437 1921 opera,

38 1949 138 1994 quae
160 1932 263 1979 fecit
283 1934 399 1979 bona
416 1933 543 1979 valde
570 1955 579 1979 ι
604 1937 620 1993 )
648 1944 690 1979 et
718 1936 964 1979 invenimus
988 1950 1089 1979 eum
1116 1943 1240 1978 sexto
1266 1932 1336 1977 die
1373 1932 1441 1976 fe-

40 2004 172 2062 cisse,
197 2004 298 2065 (qui
330 2004 419 2048 dies
452 2005 523 2049 hic
557 2015 924 2050 commemoratur
945 2040 955 2060 ‚
993 2005 1094 2064 quia
1117 2004 1248 2057 dicit,
1279 2023 1299 2045 «
1324 2006 1439 2047 Ante

41 2091 62 2115 »
97 2074 385 2133 sabbatum‚)
418 2075 564 2119 omnia
586 2074 789 2120 animalia
818 2076 863 2119 in
890 2084 1019 2119 terra.
1051 2073 1219 2119 Deinde
1250 2074 1344 2133 ipso
1368 2072 1437 2116 die

37 2143 141 2188 fecit
160 2145 385 2189 hominem
412 2144 466 2189 ad
487 2146 722 2205 imaginem
747 2155 791 2190 et
812 2144 1143 2190 similitudinem
1173 2159 1311 2188 suam.
1338 2146 1436 2188 Non

39 2224 185 2260 autem
200 2215 292 2260 sine
315 2232 442 2260 causa
473 2215 537 2260 issi
567 2216 659 2261 dies
696 2217 756 2261 sic
784 2225 887 2261 sunt
920 2216 1137 2271 ordinati,
1164 2215 1246 2259 nisi
1269 2215 1370 2275 quia
1396 2222 1439 2258 et

38 2285 196 2330 saecula
219 2286 279 2331 sic
301 2302 479 2331 cursura
501 2297 648 2342 erant,
668 2296 902 2348 antequam
924 2287 1244 2347 requiescamus
1267 2286 1314 2328 in
1328 2288 1434 2329 Deo.

42 2359 164 2401 Tunc
186 2367 332 2401 autem
350 2357 658 2418 requiescimus
674 2393 684 2413 ‚
710 2359 744 2401 si
761 2356 943 2402 facimus
958 2372 1089 2417 opera
1110 2357 1241 2400 bona.
1264 2356 1333 2400 Ad
1351 2356 1434 2399 hoc

41 2427 287 2488 exemplum
308 2429 518 2488 scriptum
534 2436 597 2472 est
614 2427 668 2472 de
686 2430 790 2472 Deo.
822 2446 842 2470 «
868 2427 1101 2487 Requievit
1123 2429 1237 2470 Deus
1255 2425 1441 2485 septimo

43 2515 65 2540 η
98 2498 192 2554 die,
219 2517 240 2540 »
265 2513 368 2543 cum
384 2497 554 2543 fecisset
566 2498 712 2543 omnia
729 2513 861 2558 opera
873 2498 989 2542 bona
1000 2496 1129 2543 valde
1143 2500 1176 2540 ².
1194 2499 1294 2542 Non
1318 2496 1436 2539 enim

96 2604 105 2620 ¹
122 2596 240 2630 Matth.
260 2608 335 2639 xxv,
356 2597 411 2639 41.
433 2614 475 2621 —
493 2604 506 2620 ²
528 2599 608 2631 Gen.
629 2608 667 2639 11,
684 2605 716 2629 2.
