<?xml version="1.0" encoding="UTF-8"?>
<!DOCTYPE html PUBLIC "-//W3C//DTD XHTML 1.0 Transitional//EN"
    "http://www.w3.org/TR/xhtml1/DTD/xhtml1-transitional.dtd">
<html xmlns="http://www.w3.org/1999/xhtml" xml:lang="en" lang="en">
 <head>
  <title>
</title>
<meta http-equiv="Content-Type" content="text/html;charset=utf-8" />
  <meta name='ocr-system' content='tesseract 3.04.00' />
  <meta name='ocr-capabilities' content='ocr_page ocr_carea ocr_par ocr_line ocrx_word'/>
</head>
<body>
  <div class='ocr_page' id='page_1' title='image "./operaomniaaccura10auguuoft_0603.png"; bbox 0 0 1926 3339; ppageno 0'>
   <div class='ocr_carea' id='block_1_1' title="bbox 381 265 1449 305">
    <p class='ocr_par' dir='ltr' id='par_1_1' title="bbox 381 265 1449 305">
     <span class='ocr_line' id='line_1_1' title="bbox 381 265 1449 305; baseline 0.004 -4"><span class='ocrx_word' id='word_1_1' title='bbox 381 272 624 303; x_wconf 70' lang='lat' dir='ltr'>ENARRATio</span> <span class='ocrx_word' id='word_1_2' title='bbox 657 277 699 301; x_wconf 68' lang='lat' dir='ltr'>nv</span> <span class='ocrx_word' id='word_1_3' title='bbox 734 272 937 302; x_wconf 79' lang='lat' dir='ltr'>PSALMUM</span> <span class='ocrx_word' id='word_1_4' title='bbox 969 274 1113 302; x_wconf 77' lang='lat' dir='ltr'>xcviii.</span> <span class='ocrx_word' id='word_1_5' title='bbox 1367 265 1449 305; x_wconf 81' lang='lat'>493</span> 
     </span>
    </p>
   </div>
   <div class='ocr_carea' id='block_1_2' title="bbox 66 337 1471 2571">
    <p class='ocr_par' dir='ltr' id='par_1_2' title="bbox 66 337 1471 2571">
     <span class='ocr_line' id='line_1_2' title="bbox 71 337 1452 398; baseline 0.001 -15"><span class='ocrx_word' id='word_1_6' title='bbox 71 338 313 398; x_wconf 82' lang='lat' dir='ltr'>Scripturas</span> <span class='ocrx_word' id='word_1_7' title='bbox 340 338 528 383; x_wconf 79' lang='lat' dir='ltr'>libenter</span> <span class='ocrx_word' id='word_1_8' title='bbox 555 339 741 383; x_wconf 88' lang='lat' dir='ltr'>audiunt</span> <span class='ocrx_word' id='word_1_9' title='bbox 770 338 815 381; x_wconf 88' lang='lat' dir='ltr'>in</span> <span class='ocrx_word' id='word_1_10' title='bbox 838 338 1054 393; x_wconf 74' lang='lat' dir='ltr'><strong>Ecclesia,</strong></span> <span class='ocrx_word' id='word_1_11' title='bbox 1079 337 1148 382; x_wconf 86' lang='lat' dir='ltr'>vel</span> <span class='ocrx_word' id='word_1_12' title='bbox 1179 340 1293 398; x_wconf 88' lang='lat' dir='ltr'>apud</span> <span class='ocrx_word' id='word_1_13' title='bbox 1322 355 1364 384; x_wconf 92' lang='lat' dir='ltr'>se</span> <span class='ocrx_word' id='word_1_14' title='bbox 1386 341 1452 384; x_wconf 87' lang='lat' dir='ltr'>le-</span> 
     </span>
     <span class='ocr_line' id='line_1_3' title="bbox 69 407 1453 468; baseline 0.001 -16"><span class='ocrx_word' id='word_1_15' title='bbox 69 417 203 466; x_wconf 79' lang='lat' dir='ltr'>gunt,</span> <span class='ocrx_word' id='word_1_16' title='bbox 233 407 303 452; x_wconf 85' lang='lat' dir='ltr'>vel</span> <span class='ocrx_word' id='word_1_17' title='bbox 333 424 512 468; x_wconf 86' lang='lat' dir='ltr'>quoquo</span> <span class='ocrx_word' id='word_1_18' title='bbox 539 407 671 452; x_wconf 92' lang='lat' dir='ltr'>modo</span> <span class='ocrx_word' id='word_1_19' title='bbox 702 407 965 451; x_wconf 89' lang='lat' dir='ltr'>didicerunt.</span> <span class='ocrx_word' id='word_1_20' title='bbox 991 411 1137 451; x_wconf 84' lang='lat' dir='ltr'>Aaron</span> <span class='ocrx_word' id='word_1_21' title='bbox 1167 407 1299 451; x_wconf 87' lang='lat' dir='ltr'>frater</span> <span class='ocrx_word' id='word_1_22' title='bbox 1320 409 1453 467; x_wconf 84' lang='lat' dir='ltr'>ipsius</span> 
     </span>
     <span class='ocr_line' id='line_1_4' title="bbox 66 476 1454 539; baseline -0.001 -17"><span class='ocrx_word' id='word_1_23' title='bbox 66 476 174 534; x_wconf 81' lang='lat' dir='ltr'>fuit,</span> <span class='ocrx_word' id='word_1_24' title='bbox 210 494 340 539; x_wconf 90' lang='lat' dir='ltr'>quem</span> <span class='ocrx_word' id='word_1_25' title='bbox 372 478 589 522; x_wconf 88' lang='lat' dir='ltr'>ordinavit</span> <span class='ocrx_word' id='word_1_26' title='bbox 619 478 748 521; x_wconf 90' lang='lat' dir='ltr'>etiam</span> <span class='ocrx_word' id='word_1_27' title='bbox 785 476 1067 522; x_wconf 82' lang='lat' dir='ltr'>sacerdotem.</span> <span class='ocrx_word' id='word_1_28' title='bbox 1104 480 1161 521; x_wconf 92' lang='lat' dir='ltr'>Et</span> <span class='ocrx_word' id='word_1_29' title='bbox 1185 477 1245 520; x_wconf 86' lang='lat' dir='ltr'>ibi</span> <span class='ocrx_word' id='word_1_30' title='bbox 1277 479 1454 537; x_wconf 91' lang='lat' dir='ltr'>quidem</span> 
     </span>
     <span class='ocr_line' id='line_1_5' title="bbox 66 547 1456 606; baseline -0.001 -14"><span class='ocrx_word' id='word_1_31' title='bbox 66 564 156 593; x_wconf 89' lang='lat' dir='ltr'>non</span> <span class='ocrx_word' id='word_1_32' title='bbox 182 549 355 592; x_wconf 89' lang='lat' dir='ltr'>videtur</span> <span class='ocrx_word' id='word_1_33' title='bbox 385 547 584 592; x_wconf 80' lang='lat' dir='ltr'>sacerdos</span> <span class='ocrx_word' id='word_1_34' title='bbox 617 563 727 602; x_wconf 88' lang='lat' dir='ltr'>esse,</span> <span class='ocrx_word' id='word_1_35' title='bbox 763 548 842 591; x_wconf 86' lang='lat' dir='ltr'>nisi</span> <span class='ocrx_word' id='word_1_36' title='bbox 876 551 1037 592; x_wconf 82' lang='lat' dir='ltr'>Aaron.</span> <span class='ocrx_word' id='word_1_37' title='bbox 1069 550 1229 606; x_wconf 84' lang='lat' dir='ltr'>Aperte</span> <span class='ocrx_word' id='word_1_38' title='bbox 1261 548 1376 591; x_wconf 90' lang='lat' dir='ltr'>enim</span> <span class='ocrx_word' id='word_1_39' title='bbox 1409 548 1456 590; x_wconf 90' lang='lat' dir='ltr'>in</span> 
     </span>
     <span class='ocr_line' id='line_1_6' title="bbox 67 616 1456 675; baseline -0.001 -13"><span class='ocrx_word' id='word_1_40' title='bbox 67 618 150 662; x_wconf 91' lang='lat' dir='ltr'>illis</span> <span class='ocrx_word' id='word_1_41' title='bbox 169 618 340 662; x_wconf 87' lang='lat' dir='ltr'>Litteris</span> <span class='ocrx_word' id='word_1_42' title='bbox 357 621 418 663; x_wconf 89' lang='lat' dir='ltr'>Aa</span> <span class='ocrx_word' id='word_1_43' title='bbox 426 634 504 662; x_wconf 92' lang='lat' dir='ltr'>ron</span> <span class='ocrx_word' id='word_1_44' title='bbox 518 619 768 663; x_wconf 90' lang='lat' dir='ltr'>nominatur</span> <span class='ocrx_word' id='word_1_45' title='bbox 783 618 980 662; x_wconf 83' lang='lat' dir='ltr'>sacerdos</span> <span class='ocrx_word' id='word_1_46' title='bbox 996 617 1089 661; x_wconf 91' lang='lat' dir='ltr'>Dei1</span> <span class='ocrx_word' id='word_1_47' title='bbox 1108 636 1116 661; x_wconf 87' lang='grc'>;</span> <span class='ocrx_word' id='word_1_48' title='bbox 1134 616 1188 661; x_wconf 90' lang='lat' dir='ltr'>de</span> <span class='ocrx_word' id='word_1_49' title='bbox 1205 620 1353 675; x_wconf 87' lang='lat' dir='ltr'>Moyse</span> <span class='ocrx_word' id='word_1_50' title='bbox 1367 633 1456 661; x_wconf 92' lang='lat' dir='ltr'>non</span> 
     </span>
     <span class='ocr_line' id='line_1_7' title="bbox 66 687 1457 750; baseline -0.001 -16"><span class='ocrx_word' id='word_1_51' title='bbox 66 690 128 734; x_wconf 90' lang='lat' dir='ltr'>ibi</span> <span class='ocrx_word' id='word_1_52' title='bbox 151 689 311 734; x_wconf 87' lang='lat' dir='ltr'>dicitur</span> <span class='ocrx_word' id='word_1_53' title='bbox 332 689 452 750; x_wconf 91' lang='lat' dir='ltr'>quod</span> <span class='ocrx_word' id='word_1_54' title='bbox 473 689 669 734; x_wconf 79' lang='lat' dir='ltr'>sacerdos</span> <span class='ocrx_word' id='word_1_55' title='bbox 692 699 796 734; x_wconf 87' lang='lat' dir='ltr'>erat.</span> <span class='ocrx_word' id='word_1_56' title='bbox 825 689 908 734; x_wconf 90' lang='lat' dir='ltr'>Sed</span> <span class='ocrx_word' id='word_1_57' title='bbox 929 690 963 733; x_wconf 86' lang='lat' dir='ltr'>si</span> <span class='ocrx_word' id='word_1_58' title='bbox 984 690 1068 733; x_wconf 85' lang='lat' dir='ltr'>hoc</span> <span class='ocrx_word' id='word_1_59' title='bbox 1090 704 1179 732; x_wconf 92' lang='lat' dir='ltr'>non</span> <span class='ocrx_word' id='word_1_60' title='bbox 1209 698 1322 743; x_wconf 85' lang='lat' dir='ltr'>erat,</span> <span class='ocrx_word' id='word_1_61' title='bbox 1349 687 1457 748; x_wconf 89' lang='lat' dir='ltr'>quid</span> 
     </span>
     <span class='ocr_line' id='line_1_8' title="bbox 67 758 1458 821; baseline -0.002 -17"><span class='ocrx_word' id='word_1_62' title='bbox 67 762 189 805; x_wconf 79' lang='lat' dir='ltr'>erat?</span> <span class='ocrx_word' id='word_1_63' title='bbox 217 759 436 821; x_wconf 86' lang='lat' dir='ltr'>numquid</span> <span class='ocrx_word' id='word_1_64' title='bbox 468 763 606 821; x_wconf 87' lang='lat' dir='ltr'>major</span> <span class='ocrx_word' id='word_1_65' title='bbox 639 761 861 805; x_wconf 81' lang='lat' dir='ltr'>sacerdote</span> <span class='ocrx_word' id='word_1_66' title='bbox 893 775 982 804; x_wconf 86' lang='lat' dir='ltr'>esse</span> <span class='ocrx_word' id='word_1_67' title='bbox 1010 761 1213 818; x_wconf 79' lang='lat' dir='ltr'>poterat?</span> <span class='ocrx_word' id='word_1_68' title='bbox 1242 758 1458 818; x_wconf 80' lang='lat' dir='ltr'>Exprimit</span> 
     </span>
     <span class='ocr_line' id='line_1_9' title="bbox 68 831 1460 891; baseline -0.002 -15"><span class='ocrx_word' id='word_1_69' title='bbox 68 831 263 876; x_wconf 89' lang='lat' dir='ltr'>Psalmus</span> <span class='ocrx_word' id='word_1_70' title='bbox 295 831 399 886; x_wconf 87' lang='lat' dir='ltr'>iste,</span> <span class='ocrx_word' id='word_1_71' title='bbox 437 832 538 891; x_wconf 87' lang='lat' dir='ltr'>quia</span> <span class='ocrx_word' id='word_1_72' title='bbox 574 841 617 876; x_wconf 86' lang='lat' dir='ltr'>et</span> <span class='ocrx_word' id='word_1_73' title='bbox 648 832 737 891; x_wconf 87' lang='lat' dir='ltr'>ipse</span> <span class='ocrx_word' id='word_1_74' title='bbox 770 831 968 876; x_wconf 84' lang='lat' dir='ltr'>sacerdos</span> <span class='ocrx_word' id='word_1_75' title='bbox 1002 840 1122 874; x_wconf 88' lang='lat' dir='ltr'>erat:</span> <span class='ocrx_word' id='word_1_76' title='bbox 1162 849 1182 872; x_wconf 89' lang='lat'>«</span> <span class='ocrx_word' id='word_1_77' title='bbox 1216 832 1384 884; x_wconf 75' lang='lat' dir='ltr'>Moyses</span> <span class='ocrx_word' id='word_1_78' title='bbox 1415 838 1460 873; x_wconf 87' lang='lat' dir='ltr'>ct</span> 
     </span>
     <span class='ocr_line' id='line_1_10' title="bbox 70 898 1459 961; baseline -0.001 -18"><span class='ocrx_word' id='word_1_79' title='bbox 70 920 90 943; x_wconf 88' lang='lat'>»</span> <span class='ocrx_word' id='word_1_80' title='bbox 125 904 270 946; x_wconf 84' lang='lat' dir='ltr'>Aaron</span> <span class='ocrx_word' id='word_1_81' title='bbox 298 901 344 945; x_wconf 88' lang='lat' dir='ltr'>in</span> <span class='ocrx_word' id='word_1_82' title='bbox 375 902 672 946; x_wconf 85' lang='lat' dir='ltr'>sacerdotibus</span> <span class='ocrx_word' id='word_1_83' title='bbox 696 903 801 961; x_wconf 89' lang='lat' dir='ltr'>ejus.</span> <span class='ocrx_word' id='word_1_84' title='bbox 842 920 861 942; x_wconf 86' lang='lat'>»</span> <span class='ocrx_word' id='word_1_85' title='bbox 897 904 1013 959; x_wconf 78' lang='lat' dir='ltr'>Ergo</span> <span class='ocrx_word' id='word_1_86' title='bbox 1048 909 1171 944; x_wconf 88' lang='lat' dir='ltr'>erant</span> <span class='ocrx_word' id='word_1_87' title='bbox 1200 899 1262 942; x_wconf 91' lang='lat' dir='ltr'>illi</span> <span class='ocrx_word' id='word_1_88' title='bbox 1286 898 1459 943; x_wconf 87' lang='lat' dir='ltr'>Domini</span> 
     </span>
     <span class='ocr_line' id='line_1_11' title="bbox 66 969 1456 1031; baseline -0.002 -15"><span class='ocrx_word' id='word_1_89' title='bbox 66 971 323 1026; x_wconf 86' lang='lat' dir='ltr'>sacerdotes,</span> <span class='ocrx_word' id='word_1_90' title='bbox 345 974 393 1016; x_wconf 91' lang='lat' dir='ltr'>Sa</span> <span class='ocrx_word' id='word_1_91' title='bbox 402 972 518 1015; x_wconf 75' lang='lat' dir='ltr'>muel</span> <span class='ocrx_word' id='word_1_92' title='bbox 537 981 684 1030; x_wconf 87' lang='lat' dir='ltr'>postea</span> <span class='ocrx_word' id='word_1_93' title='bbox 697 973 786 1031; x_wconf 85' lang='lat' dir='ltr'>jam</span> <span class='ocrx_word' id='word_1_94' title='bbox 805 971 851 1014; x_wconf 90' lang='lat' dir='ltr'>in</span> <span class='ocrx_word' id='word_1_95' title='bbox 867 969 981 1014; x_wconf 91' lang='lat' dir='ltr'>libro</span> <span class='ocrx_word' id='word_1_96' title='bbox 1000 973 1252 1027; x_wconf 86' lang='lat' dir='ltr'>Regnorum</span> <span class='ocrx_word' id='word_1_97' title='bbox 1267 969 1425 1027; x_wconf 81' lang='lat' dir='ltr'>legitur</span> <span class='ocrx_word' id='word_1_98' title='bbox 1447 987 1456 1013; x_wconf 92' lang='lat'>:</span> 
     </span>
     <span class='ocr_line' id='line_1_12' title="bbox 67 1039 1461 1098; baseline -0.003 -13"><span class='ocrx_word' id='word_1_99' title='bbox 67 1042 146 1086; x_wconf 88' lang='lat' dir='ltr'>iste</span> <span class='ocrx_word' id='word_1_100' title='bbox 168 1051 232 1086; x_wconf 91' lang='lat' dir='ltr'>est</span> <span class='ocrx_word' id='word_1_101' title='bbox 262 1041 434 1086; x_wconf 78' lang='lat' dir='ltr'>Samuel</span> <span class='ocrx_word' id='word_1_102' title='bbox 459 1042 726 1097; x_wconf 83' lang='lat' dir='ltr'>temporibus</span> <span class='ocrx_word' id='word_1_103' title='bbox 754 1039 894 1085; x_wconf 87' lang='lat' dir='ltr'>David</span> <span class='ocrx_word' id='word_1_104' title='bbox 917 1059 924 1084; x_wconf 92' lang='lat'><strong>:</strong></span> <span class='ocrx_word' id='word_1_105' title='bbox 954 1055 1056 1083; x_wconf 86' lang='lat' dir='ltr'>nam</span> <span class='ocrx_word' id='word_1_106' title='bbox 1084 1039 1174 1098; x_wconf 89' lang='lat' dir='ltr'>ipse</span> <span class='ocrx_word' id='word_1_107' title='bbox 1201 1040 1326 1082; x_wconf 77' lang='lat' dir='ltr'>unxit</span> <span class='ocrx_word' id='word_1_108' title='bbox 1346 1054 1461 1082; x_wconf 82' lang='lat' dir='ltr'>sanc-</span> 
     </span>
     <span class='ocr_line' id='line_1_13' title="bbox 68 1109 1458 1168; baseline -0.003 -12"><span class='ocrx_word' id='word_1_109' title='bbox 68 1121 164 1156; x_wconf 89' lang='lat' dir='ltr'>tum</span> <span class='ocrx_word' id='word_1_110' title='bbox 186 1112 325 1156; x_wconf 91' lang='lat' dir='ltr'>David</span> <span class='ocrx_word' id='word_1_111' title='bbox 341 1114 374 1155; x_wconf 72' lang='lat'>2.</span> <span class='ocrx_word' id='word_1_112' title='bbox 403 1110 579 1156; x_wconf 82' lang='lat' dir='ltr'>Samu&#39;e&#39;l</span> <span class='ocrx_word' id='word_1_113' title='bbox 601 1111 656 1155; x_wconf 89' lang='lat' dir='ltr'>ab</span> <span class='ocrx_word' id='word_1_114' title='bbox 671 1112 792 1155; x_wconf 87' lang='lat' dir='ltr'>initio</span> <span class='ocrx_word' id='word_1_115' title='bbox 810 1110 947 1154; x_wconf 79' lang='lat' dir='ltr'>aetatis</span> <span class='ocrx_word' id='word_1_116' title='bbox 961 1126 1049 1154; x_wconf 87' lang='lat' dir='ltr'>suae</span> <span class='ocrx_word' id='word_1_117' title='bbox 1065 1112 1109 1153; x_wconf 90' lang='lat' dir='ltr'>in</span> <span class='ocrx_word' id='word_1_118' title='bbox 1128 1109 1291 1168; x_wconf 88' lang='lat' dir='ltr'>templo</span> <span class='ocrx_word' id='word_1_119' title='bbox 1309 1109 1458 1153; x_wconf 87' lang='lat' dir='ltr'>crevit.</span> 
     </span>
     <span class='ocr_line' id='line_1_14' title="bbox 68 1179 1464 1242; baseline -0.003 -16"><span class='ocrx_word' id='word_1_120' title='bbox 68 1185 208 1227; x_wconf 87' lang='lat' dir='ltr'>Mater</span> <span class='ocrx_word' id='word_1_121' title='bbox 220 1183 256 1242; x_wconf 88' lang='lat' dir='ltr'>ej</span> <span class='ocrx_word' id='word_1_122' title='bbox 265 1197 312 1226; x_wconf 91' lang='lat' dir='ltr'>us</span> <span class='ocrx_word' id='word_1_123' title='bbox 329 1182 483 1226; x_wconf 88' lang='lat' dir='ltr'>sterilis</span> <span class='ocrx_word' id='word_1_124' title='bbox 496 1181 605 1226; x_wconf 86' lang='lat' dir='ltr'>fuit:</span> <span class='ocrx_word' id='word_1_125' title='bbox 628 1181 776 1227; x_wconf 88' lang='lat' dir='ltr'>volens</span> <span class='ocrx_word' id='word_1_126' title='bbox 792 1181 953 1225; x_wconf 88' lang='lat' dir='ltr'>habere</span> <span class='ocrx_word' id='word_1_127' title='bbox 965 1179 1125 1235; x_wconf 89' lang='lat' dir='ltr'>filium,</span> <span class='ocrx_word' id='word_1_128' title='bbox 1147 1179 1284 1224; x_wconf 87' lang='lat' dir='ltr'>oravit</span> <span class='ocrx_word' id='word_1_129' title='bbox 1306 1179 1361 1223; x_wconf 88' lang='lat' dir='ltr'>ad</span> <span class='ocrx_word' id='word_1_130' title='bbox 1376 1182 1464 1223; x_wconf 90' lang='lat' dir='ltr'>Do-</span> 
     </span>
     <span class='ocr_line' id='line_1_15' title="bbox 69 1250 1463 1312; baseline -0.003 -16"><span class='ocrx_word' id='word_1_131' title='bbox 69 1253 239 1296; x_wconf 90' lang='lat' dir='ltr'>minum</span> <span class='ocrx_word' id='word_1_132' title='bbox 267 1269 368 1298; x_wconf 91' lang='lat' dir='ltr'>cum</span> <span class='ocrx_word' id='word_1_133' title='bbox 405 1253 570 1311; x_wconf 83' lang='lat' dir='ltr'>gemitu</span> <span class='ocrx_word' id='word_1_134' title='bbox 594 1267 754 1312; x_wconf 81' lang='lat' dir='ltr'>magno</span> <span class='ocrx_word' id='word_1_135' title='bbox 772 1288 782 1308; x_wconf 93' lang='lat'>,</span> <span class='ocrx_word' id='word_1_136' title='bbox 815 1262 857 1297; x_wconf 89' lang='lat' dir='ltr'>et</span> <span class='ocrx_word' id='word_1_137' title='bbox 885 1261 1036 1311; x_wconf 88' lang='lat' dir='ltr'>petens</span> <span class='ocrx_word' id='word_1_138' title='bbox 1068 1260 1118 1294; x_wconf 89' lang='lat' dir='ltr'>ut</span> <span class='ocrx_word' id='word_1_139' title='bbox 1145 1251 1267 1294; x_wconf 89' lang='lat' dir='ltr'>daret</span> <span class='ocrx_word' id='word_1_140' title='bbox 1289 1250 1326 1293; x_wconf 93' lang='lat' dir='ltr'>ei</span> <span class='ocrx_word' id='word_1_141' title='bbox 1350 1253 1463 1293; x_wconf 87' lang='lat' dir='ltr'>Deus</span> 
     </span>
     <span class='ocr_line' id='line_1_16' title="bbox 70 1320 1462 1384; baseline -0.002 -18"><span class='ocrx_word' id='word_1_142' title='bbox 70 1322 237 1379; x_wconf 82' lang='lat' dir='ltr'>filium,</span> <span class='ocrx_word' id='word_1_143' title='bbox 263 1322 454 1368; x_wconf 88' lang='lat' dir='ltr'>ostendit</span> <span class='ocrx_word' id='word_1_144' title='bbox 475 1325 576 1384; x_wconf 90' lang='lat' dir='ltr'>quia</span> <span class='ocrx_word' id='word_1_145' title='bbox 599 1340 688 1369; x_wconf 92' lang='lat' dir='ltr'>non</span> <span class='ocrx_word' id='word_1_146' title='bbox 716 1322 944 1368; x_wconf 80' lang='lat' dir='ltr'>carnaliter</span> <span class='ocrx_word' id='word_1_147' title='bbox 967 1322 1129 1366; x_wconf 87' lang='lat' dir='ltr'>habere</span> <span class='ocrx_word' id='word_1_148' title='bbox 1145 1320 1310 1374; x_wconf 82' lang='lat' dir='ltr'>voluit,</span> <span class='ocrx_word' id='word_1_149' title='bbox 1331 1335 1462 1380; x_wconf 88' lang='lat' dir='ltr'>quem</span> 
     </span>
     <span class='ocr_line' id='line_1_17' title="bbox 71 1391 1464 1454; baseline -0.003 -17"><span class='ocrx_word' id='word_1_150' title='bbox 71 1402 223 1437; x_wconf 90' lang='lat' dir='ltr'>natum</span> <span class='ocrx_word' id='word_1_151' title='bbox 252 1393 315 1437; x_wconf 88' lang='lat' dir='ltr'>illi</span> <span class='ocrx_word' id='word_1_152' title='bbox 358 1392 499 1449; x_wconf 87' lang='lat' dir='ltr'>dedit,</span> <span class='ocrx_word' id='word_1_153' title='bbox 526 1395 723 1454; x_wconf 81' lang='lat' dir='ltr'>quicum</span> <span class='ocrx_word' id='word_1_154' title='bbox 751 1409 841 1437; x_wconf 86' lang='lat' dir='ltr'>esse</span> <span class='ocrx_word' id='word_1_155' title='bbox 869 1391 1022 1437; x_wconf 88' lang='lat' dir='ltr'>voluit.</span> <span class='ocrx_word' id='word_1_156' title='bbox 1054 1392 1184 1436; x_wconf 89' lang='lat' dir='ltr'>Vovit</span> <span class='ocrx_word' id='word_1_157' title='bbox 1217 1391 1331 1435; x_wconf 85' lang='lat' dir='ltr'>enim</span> <span class='ocrx_word' id='word_1_158' title='bbox 1363 1405 1464 1433; x_wconf 89' lang='lat' dir='ltr'>eum</span> 
     </span>
     <span class='ocr_line' id='line_1_18' title="bbox 70 1459 1461 1518; baseline -0.004 -9"><span class='ocrx_word' id='word_1_159' title='bbox 70 1464 258 1509; x_wconf 91' lang='lat' dir='ltr'>Domino</span> <span class='ocrx_word' id='word_1_160' title='bbox 285 1467 400 1518; x_wconf 90' lang='lat' dir='ltr'>Deo,</span> <span class='ocrx_word' id='word_1_161' title='bbox 433 1473 476 1507; x_wconf 93' lang='lat' dir='ltr'>et</span> <span class='ocrx_word' id='word_1_162' title='bbox 510 1464 598 1508; x_wconf 90' lang='lat' dir='ltr'>ait:</span> <span class='ocrx_word' id='word_1_163' title='bbox 639 1483 656 1504; x_wconf 93' lang='lat'>«</span> <span class='ocrx_word' id='word_1_164' title='bbox 691 1464 735 1508; x_wconf 92' lang='lat' dir='ltr'>Si</span> <span class='ocrx_word' id='word_1_165' title='bbox 767 1463 873 1507; x_wconf 86' lang='lat' dir='ltr'>mihi</span> <span class='ocrx_word' id='word_1_166' title='bbox 900 1462 1119 1506; x_wconf 86' lang='lat' dir='ltr'>masculus</span> <span class='ocrx_word' id='word_1_167' title='bbox 1147 1470 1273 1505; x_wconf 87' lang='lat' dir='ltr'>natus</span> <span class='ocrx_word' id='word_1_168' title='bbox 1303 1459 1461 1515; x_wconf 82' lang='lat' dir='ltr'>fuerit,</span> 
     </span>
     <span class='ocr_line' id='line_1_19' title="bbox 73 1529 1465 1593; baseline -0.001 -18"><span class='ocrx_word' id='word_1_169' title='bbox 73 1552 93 1575; x_wconf 72' lang='lat' dir='ltr'>n</span> <span class='ocrx_word' id='word_1_170' title='bbox 130 1533 294 1593; x_wconf 89' lang='lat' dir='ltr'>templo</span> <span class='ocrx_word' id='word_1_171' title='bbox 316 1543 393 1578; x_wconf 88' lang='lat' dir='ltr'>tuo</span> <span class='ocrx_word' id='word_1_172' title='bbox 415 1534 590 1578; x_wconf 85' lang='lat' dir='ltr'>serviet:</span> <span class='ocrx_word' id='word_1_173' title='bbox 618 1552 637 1574; x_wconf 91' lang='lat'>»</span> <span class='ocrx_word' id='word_1_174' title='bbox 661 1542 704 1577; x_wconf 92' lang='lat' dir='ltr'>et</span> <span class='ocrx_word' id='word_1_175' title='bbox 726 1533 784 1576; x_wconf 89' lang='lat' dir='ltr'>ita</span> <span class='ocrx_word' id='word_1_176' title='bbox 805 1532 924 1576; x_wconf 87' lang='lat' dir='ltr'>fecit.</span> <span class='ocrx_word' id='word_1_177' title='bbox 944 1535 1078 1576; x_wconf 86' lang='lat' dir='ltr'>Natus</span> <span class='ocrx_word' id='word_1_178' title='bbox 1097 1540 1269 1575; x_wconf 87' lang='lat' dir='ltr'>sanctus</span> <span class='ocrx_word' id='word_1_179' title='bbox 1291 1529 1465 1575; x_wconf 83' lang='lat' dir='ltr'>Samu&#39;e&#39;l</span> 
     </span>
     <span class='ocr_line' id='line_1_20' title="bbox 70 1600 1462 1664; baseline -0.004 -16"><span class='ocrx_word' id='word_1_180' title='bbox 70 1603 156 1648; x_wconf 80' lang='lat' dir='ltr'>suit</span> <span class='ocrx_word' id='word_1_181' title='bbox 178 1603 296 1664; x_wconf 88' lang='lat' dir='ltr'>apud</span> <span class='ocrx_word' id='word_1_182' title='bbox 317 1612 501 1647; x_wconf 88' lang='lat' dir='ltr'>matrem</span> <span class='ocrx_word' id='word_1_183' title='bbox 517 1613 715 1663; x_wconf 89' lang='lat' dir='ltr'>tempore</span> <span class='ocrx_word' id='word_1_184' title='bbox 737 1603 859 1646; x_wconf 86' lang='lat' dir='ltr'>lactis</span> <span class='ocrx_word' id='word_1_185' title='bbox 878 1621 886 1647; x_wconf 73' lang='grc' dir='ltr'>ε</span> <span class='ocrx_word' id='word_1_186' title='bbox 903 1618 1004 1646; x_wconf 80' lang='lat' dir='ltr'>mox</span> <span class='ocrx_word' id='word_1_187' title='bbox 1022 1612 1072 1645; x_wconf 86' lang='lat' dir='ltr'>ut</span> <span class='ocrx_word' id='word_1_188' title='bbox 1089 1617 1189 1645; x_wconf 91' lang='lat' dir='ltr'>eum</span> <span class='ocrx_word' id='word_1_189' title='bbox 1212 1600 1462 1655; x_wconf 84' lang='lat' dir='ltr'>ablactavit,</span> 
     </span>
     <span class='ocr_line' id='line_1_21' title="bbox 72 1670 1467 1733; baseline -0.004 -15"><span class='ocrx_word' id='word_1_190' title='bbox 72 1673 194 1718; x_wconf 90' lang='lat' dir='ltr'>dedit</span> <span class='ocrx_word' id='word_1_191' title='bbox 215 1675 260 1718; x_wconf 91' lang='lat' dir='ltr'>in</span> <span class='ocrx_word' id='word_1_192' title='bbox 278 1673 515 1733; x_wconf 87' lang='lat' dir='ltr'>templum,</span> <span class='ocrx_word' id='word_1_193' title='bbox 538 1683 588 1717; x_wconf 88' lang='lat' dir='ltr'>ut</span> <span class='ocrx_word' id='word_1_194' title='bbox 601 1674 661 1717; x_wconf 88' lang='lat' dir='ltr'>ibi</span> <span class='ocrx_word' id='word_1_195' title='bbox 682 1682 893 1718; x_wconf 85' lang='lat' dir='ltr'>cresceret</span> <span class='ocrx_word' id='word_1_196' title='bbox 908 1707 919 1726; x_wconf 89' lang='lat'>,</span> <span class='ocrx_word' id='word_1_197' title='bbox 944 1672 1005 1715; x_wconf 89' lang='lat' dir='ltr'>ibi</span> <span class='ocrx_word' id='word_1_198' title='bbox 1028 1672 1307 1715; x_wconf 86' lang='lat' dir='ltr'>roboraretur</span> <span class='ocrx_word' id='word_1_199' title='bbox 1322 1670 1366 1713; x_wconf 86' lang='lat' dir='ltr'>in</span> <span class='ocrx_word' id='word_1_200' title='bbox 1385 1670 1467 1728; x_wconf 83' lang='lat' dir='ltr'>spi-</span> 
     </span>
     <span class='ocr_line' id='line_1_22' title="bbox 72 1741 1468 1798; baseline -0.004 -11"><span class='ocrx_word' id='word_1_201' title='bbox 72 1744 160 1788; x_wconf 89' lang='lat' dir='ltr'>ritu</span> <span class='ocrx_word' id='word_1_202' title='bbox 174 1779 185 1798; x_wconf 94' lang='lat'>,</span> <span class='ocrx_word' id='word_1_203' title='bbox 210 1744 272 1786; x_wconf 88' lang='lat' dir='ltr'>ibi</span> <span class='ocrx_word' id='word_1_204' title='bbox 295 1746 385 1787; x_wconf 83' lang='lat' dir='ltr'>Deo</span> <span class='ocrx_word' id='word_1_205' title='bbox 408 1744 586 1787; x_wconf 89' lang='lat' dir='ltr'>serviret</span> <span class='ocrx_word' id='word_1_206' title='bbox 607 1762 616 1787; x_wconf 80' lang='lat'>2</span> <span class='ocrx_word' id='word_1_207' title='bbox 641 1742 782 1787; x_wconf 84' lang='lat' dir='ltr'>factus</span> <span class='ocrx_word' id='word_1_208' title='bbox 803 1751 865 1785; x_wconf 85' lang='lat' dir='ltr'>est</span> <span class='ocrx_word' id='word_1_209' title='bbox 883 1741 1081 1786; x_wconf 87' lang='lat' dir='ltr'>sacerdos</span> <span class='ocrx_word' id='word_1_210' title='bbox 1100 1756 1281 1798; x_wconf 80' lang='lat' dir='ltr'>magnus</span> <span class='ocrx_word' id='word_1_211' title='bbox 1300 1775 1309 1794; x_wconf 87' lang='lat'>,</span> <span class='ocrx_word' id='word_1_212' title='bbox 1332 1755 1468 1783; x_wconf 88' lang='lat' dir='ltr'>sacer-</span> 
     </span>
     <span class='ocr_line' id='line_1_23' title="bbox 73 1811 1467 1873; baseline -0.004 -15"><span class='ocrx_word' id='word_1_213' title='bbox 73 1813 151 1858; x_wconf 92' lang='lat' dir='ltr'>dos</span> <span class='ocrx_word' id='word_1_214' title='bbox 175 1823 349 1858; x_wconf 83' lang='lat' dir='ltr'>sanctus</span> <span class='ocrx_word' id='word_1_215' title='bbox 370 1813 446 1859; x_wconf 90' lang='lat' dir='ltr'>illo</span> <span class='ocrx_word' id='word_1_216' title='bbox 468 1823 664 1873; x_wconf 85' lang='lat' dir='ltr'>tempore</span> <span class='ocrx_word' id='word_1_217' title='bbox 678 1815 709 1857; x_wconf 66' lang='lat'>3.</span> <span class='ocrx_word' id='word_1_218' title='bbox 726 1815 1051 1858; x_wconf 86' lang='lat' dir='ltr'>Commemorat</span> <span class='ocrx_word' id='word_1_219' title='bbox 1070 1812 1186 1865; x_wconf 79' lang='lat' dir='ltr'>istos,</span> <span class='ocrx_word' id='word_1_220' title='bbox 1203 1820 1246 1854; x_wconf 93' lang='lat' dir='ltr'>et</span> <span class='ocrx_word' id='word_1_221' title='bbox 1268 1826 1345 1870; x_wconf 78' lang='lat' dir='ltr'>per</span> <span class='ocrx_word' id='word_1_222' title='bbox 1367 1811 1467 1853; x_wconf 84' lang='lat' dir='ltr'>istos</span> 
     </span>
     <span class='ocr_line' id='line_1_24' title="bbox 73 1881 1468 1942; baseline -0.005 -12"><span class='ocrx_word' id='word_1_223' title='bbox 73 1901 223 1930; x_wconf 88' lang='lat' dir='ltr'>omnes</span> <span class='ocrx_word' id='word_1_224' title='bbox 245 1895 416 1930; x_wconf 86' lang='lat' dir='ltr'>sanctos</span> <span class='ocrx_word' id='word_1_225' title='bbox 442 1901 519 1930; x_wconf 91' lang='lat' dir='ltr'>nos</span> <span class='ocrx_word' id='word_1_226' title='bbox 542 1885 639 1929; x_wconf 91' lang='lat' dir='ltr'>vult</span> <span class='ocrx_word' id='word_1_227' title='bbox 660 1884 917 1942; x_wconf 73' lang='lat' dir='ltr'>intelligere.</span> <span class='ocrx_word' id='word_1_228' title='bbox 944 1887 1087 1936; x_wconf 88' lang='lat' dir='ltr'>Quare</span> <span class='ocrx_word' id='word_1_229' title='bbox 1111 1892 1256 1926; x_wconf 87' lang='lat' dir='ltr'>autem</span> <span class='ocrx_word' id='word_1_230' title='bbox 1280 1882 1348 1925; x_wconf 81' lang='lat' dir='ltr'>hic</span> <span class='ocrx_word' id='word_1_231' title='bbox 1372 1881 1468 1924; x_wconf 87' lang='lat' dir='ltr'>illos</span> 
     </span>
     <span class='ocr_line' id='line_1_25' title="bbox 72 1951 1470 2008; baseline -0.006 -7"><span class='ocrx_word' id='word_1_232' title='bbox 72 1956 341 2001; x_wconf 76' lang='lat' dir='ltr'>nominavit?</span> <span class='ocrx_word' id='word_1_233' title='bbox 363 1956 581 2008; x_wconf 85' lang='lat' dir='ltr'>Quoniam</span> <span class='ocrx_word' id='word_1_234' title='bbox 599 1955 783 1998; x_wconf 75' lang='lat' dir='ltr'>diximus</span> <span class='ocrx_word' id='word_1_235' title='bbox 804 1955 1023 1998; x_wconf 85' lang='lat' dir='ltr'>Christum</span> <span class='ocrx_word' id='word_1_236' title='bbox 1043 1953 1113 1996; x_wconf 90' lang='lat' dir='ltr'>hic</span> <span class='ocrx_word' id='word_1_237' title='bbox 1136 1968 1214 1996; x_wconf 85' lang='lat' dir='ltr'>nos</span> <span class='ocrx_word' id='word_1_238' title='bbox 1231 1952 1388 1995; x_wconf 88' lang='lat' dir='ltr'>debere</span> <span class='ocrx_word' id='word_1_239' title='bbox 1405 1951 1470 1993; x_wconf 85' lang='lat' dir='ltr'>in-</span> 
     </span>
     <span class='ocr_line' id='line_1_26' title="bbox 75 2019 1470 2085; baseline -0.006 -14"><span class='ocrx_word' id='word_1_240' title='bbox 75 2026 286 2085; x_wconf 82' lang='lat' dir='ltr'>telligere.</span> <span class='ocrx_word' id='word_1_241' title='bbox 310 2025 524 2071; x_wconf 85' lang='lat' dir='ltr'>Advertat</span> <span class='ocrx_word' id='word_1_242' title='bbox 544 2025 753 2070; x_wconf 86' lang='lat' dir='ltr'>Sanctitas</span> <span class='ocrx_word' id='word_1_243' title='bbox 771 2027 938 2068; x_wconf 87' lang='lat' dir='ltr'>Vestra.</span> <span class='ocrx_word' id='word_1_244' title='bbox 961 2022 1075 2067; x_wconf 80' lang='lat' dir='ltr'>Dixit</span> <span class='ocrx_word' id='word_1_245' title='bbox 1089 2022 1300 2081; x_wconf 86' lang='lat' dir='ltr'>superius,</span> <span class='ocrx_word' id='word_1_246' title='bbox 1317 2041 1333 2060; x_wconf 83' lang='lat'>‹&lt;</span> <span class='ocrx_word' id='word_1_247' title='bbox 1348 2019 1470 2064; x_wconf 77' lang='lat' dir='ltr'>Exal-</span> 
     </span>
     <span class='ocr_line' id='line_1_27' title="bbox 76 2090 1470 2149; baseline -0.006 -9"><span class='ocrx_word' id='word_1_248' title='bbox 76 2115 97 2139; x_wconf 88' lang='lat'>»</span> <span class='ocrx_word' id='word_1_249' title='bbox 132 2105 222 2140; x_wconf 83' lang='lat' dir='ltr'>tate</span> <span class='ocrx_word' id='word_1_250' title='bbox 253 2096 491 2140; x_wconf 85' lang='lat' dir='ltr'>Dominum</span> <span class='ocrx_word' id='word_1_251' title='bbox 522 2099 662 2139; x_wconf 87' lang='lat' dir='ltr'>Deum</span> <span class='ocrx_word' id='word_1_252' title='bbox 697 2103 919 2149; x_wconf 83' lang='lat' dir='ltr'>nostrum,</span> <span class='ocrx_word' id='word_1_253' title='bbox 957 2103 1000 2137; x_wconf 91' lang='lat' dir='ltr'>et</span> <span class='ocrx_word' id='word_1_254' title='bbox 1027 2093 1202 2137; x_wconf 89' lang='lat' dir='ltr'>adorate</span> <span class='ocrx_word' id='word_1_255' title='bbox 1230 2090 1470 2135; x_wconf 80' lang='lat' dir='ltr'>scabellum</span> 
     </span>
     <span class='ocr_line' id='line_1_28' title="bbox 78 2161 1468 2226; baseline -0.004 -18"><span class='ocrx_word' id='word_1_256' title='bbox 78 2185 98 2208; x_wconf 86' lang='lat'>»</span> <span class='ocrx_word' id='word_1_257' title='bbox 134 2166 297 2226; x_wconf 86' lang='lat' dir='ltr'>pedum</span> <span class='ocrx_word' id='word_1_258' title='bbox 333 2168 451 2226; x_wconf 85' lang='lat' dir='ltr'>ejus,</span> <span class='ocrx_word' id='word_1_259' title='bbox 489 2166 698 2225; x_wconf 85' lang='lat' dir='ltr'>quoniam</span> <span class='ocrx_word' id='word_1_260' title='bbox 730 2174 903 2208; x_wconf 83' lang='lat' dir='ltr'>sanctus</span> <span class='ocrx_word' id='word_1_261' title='bbox 936 2165 1030 2207; x_wconf 68' lang='lat' dir='ltr'>est4</span> <span class='ocrx_word' id='word_1_262' title='bbox 1061 2183 1069 2207; x_wconf 89' lang='lat'>:</span> <span class='ocrx_word' id='word_1_263' title='bbox 1108 2182 1126 2204; x_wconf 93' lang='lat'>»</span> <span class='ocrx_word' id='word_1_264' title='bbox 1159 2161 1468 2206; x_wconf 82' lang='lat' dir='ltr'>commendans</span> 
     </span>
     <span class='ocr_line' id='line_1_29' title="bbox 75 2234 1465 2299; baseline -0.006 -16"><span class='ocrx_word' id='word_1_265' title='bbox 75 2239 310 2299; x_wconf 88' lang='lat' dir='ltr'>quemdam</span> <span class='ocrx_word' id='word_1_266' title='bbox 327 2273 338 2294; x_wconf 85' lang='lat'>,</span> <span class='ocrx_word' id='word_1_267' title='bbox 373 2237 418 2281; x_wconf 89' lang='lat' dir='ltr'>id</span> <span class='ocrx_word' id='word_1_268' title='bbox 445 2246 530 2292; x_wconf 81' lang='lat' dir='ltr'>est,</span> <span class='ocrx_word' id='word_1_269' title='bbox 558 2237 793 2281; x_wconf 87' lang='lat' dir='ltr'>Dominum</span> <span class='ocrx_word' id='word_1_270' title='bbox 824 2245 1021 2280; x_wconf 85' lang='lat' dir='ltr'>nostrum</span> <span class='ocrx_word' id='word_1_271' title='bbox 1043 2237 1190 2279; x_wconf 86' lang='lat' dir='ltr'>Jcsum</span> <span class='ocrx_word' id='word_1_272' title='bbox 1219 2234 1465 2287; x_wconf 85' lang='lat' dir='ltr'>Christum,</span> 
     </span>
     <span class='ocr_line' id='line_1_30' title="bbox 76 2306 1469 2370; baseline -0.006 -16"><span class='ocrx_word' id='word_1_273' title='bbox 76 2311 197 2370; x_wconf 89' lang='lat' dir='ltr'>cujus</span> <span class='ocrx_word' id='word_1_274' title='bbox 219 2307 457 2354; x_wconf 85' lang='lat' dir='ltr'>scabellum</span> <span class='ocrx_word' id='word_1_275' title='bbox 485 2307 649 2368; x_wconf 90' lang='lat' dir='ltr'>pedum</span> <span class='ocrx_word' id='word_1_276' title='bbox 672 2307 943 2352; x_wconf 86' lang='lat' dir='ltr'>adorandum</span> <span class='ocrx_word' id='word_1_277' title='bbox 968 2316 1052 2363; x_wconf 67' lang='lat' dir='ltr'>est,</span> <span class='ocrx_word' id='word_1_278' title='bbox 1077 2306 1179 2365; x_wconf 79' lang='lat' dir='ltr'>quia</span> <span class='ocrx_word' id='word_1_279' title='bbox 1203 2319 1374 2349; x_wconf 86' lang='lat' dir='ltr'>carnem</span> <span class='ocrx_word' id='word_1_280' title='bbox 1400 2319 1469 2346; x_wconf 87' lang='lat' dir='ltr'>as-</span> 
     </span>
     <span class='ocr_line' id='line_1_31' title="bbox 77 2374 1471 2440; baseline -0.006 -16"><span class='ocrx_word' id='word_1_281' title='bbox 77 2380 279 2439; x_wconf 48' lang='lat' dir='ltr'>sumpfit,</span> <span class='ocrx_word' id='word_1_282' title='bbox 293 2380 339 2423; x_wconf 89' lang='lat' dir='ltr'>in</span> <span class='ocrx_word' id='word_1_283' title='bbox 356 2395 442 2440; x_wconf 89' lang='lat' dir='ltr'>qua</span> <span class='ocrx_word' id='word_1_284' title='bbox 456 2388 682 2438; x_wconf 73' lang='lat' dir='ltr'>appareret</span> <span class='ocrx_word' id='word_1_285' title='bbox 707 2379 852 2437; x_wconf 64' lang='lat' dir='ltr'>generi</span> <span class='ocrx_word' id='word_1_286' title='bbox 874 2379 1068 2422; x_wconf 79' lang='lat' dir='ltr'>humano</span> <span class='ocrx_word' id='word_1_287' title='bbox 1088 2397 1096 2420; x_wconf 82' lang='lat'>2</span> <span class='ocrx_word' id='word_1_288' title='bbox 1120 2375 1323 2420; x_wconf 75' lang='lat' dir='ltr'>etvclens</span> <span class='ocrx_word' id='word_1_289' title='bbox 1345 2374 1471 2418; x_wconf 84' lang='lat' dir='ltr'>nobis</span> 
     </span>
     <span class='ocr_line' id='line_1_32' title="bbox 78 2445 1471 2509; baseline -0.006 -15"><span class='ocrx_word' id='word_1_290' title='bbox 78 2450 281 2495; x_wconf 91' lang='lat' dir='ltr'>ostender</span> <span class='ocrx_word' id='word_1_291' title='bbox 301 2474 304 2478; x_wconf 94' lang='lat'>·</span> <span class='ocrx_word' id='word_1_292' title='bbox 331 2459 374 2494; x_wconf 90' lang='lat' dir='ltr'>et</span> <span class='ocrx_word' id='word_1_293' title='bbox 397 2449 598 2509; x_wconf 79' lang='lat' dir='ltr'>antiquos</span> <span class='ocrx_word' id='word_1_294' title='bbox 621 2459 718 2509; x_wconf 88' lang='lat' dir='ltr'>patr</span> <span class='ocrx_word' id='word_1_295' title='bbox 746 2466 763 2491; x_wconf 82' lang='lat' dir='ltr'>s</span> <span class='ocrx_word' id='word_1_296' title='bbox 787 2450 926 2508; x_wconf 67' lang='lat' dir='ltr'>ipsum</span> <span class='ocrx_word' id='word_1_297' title='bbox 949 2448 1203 2507; x_wconf 67' lang='lat' dir='ltr'>proedicasc</span> <span class='ocrx_word' id='word_1_298' title='bbox 1218 2482 1227 2497; x_wconf 83' lang='lat'>‚</span> <span class='ocrx_word' id='word_1_299' title='bbox 1254 2445 1355 2505; x_wconf 82' lang='lat' dir='ltr'>quia</span> <span class='ocrx_word' id='word_1_300' title='bbox 1382 2446 1471 2503; x_wconf 86' lang='lat' dir='ltr'>ipse</span> 
     </span>
     <span class='ocr_line' id='line_1_33' title="bbox 78 2517 1471 2571; baseline -0.006 -6"><span class='ocrx_word' id='word_1_301' title='bbox 78 2529 142 2565; x_wconf 89' lang='lat' dir='ltr'>est</span> <span class='ocrx_word' id='word_1_302' title='bbox 171 2536 299 2564; x_wconf 90' lang='lat' dir='ltr'>verus</span> <span class='ocrx_word' id='word_1_303' title='bbox 328 2520 525 2564; x_wconf 61' lang='lat' dir='ltr'>sacerdos</span> <span class='ocrx_word' id='word_1_304' title='bbox 552 2519 761 2563; x_wconf 82' lang='lat' dir='ltr'>Dominus</span> <span class='ocrx_word' id='word_1_305' title='bbox 788 2528 932 2563; x_wconf 80' lang='lat' dir='ltr'>noster</span> <span class='ocrx_word' id='word_1_306' title='bbox 955 2521 1077 2562; x_wconf 79' lang='lat' dir='ltr'>Jesus</span> <span class='ocrx_word' id='word_1_307' title='bbox 1099 2517 1315 2571; x_wconf 80' lang='lat' dir='ltr'>Christus,</span> <span class='ocrx_word' id='word_1_308' title='bbox 1349 2529 1471 2559; x_wconf 90' lang='lat' dir='ltr'>com-</span> 
     </span>
    </p>
   </div>
   <div class='ocr_carea' id='block_1_3' title="bbox 125 2598 1476 2646">
    <p class='ocr_par' dir='ltr' id='par_1_3' title="bbox 125 2598 1476 2646">
     <span class='ocr_line' id='line_1_34' title="bbox 125 2598 1476 2646; baseline -0.006 -8"><span class='ocrx_word' id='word_1_309' title='bbox 125 2610 134 2627; x_wconf 88' lang='lat'>¹</span> <span class='ocrx_word' id='word_1_310' title='bbox 154 2604 252 2637; x_wconf 84' lang='lat' dir='ltr'>Exod.</span> <span class='ocrx_word' id='word_1_311' title='bbox 272 2615 383 2646; x_wconf 63' lang='lat' dir='ltr'>ixvm,</span> <span class='ocrx_word' id='word_1_312' title='bbox 406 2616 431 2637; x_wconf 83' lang='lat'>1.</span> <span class='ocrx_word' id='word_1_313' title='bbox 451 2622 487 2627; x_wconf 74' lang='lat'><em>-</em></span> <span class='ocrx_word' id='word_1_314' title='bbox 514 2609 525 2626; x_wconf 78' lang='lat'>²</span> <span class='ocrx_word' id='word_1_315' title='bbox 548 2615 556 2636; x_wconf 84' lang='lat' dir='ltr'>i</span> <span class='ocrx_word' id='word_1_316' title='bbox 579 2605 657 2645; x_wconf 67' lang='lat' dir='ltr'>neg.</span> <span class='ocrx_word' id='word_1_317' title='bbox 681 2614 743 2645; x_wconf 65' lang='lat' dir='ltr'>xvi,</span> <span class='ocrx_word' id='word_1_318' title='bbox 768 2604 816 2639; x_wconf 81' lang='lat'>13.</span> <span class='ocrx_word' id='word_1_319' title='bbox 838 2620 877 2626; x_wconf 81' lang='lat'>-</span> <span class='ocrx_word' id='word_1_320' title='bbox 896 2600 967 2635; x_wconf 69' lang='lat'>3111.</span> <span class='ocrx_word' id='word_1_321' title='bbox 995 2614 1020 2644; x_wconf 88' lang='lat'>1,</span> <span class='ocrx_word' id='word_1_322' title='bbox 1047 2613 1094 2635; x_wconf 86' lang='lat'>11.</span> <span class='ocrx_word' id='word_1_323' title='bbox 1124 2599 1421 2640; x_wconf 63' lang='lat' dir='ltr'>-41satxm-1n,</span> <span class='ocrx_word' id='word_1_324' title='bbox 1439 2598 1476 2630; x_wconf 75' lang='lat'>5.-</span> 
     </span>
    </p>
   </div>
  </div>
 </body>
</html>
