1926 3339
456 318 536 356 152
897 331 930 357 s.
966 328 1195 358 Aucusnm
1226 331 1407 358 Erlscom

452 393 659 453 Apostolo
696 408 965 453 expressam3
1000 394 1100 454 quia
1132 403 1174 438 et
1202 394 1292 453 ipse
1318 393 1379 437 ibi
1412 396 1733 451 conterebatur,
1770 396 1831 441 ibi

452 466 745 526 premebatur.
775 485 793 505 «
815 465 1118 520 Condelector‚
1157 465 1321 525 inquit,
1362 464 1448 524 legi
1477 466 1552 510 Dei
1589 466 1831 511 secundum

455 554 476 577 »
511 536 760 580 interiorem
776 535 996 579 hominem
1014 535 1165 579 :video
1183 544 1325 578 autem
1346 534 1473 579 aliam
1485 534 1626 595 legem
1638 537 1684 580 in
1698 552 1832 580 mem-

457 627 475 649 »
510 606 598 650 bris
621 605 724 649 meis
748 613 1061 663 repugnantem
1083 603 1167 662 legi
1190 605 1344 649 mentis
1375 621 1482 649 meae
1497 641 1508 661 ,
1542 615 1585 650 et
1610 607 1831 665 captivum

455 697 475 720 »
510 692 580 720 me
613 675 844 719 ducentem
878 675 923 717 in
964 674 1059 732 lege
1095 675 1282 733 peccati,
1322 691 1421 736 quae
1453 685 1516 720 est
1545 676 1590 719 in
1625 676 1830 720 membris

452 766 472 788 »
508 747 626 790 meis.
654 765 670 787 »
696 748 852 803 Magna
874 743 991 788 lucta
1012 780 1022 799 ‚
1054 753 1097 788 et
1120 745 1330 789 evadendi
1366 761 1521 804 magna
1561 745 1827 806 desperatio,

449 817 530 861 nisi
552 816 781 860 subveniat
802 815 856 859 de
879 816 1161 875 consequenti
1191 835 1200 860 ε
1229 815 1419 859 «Infelix
1442 831 1520 874 ego
1547 817 1701 873 homo,
1735 817 1832 877 quis

455 908 472 930 »
506 903 577 931 me
603 886 806 930 liberabit
828 885 882 929 de
904 901 1083 945 corpore
1105 887 1254 930 mortis
1274 887 1437 947 hujus?
1467 888 1611 931 Gratia
1646 888 1725 932 Dei
1757 903 1833 947 per

453 977 473 1000 »
510 961 657 1002 Jesum
680 957 899 1001 Christum
912 957 1147 1001 Dominum
1171 966 1366 1001 nostrum
1383 959 1413 1000 ¹.
1442 975 1462 998 »
1492 960 1609 1016 Ergo
1631 967 1675 1002 et
1694 958 1765 1002 hic
1786 958 1833 1001 in

449 1029 620 1074 Psalmo
637 1029 716 1072 isto
738 1028 847 1072 vidit
868 1027 940 1071 illa
961 1028 1134 1086 gaudia,
1160 1029 1365 1087 cogitavit
1381 1028 1526 1073 animo
1549 1048 1557 1073 :
1580 1048 1596 1069 «
1616 1029 1737 1073 Beati
1756 1029 1833 1089 qui

450 1118 471 1141 n
506 1099 707 1143 habitant
732 1099 777 1141 in
800 1098 931 1142 domo
948 1106 1022 1141 tua
1038 1133 1048 1153 ‚
1070 1099 1253 1142 Domine
1269 1134 1279 1153 ,
1315 1099 1359 1142 in
1388 1098 1545 1143 saecula
1572 1098 1832 1143 saeculorum

452 1188 472 1210 »
508 1169 753 1212 laudabunt
769 1176 827 1211 te.
855 1186 874 1208 n
904 1166 987 1212 Sed
1009 1168 1105 1226 quis
1123 1167 1227 1211 illuc
1250 1167 1486 1213 ascendet?
1508 1169 1624 1222 Quid
1645 1169 1756 1213 facio
1777 1169 1833 1213 de

449 1239 588 1284 carnis
610 1237 835 1297 pondere?
857 1256 873 1277 «
896 1237 1015 1280 Beati
1033 1238 1108 1296 qui
1129 1238 1330 1281 habitant
1345 1238 1390 1281 in
1412 1238 1542 1283 domo
1560 1248 1635 1283 tua
1653 1275 1663 1294 ‚
1683 1240 1729 1282 in
1750 1255 1832 1283 sae-

454 1330 472 1351 »
507 1309 604 1353 cula
637 1307 893 1351 saeculorum
914 1306 1161 1351 laudabunt
1185 1317 1242 1350 te.
1281 1307 1570 1353 Condelector
1602 1310 1715 1352 enim
1747 1309 1833 1368 legi

451 1398 472 1421 »
507 1379 585 1423 Dei
606 1378 847 1421 secundum
865 1377 1113 1420 interiorem
1135 1378 1371 1421 hominem.
1390 1398 1405 1419 »
1422 1378 1506 1422 Sed
1527 1378 1635 1438 quid
1649 1377 1835 1423 faciam?

447 1447 671 1511 quomodo
692 1447 883 1492 volabo?
911 1446 1133 1507 quomodo
1170 1448 1454 1507 perveniam?
1488 1447 1666 1493 «Video
1707 1447 1834 1493 aliam

452 1540 471 1563 »
507 1520 646 1577 legem
663 1519 709 1562 in
723 1518 927 1562 membris
950 1518 1053 1561 meis
1076 1518 1485 1578 repugnantemlegi
1502 1519 1659 1563 mentis
1678 1535 1830 1564 meae.»

448 1591 563 1636 Dixit
593 1605 637 1633 se
658 1587 875 1632 infelicem
896 1624 907 1643 ,
933 1597 975 1632 et
998 1587 1130 1632 dixit:
1161 1588 1303 1641 «Quis
1335 1604 1405 1632 me
1438 1589 1642 1633 liberabit
1664 1588 1718 1633 de
1735 1605 1833 1634 cor-

452 1681 473 1704 »
508 1677 614 1722 pore
636 1661 785 1704 mortis
806 1660 951 1719 hujus,
982 1669 1033 1703 ut
1057 1660 1299 1704 inhabitem
1331 1660 1377 1703 in
1405 1659 1536 1705 domo
1565 1661 1765 1716 Domini,
1791 1670 1834 1705 ct

451 1752 472 1775 >›
507 1733 552 1776 in
575 1731 730 1776 saecula
753 1731 1010 1775 saeculorum
1028 1730 1202 1774 laudem
1224 1733 1352 1775 eum?
1374 1731 1478 1784 Quis
1500 1747 1570 1775 me
1590 1730 1795 1776 liberabit
1815 1733 1834 1774 ⁶?

451 1823 471 1846 »
508 1803 653 1848 Gratia
676 1803 753 1846 Dei
781 1817 858 1861 per
879 1804 1027 1845 Jesum
1054 1802 1276 1846 Christum
1304 1803 1538 1846 Dominum
1576 1813 1787 1847 nostrum.
1809 1820 1829 1844 »

452 1874 572 1919 Sicut
602 1888 704 1931 ergo
728 1873 773 1915 in
794 1872 935 1916 verbis
958 1872 1154 1930 Apostoli
1176 1871 1238 1915 illi
1256 1873 1503 1917 difficultati
1520 1883 1563 1918 et
1575 1874 1696 1934 quasi
1713 1874 1834 1918 inex-

449 1944 634 1990 tricabili
664 1944 793 1987 luctae
821 1943 1025 1987 subvenit
1046 1943 1166 2003 quod
1194 1943 1377 2003 subjecit
1403 1964 1411 1989 :
1443 1964 1462 1986 α
1487 1946 1630 1989 Gratia
1654 1945 1729 1989 Dei
1762 1961 1840 2005 per
1906 1990 1907 1995 ,

452 2034 472 2057 ))
508 2018 655 2059 Jesum
679 2014 899 2058 Christum
922 2013 1157 2058 Dominum
1180 2024 1376 2058 nostrum
1401 2034 1409 2059 :
1440 2035 1456 2056 »
1486 2015 1544 2059 sic
1573 2025 1616 2059 ct
1644 2015 1715 2059 hic
1737 2031 1838 2060 cum

450 2087 681 2144 suspiraret
701 2085 952 2128 flammante
975 2083 1188 2128 desiderio
1207 2085 1251 2128 in
1275 2084 1452 2130 domum
1478 2086 1556 2130 Dei
1594 2095 1636 2130 et
1667 2087 1714 2130 in
1745 2086 1837 2131 illas

448 2155 596 2201 laudes
614 2156 713 2210 Dei⁷
739 2154 1006 2199 considerata
1025 2154 1246 2212 gravidine
1268 2156 1458 2215 corporis
1481 2156 1546 2200 sui
1560 2165 1602 2200 et
1614 2155 1730 2200 mole
1742 2172 1837 2200 car-

448 2227 514 2271 nis
536 2242 624 2270 suae
639 2262 649 2279 ‚
676 2234 719 2269 et
742 2224 1039 2283 desperatione
1054 2225 1243 2286 quadam
1267 2227 1445 2271 suborta
1463 2262 1474 2282 ,
1497 2242 1643 2271 rursus
1654 2227 1837 2286 inspem

448 2297 669 2356 evigilavit
684 2332 694 2351 ‚
717 2305 759 2339 et
778 2297 838 2339 ait
864 2316 872 2340 :
903 2315 920 2338 «
938 2298 1094 2342 Beatus
1115 2298 1180 2341 vir
1202 2298 1323 2358 cujus
1348 2307 1411 2342 est
1427 2298 1641 2358 susceptio
1656 2299 1746 2358 ejus
1761 2298 1837 2342 abs

452 2387 472 2409 »
508 2378 574 2423 te,
592 2367 791 2412 Domine.
815 2387 831 2408 »

506 2440 563 2482 X.
582 2437 698 2490 Quid
711 2452 813 2494 ergo
835 2446 1008 2496 praestat
1029 2440 1143 2482 Deus
1166 2438 1211 2482 in
1233 2439 1314 2482 hac
1336 2439 1469 2497 gratia
1488 2438 1526 2482 ei
1541 2454 1673 2499 quem
1692 2454 1837 2483 susce-

445 2509 510 2569 pit
529 2507 855 2567 perducendum
871 2510 888 2552 Ξ)
904 2509 1124 2569 Sequitur,
1143 2519 1186 2553 et
1199 2509 1305 2554 dicit
1326 2530 1334 2555 ε
1360 2530 1380 2552 «
1406 2514 1617 2554 Ascensus
1638 2511 1682 2553 in
1705 2510 1836 2554 corde

451 2598 469 2620 »
505 2579 611 2637 ejus.
636 2595 656 2618 n
684 2578 805 2622 Facit
825 2577 885 2622 illi
908 2579 1065 2637 gradus
1082 2615 1092 2634 ,
1119 2580 1278 2640 quibus
1301 2580 1519 2625 ascendat.
1549 2580 1632 2624 Ubi
1649 2579 1713 2624 illi
1730 2578 1836 2624 facit

501 2670 508 2685 ¹
527 2664 639 2694 Rom2.
657 2673 713 2703 vu,
735 2662 823 2694 9:25.
