1926 3339
468 288 550 326 180
894 292 928 321 s.
964 292 1195 322 AUGus‘nm
1227 295 1408 322 EPISCOPl

463 373 608 409 vtorum
640 361 695 406 ab
723 360 899 405 homine
921 378 930 405 2
961 379 981 402 «
1005 362 1061 404 Et
1077 359 1246 421 justitia
1265 359 1321 404 de
1347 359 1461 404 coelo
1482 358 1724 418 prospexit,
1751 374 1771 398 »
1799 356 1845 400 id

462 444 526 478 est
545 468 556 488 ,
581 448 606 477 a
621 430 806 476 Domino
826 434 916 475 Deo
938 431 1039 474 data
1061 440 1124 474 est
1134 430 1384 489 justificatio
1407 428 1659 483 confitenti,
1683 435 1734 471 ut
1754 426 1845 485 ipse

462 512 665 562 agnoscat
697 502 855 561 impius
877 501 999 560 pium
1021 516 1064 544 se
1087 501 1179 543 fieri
1201 517 1290 545 non
1311 516 1455 560 posse,
1483 499 1563 543 nisi
1590 498 1663 542 ille
1694 496 1847 541 fecerit

459 577 531 621 cui
552 575 785 620 confitetur
803 608 813 627 ,
840 571 1059 616 credendo
1082 571 1127 614 in
1149 587 1249 615 eum
1272 572 1348 632 qui
1371 572 1580 631 justificat
1613 569 1796 629 impium
1811 570 1841 610 ¹.

462 650 553 691 Tua
575 659 675 702 ergo
697 651 873 702 peccata
896 650 1018 701 potes
1038 641 1196 684 habere
1214 676 1225 695 ,
1247 641 1441 686 fructum
1464 642 1629 686 bonum
1653 655 1743 683 non
1764 639 1845 682 ha-
1909 648 1913 663 ⁶

458 716 604 769 bebis,
630 714 711 758 nisi
732 712 805 756 ille
835 711 1006 756 dederit
1030 712 1099 755 cui
1127 712 1358 755 confiteris.
1388 712 1492 756 Ideo
1515 726 1616 755 cum
1635 709 1812 754 dixisset
1832 728 1842 754 ι

462 786 659 830 «Veritas
677 783 731 828 de
753 792 866 827 terra
883 791 977 826 orta
999 792 1078 836 est,
1104 791 1147 825 et
1157 782 1324 841 justitia
1346 781 1400 824 de.
1422 781 1534 825 coelo
1558 779 1776 840 prospexit
1796 796 1840 825 ε»

459 867 667 916 tanquam
698 853 913 898 diceretur
935 853 974 896 ei
1009 871 1018 897 2
1052 852 1168 905 Quid
1191 861 1254 896 est
1276 852 1396 911 quod
1427 852 1598 896 dixisti:
1627 870 1647 892 «
1672 850 1845 894 justitia
1908 868 1913 905 s

460 945 480 968 >›
515 926 570 970 de
586 924 698 970 coelo
715 923 936 983 prospexit
951 925 969 965 ‘3
986 923 1178 977 Etenim,
1198 923 1357 982 inquit,
1380 923 1590 966 Dominus
1609 920 1733 965 dabit
1754 936 1846 964 sua·
1908 940 1913 960 1.

459 1017 479 1040 »
515 997 708 1050 vitatem,
729 1004 772 1039 et
795 1003 907 1038 terra
923 1003 1069 1038 nostra
1087 992 1211 1037 dabit
1227 992 1420 1037 fructum
1443 1008 1586 1036 suum.
1601 994 1720 1037 »Nos
1743 1005 1845 1049 ergo
1908 1046 1910 1049 ι

455 1067 734 1127 respiciamus
756 1080 835 1110 nos
850 1086 861 1124 ·,
876 1074 920 1109 et
941 1065 975 1108 si
998 1063 1108 1108 nihil
1128 1065 1175 1107 in
1197 1064 1320 1108 nobis
1339 1064 1630 1108 invenerimus
1648 1062 1729 1106 nisi
1752 1077 1848 1121 pec·
1909 1085 1914 1094 ν

456 1148 577 1194 cata,
604 1137 824 1182 oderimus
856 1144 1033 1195 peccata
1052 1171 1063 1190 ,
1088 1145 1132 1179 et
1159 1134 1453 1179 desideremus
1470 1135 1698 1195 justitiam.
1732 1135 1846 1177 Cum

455 1210 570 1254 enim
600 1208 863 1267 coeperimus
898 1207 1037 1250 odisse
1059 1215 1262 1265 peccata,
1283 1207 1374 1265 jam
1397 1206 1539 1265 ipsum
1566 1204 1714 1249 odium
1741 1219 1846 1263 pcc·
1909 1210 1914 1252 ξ

456 1289 653 1324 catorum
671 1278 826 1321 similes
850 1292 928 1320 nos
949 1277 1103 1335 incipit
1124 1274 1267 1319 facere
1290 1279 1401 1320 Deo:
1427 1277 1528 1335 quia
1548 1277 1631 1319 1100
1656 1274 1842 1329 odimus,

456 1350 577 1410 quod
610 1348 702 1393 odit
730 1357 772 1391 et
796 1350 923 1391 Deus.
952 1349 1063 1391 Cum
1100 1362 1202 1405 ergo
1235 1347 1417 1405 coeperis
1440 1346 1579 1391 odisse
1606 1355 1780 1405 peccata
1803 1354 1847 1389 ct

457 1419 655 1465 confiteri
675 1422 787 1474 Deo,
813 1433 912 1462 cum
936 1427 978 1461 te
1001 1417 1308 1461 delectationes
1330 1417 1492 1461 illicitae
1511 1417 1685 1476 rapiunt
1701 1426 1744 1461 et
1763 1416 1847 1460 du-

458 1501 564 1535 cunt
584 1489 639 1534 ad
661 1505 707 1532 ca
727 1504 826 1549 quae
849 1489 928 1532 tibi
951 1503 1038 1532 11011
1062 1497 1260 1547 prosunt,
1286 1488 1518 1544 ingemisce
1540 1488 1594 1531 ad
1612 1491 1775 1532 Deum:
1803 1495 1846 1531 et
1897 1492 1918 1519 ‘³

457 1562 667 1606 confitens
701 1560 762 1603 illi
795 1569 969 1619 peccata
1008 1569 1107 1614 tua,
1144 1558 1376 1602 mereberis
1409 1559 1462 1602 ab
1491 1557 1566 1603 illo
1588 1558 1846 1602 delectatio-

461 1648 580 1687 nem,
611 1640 653 1675 et
671 1630 930 1674 suavitatem
947 1629 1126 1689 ι11151111εο
1151 1628 1359 1672 faciendas
1383 1629 1506 1672 dabit
1531 1628 1637 1683 tibi,
1666 1637 1714 1672 ut
1735 1628 1845 1672 inci-

460 1705 548 1763 piat
565 1714 601 1746 [0
619 1701 834 1745 dele-ctare
849 1701 1031 1760 justitia,
1046 1715 1176 1759 quem
1197 1701 1334 1759 primo
1352 1699 1596 1744 delectabat
1618 1700 1842 1759 iniquitas:

462 1785 509 1819 ut
535 1774 610 1834 qui
631 1774 772 1833 primo
803 1772 1023 1831 gaudebas
1056 1772 1101 1814 in
1131 1771 1340 1814 ebrietate
1359 1805 1369 1825 ,
1403 1770 1588 1828 gaudeas
1610 1770 1655 1814 111
1678 1770 1846 1814 sobrie-

462 1854 573 1901 tate,
598 1852 641 1887 et
656 1844 733 1903 qui
753 1843 893 1902 primo
918 1841 1136 1901 gaudebas
1161 1840 1215 1884 de
1247 1839 1387 1896 furtis,
1412 1849 1461 1883 ut
1484 1839 1656 1884 tolleres
1678 1839 1846 1884 homini

457 1915 578 1974 quod
615 1930 704 1957 11011
731 1913 953 1966 habebas,
996 1927 1164 1972 quaeras
1203 1910 1365 1955 donare
1401 1926 1491 1954 non
1524 1910 1703 1954 habenti
1724 1909 1846 1970 quod

460 1984 680 2029 habebas:
719 1993 761 2027 et
796 1998 928 2043 quem
957 1982 1204 2026 delectabat
1240 1997 1415 2041 rapere,
1451 1980 1638 2024 delectet
1658 1980 1847 2038 donare,

458 2070 591 2115 quem
614 2053 862 2097 delectabat
883 2061 1098 2112 spectare,
1124 2051 1312 2096 delectet
1333 2066 1482 2108 orare,
1504 2066 1633 2111 quem
1650 2050 1846 2095 delecta-

458 2127 566 2169 bant
599 2127 765 2169 cantica
799 2124 1026 2183 nugatoria
1046 2133 1089 2167 et
1124 2122 1367 2166 adulterina
1385 2158 1395 2177 ,
1421 2121 1608 2166 delectet
1628 2122 1846 2186 hymnum

459 2195 600 2239 dicere
618 2199 708 2239 Deo
726 2216 737 2251 3
761 2210 934 2238 currere
955 2193 1008 2237 ad
1031 2192 1285 2248 Ecclesiam,
1311 2193 1387 2253 qui
1409 2193 1548 2252 primo
1571 2192 1774 2237 currebas
1791 2192 1847 2236 ad

460 2267 694 2311 theatrum.
724 2265 849 2309 Unde
868 2274 970 2308 nata
991 2274 1055 2308 est
1081 2265 1158 2308 ista
1181 2264 1366 2308 suavitas
1382 2298 1392 2318 ,
1419 2263 1499 2307 nisi
1520 2263 1623 2323 quia
1649 2283 1666 2303 «
1695 2263 1846 2307 Domi-
1908 2255 1918 2280 7

463 2356 482 2379 »
518 2353 600 2381 nus
633 2336 756 2380 dabit
787 2335 1072 2390 suavitatem,
1107 2344 1151 2378 et
1185 2343 1298 2378 terra
1335 2344 1480 2378 nostra
1507 2334 1632 2378 dabit
1650 2333 1844 2378 fructum
1908 2342 1912 2390 j

462 2429 482 2451 »
517 2410 676 2453 suum?
702 2426 722 2448 »
749 2410 861 2451 Ecce
883 2408 999 2450 enim
1019 2406 1164 2452 videte
1188 2406 1308 2466 quod
1334 2406 1461 2450 dico:
1486 2422 1586 2450 ecce
1612 2405 1748 2450 locuti
1771 2421 1846 2450 su-

460 2496 555 2525 mus
578 2479 699 2524 vobis
734 2478 918 2523 verbum
950 2477 1052 2532 Dei,
1077 2492 1221 2520 semen
1255 2477 1486 2536 sparsimus
1510 2477 1676 2522 devotis
1698 2475 1845 2521 cordi-

458 2553 565 2605 bus,
603 2559 812 2609 tanquam
842 2547 1004 2596 sulcata
1037 2548 1304 2593 invenientes
1334 2557 1509 2607 pectora
1537 2555 1678 2592 vestra
1702 2555 1844 2591 aratro

508 2643 515 2659 ¹
537 2639 625 2667 Rom.
649 2646 695 2676 11,
721 2633 751 2666 5.
