1926 3339
338 282 343 284 -
384 268 624 297 ENARRATio
656 270 701 296 nv
735 268 938 296 PSALMUM
972 270 1086 296 xciii.
1344 262 1427 302 383

44 352 65 376 »
97 333 190 378 lis1.
219 351 238 375 »
260 332 376 386 Quid
393 342 479 388 est,
505 351 524 375 «
549 335 636 377 Ero
665 332 745 377 tibi
770 332 946 377 similis?
971 351 992 374 n
1016 336 1072 378 Ut
1093 336 1321 393 quomodo
1350 338 1430 381 tibi

39 403 181 464 placet
202 401 367 447 factum
387 411 514 447 tuum
536 402 696 446 malum
711 437 722 458 ,
749 403 808 446 sic
825 412 950 462 putes
965 403 1067 463 quia
1091 412 1134 447 et
1147 404 1253 447 mihi
1271 405 1428 463 placet.

40 477 98 527 Et
119 474 310 518 minatur
330 474 376 516 in
396 482 642 533 posterum,
672 491 692 515 «
714 476 907 532 Arguam
931 475 1008 518 tel.
1033 492 1052 515 »
1075 475 1191 532 Ergo
1212 489 1301 518 non
1320 484 1434 519 tacet

40 547 115 607 qui
138 545 268 601 dixit,
303 564 323 587 «
345 544 492 589 Tacui.
523 563 542 586 »
568 547 681 590 Cum
704 543 889 600 diceret,
915 564 934 587 «
967 547 1071 589 Haec
1104 544 1274 600 fecisti,
1299 555 1343 590 et
1364 554 1432 590 ta-

42 636 61 659 »
98 615 165 662 cui
184 637 194 674 3
212 616 452 676 suspicatus
483 632 526 660 cs
553 616 832 677 iniquitatem
847 652 859 672 ,
879 616 1001 677 quod
1023 632 1097 661 ero
1114 617 1178 661 tui
1200 616 1350 661 similis
1373 638 1384 676 3
1408 635 1429 659 »

41 698 85 733 et
106 704 195 733 non
217 688 368 732 tacuit.
404 690 516 733 Cum
537 689 654 732 enim
685 704 764 733 nos
788 687 1037 749 loquimur,
1070 687 1144 732 ille
1172 704 1262 733 non
1283 698 1396 733 tacet
1422 707 1431 733 ε

41 774 142 804 cum
164 759 276 802 enim
301 757 438 802 lector
459 757 565 817 legit
585 794 597 813 ‚
620 757 694 803 ille
717 775 806 803 non
835 767 947 803 tacet
973 778 982 803 :
1013 773 1114 802 cum
1136 758 1330 803 Psalmus
1351 759 1433 803 ista

41 839 188 876 cantat
202 864 214 886 ‚
237 829 312 874 ille
329 846 418 874 non
442 839 569 874 tacet.
591 830 749 874 Etistae
771 846 921 874 omnes
938 845 1063 875 voces
1084 831 1159 874 Dei
1181 846 1258 889 per
1280 831 1434 874 orbem

42 912 255 947 terrarum
277 902 405 946 fiunt.
427 902 658 955 Quomodo
671 917 774 961 ergo
786 911 922 952 tacet,
943 903 1167 961 quomodo
1185 917 1274 946 non
1293 903 1433 946 tacet?

40 976 138 1019 Non
166 982 281 1018 tacet
311 973 358 1016 in
385 973 549 1027 verbo⁷
585 982 698 1017 tacet
730 974 778 1017 in
809 972 1016 1017 vindicta.
1049 972 1167 1026 Quid
1201 982 1264 1017 est
1301 989 1430 1032 ergo,

44 1063 65 1087 «
102 1047 205 1089 Haec
228 1042 389 1098 fecisti,
426 1053 470 1087 et
490 1044 632 1087 tacui?
657 1062 676 1084 ³)
705 1046 809 1088 Haec
827 1042 991 1099 fecisti,
1023 1054 1066 1088 ct
1087 1060 1177 1088 non
1200 1043 1432 1088 vindicavi.

45 1133 65 1157 «
103 1115 351 1174 Suspicatus
380 1129 423 1157 es
457 1113 755 1174 iniquitatem,
788 1113 909 1175 quod
937 1130 1011 1159 ero
1034 1115 1099 1158 tui
1132 1114 1295 1158 similis.
1327 1133 1347 1155 υ
1374 1117 1436 1158 De

42 1185 131 1245 ipsa
153 1183 355 1228 vindictae
378 1184 674 1229 taciturnitate
690 1220 701 1240 ,
722 1184 765 1228 id
783 1195 872 1240 est,
893 1184 947 1229 de
964 1185 1198 1229 cessatione
1213 1185 1432 1239 vindictae,

46 1255 145 1299 aliio
186 1253 284 1299 loco
313 1254 417 1298 dicit
453 1274 461 1298 :
503 1274 522 1296 «
562 1256 694 1298 Taeui
717 1291 728 1311 ,
759 1255 977 1315 numquid
1015 1271 1184 1316 semper
1226 1255 1433 1299 tacebo²?

45 1346 64 1368 »
106 1329 340 1386 Usquequo
368 1335 636 1385 peccatores,
678 1327 888 1382 Domine,
926 1343 1154 1388 usquequo
1187 1336 1435 1386 peccatores

45 1416 66 1440 υ
101 1397 434 1457 gloriabuntur,
459 1397 746 1456 respondent,
782 1407 826 1442 et
858 1397 1096 1458 loquentur
1127 1398 1431 1458 iniquitatem,

47 1487 66 1510 n
102 1467 341 1528 loquentur
359 1484 508 1512 omnes
531 1469 607 1528 qui
629 1478 866 1528 operantur
885 1469 1170 1529 injustitiam?
1203 1487 1222 1510 »
1250 1472 1307 1513 Et
1327 1468 1434 1513 dicit.

43 1539 190 1584 omnia
227 1555 374 1599 opera.
405 1558 424 1580 ι(
459 1540 742 1598 Respondent
774 1549 817 1583 et
838 1539 1076 1600 loquentur
1097 1539 1388 1599 iniquitatem.
1412 1558 1433 1581 »

43 1610 163 1663 Quid
184 1619 270 1665 cst,
306 1629 326 1651 «
365 1608 674 1669 Respondent?
700 1629 719 1651 »
754 1612 916 1654 Contra
945 1612 1113 1669 justum
1136 1610 1301 1654 habent
1317 1610 1438 1670 quod

42 1681 348 1740 respondeant.
377 1681 507 1724 Venit
531 1682 674 1740 justus
706 1680 881 1741 aliquis,
914 1692 957 1725 et
991 1681 1097 1726 dicit
1124 1702 1132 1726 z
1163 1681 1261 1726 Noli
1295 1682 1438 1725 facere

42 1752 331 1813 iniquitatem.
362 1754 531 1805 Quare?
560 1755 621 1797 Ne
651 1753 859 1796 moriaris.
887 1756 999 1797 Ecce
1022 1752 1106 1797 feci
1130 1753 1405 1813 iniquitatem
1424 1787 1435 1807 ,

43 1839 178 1884 quare
206 1839 296 1868 non
330 1822 515 1866 morior?
549 1822 627 1866 Ille
651 1823 756 1867 fecit
783 1823 1019 1883 justitiam,
1059 1833 1102 1867 et
1123 1833 1322 1868 mortuus
1339 1832 1403 1867 est
1429 1842 1438 1867 ε

44 1910 179 1955 quare
200 1904 399 1938 mortuus
428 1894 516 1938 est‘?
540 1896 633 1951 Ego
665 1892 750 1937 feci
780 1895 1078 1955 iniquitatem,
1105 1911 1239 1955 quare
1261 1911 1330 1938 me
1352 1884 1442 1938 rion

45 1964 225 2010 abstulit
254 1966 391 2008 Deus?
420 1967 555 2018 Ecce,
582 1963 654 2008 ille
691 1963 795 2009 fecit
817 1966 1059 2025 justitiam,
1096 1975 1138 2009 et
1167 1982 1301 2026 quare
1319 1965 1442 2010 sicin

47 2035 170 2080 illum
201 2033 463 2080 vindicavit?
497 2050 633 2094 quare
654 2033 727 2078 ille
753 2036 811 2080 sic
828 2035 1027 2080 laborat?
1048 2036 1339 2096 respondent:
1360 2037 1443 2080 hoc

46 2115 134 2162 est,
154 2125 173 2149 «
191 2105 477 2166 Respondent
491 2141 502 2161 ,
523 2106 661 2166 »quia
679 2106 845 2150 habent
866 2106 985 2167 quod
1007 2107 1157 2151 dicant
1179 2123 1187 2148 ε
1214 2107 1316 2167 quia
1339 2122 1442 2166 par-

46 2179 160 2223 citur
176 2177 283 2233 illis,
308 2178 362 2221 de
375 2177 581 2237 patientia
601 2177 676 2222 Dei
695 2177 926 2222 inveniunt
943 2189 1250 2237 argumentum
1269 2194 1444 2238 respon-

48 2249 178 2294 sionis
192 2265 296 2293 suae.
316 2249 457 2293 Parcit
470 2247 543 2292 ille
559 2257 735 2308 propter
749 2248 868 2292 aliud
880 2285 890 2302 ,
911 2249 1177 2309 respondent
1190 2249 1251 2293 illi
1267 2258 1444 2309 propter

50 2319 169 2364 aliud
183 2356 194 2376 ,
215 2320 317 2380 quia
341 2319 510 2364 vivunt.
537 2322 680 2372 Quare
705 2320 821 2363 enim
843 2329 992 2379 parcat
1012 2319 1105 2374 ille,
1129 2320 1235 2364 dicit
1255 2324 1446 2380 Aposto-

49 2391 142 2446 lus,
163 2390 340 2450 exponit
356 2389 586 2434 consilium
607 2390 828 2450 patientiae
846 2390 922 2434 Dei
944 2407 952 2432 ε
976 2411 993 2431 a
1015 2391 1264 2446 Existimas,
1280 2392 1439 2452 inquit,

54 2481 75 2504 »
112 2463 188 2523 qui
202 2461 303 2506 talia
324 2461 428 2520 agis,
445 2462 546 2522 quia
571 2470 619 2505 tu
635 2461 817 2519 effugies
828 2461 1045 2521 judicium
1066 2462 1168 2506 Dei?
1183 2465 1252 2506 An
1275 2461 1445 2506 divi-tias

55 2551 77 2575 u
103 2533 385 2593 benignitatis
401 2542 445 2577 et
463 2532 810 2591 longanimitatis
833 2533 924 2593 ejus
943 2533 1186 2577 contemnis
1205 2568 1216 2588 ,
1240 2533 1443 2591 ignorans

105 2625 114 2640 ¹
137 2618 217 2651 Psal.
232 2629 319 2661 xmx,
339 2627 393 2651 21.
415 2635 457 2641 —
477 2618 577 2650 ²lsa'1'.
603 2628 678 2659 xm,
695 2617 746 2659 14.
