<?xml version="1.0" encoding="UTF-8"?>
<!DOCTYPE html PUBLIC "-//W3C//DTD XHTML 1.0 Transitional//EN"
    "http://www.w3.org/TR/xhtml1/DTD/xhtml1-transitional.dtd">
<html xmlns="http://www.w3.org/1999/xhtml" xml:lang="en" lang="en">
 <head>
  <title>
</title>
<meta http-equiv="Content-Type" content="text/html;charset=utf-8" />
  <meta name='ocr-system' content='tesseract 3.04.00' />
  <meta name='ocr-capabilities' content='ocr_page ocr_carea ocr_par ocr_line ocrx_word'/>
</head>
<body>
  <div class='ocr_page' id='page_1' title='image "./operaomniaaccura10auguuoft_0197.png"; bbox 0 0 1926 3339; ppageno 0'>
   <div class='ocr_carea' id='block_1_1' title="bbox 357 312 1439 349">
    <p class='ocr_par' dir='ltr' id='par_1_1' title="bbox 357 312 1439 349">
     <span class='ocr_line' id='line_1_1' title="bbox 357 312 1439 349; baseline 0 -1"><span class='ocrx_word' id='word_1_1' title='bbox 357 320 602 348; x_wconf 74' lang='lat' dir='ltr'>ENAnnATto</span> <span class='ocrx_word' id='word_1_2' title='bbox 634 322 678 348; x_wconf 78' lang='grc' dir='ltr'>ΙΝ</span> <span class='ocrx_word' id='word_1_3' title='bbox 712 320 910 347; x_wconf 73' lang='lat' dir='ltr'>PsALMUM</span> <span class='ocrx_word' id='word_1_4' title='bbox 948 321 1131 346; x_wconf 70' lang='lat' dir='ltr'>Lxxxiu.</span> <span class='ocrx_word' id='word_1_5' title='bbox 1368 312 1439 349; x_wconf 82' lang='lat'>151</span> 
     </span>
    </p>
   </div>
   <div class='ocr_carea' id='block_1_2' title="bbox 6 385 1456 2564">
    <p class='ocr_par' dir='ltr' id='par_1_2' title="bbox 6 385 1456 1854">
     <span class='ocr_line' id='line_1_2' title="bbox 31 385 1448 444; baseline 0.001 -14"><span class='ocrx_word' id='word_1_6' title='bbox 31 418 33 420; x_wconf 94' lang='lat'>-</span> <span class='ocrx_word' id='word_1_7' title='bbox 61 387 93 431; x_wconf 87' lang='lat' dir='ltr'>si</span> <span class='ocrx_word' id='word_1_8' title='bbox 113 386 245 431; x_wconf 91' lang='lat' dir='ltr'>modo</span> <span class='ocrx_word' id='word_1_9' title='bbox 261 388 345 431; x_wconf 89' lang='lat' dir='ltr'>hoc</span> <span class='ocrx_word' id='word_1_10' title='bbox 357 386 431 430; x_wconf 88' lang='lat' dir='ltr'>diu</span> <span class='ocrx_word' id='word_1_11' title='bbox 443 386 592 430; x_wconf 86' lang='lat' dir='ltr'>dicatis</span> <span class='ocrx_word' id='word_1_12' title='bbox 605 422 614 440; x_wconf 82' lang='lat'>‚</span> <span class='ocrx_word' id='word_1_13' title='bbox 640 401 727 430; x_wconf 89' lang='lat' dir='ltr'>non</span> <span class='ocrx_word' id='word_1_14' title='bbox 745 385 908 429; x_wconf 86' lang='lat' dir='ltr'>duratis</span> <span class='ocrx_word' id='word_1_15' title='bbox 925 421 935 440; x_wconf 86' lang='lat'>,</span> <span class='ocrx_word' id='word_1_16' title='bbox 957 385 1101 430; x_wconf 87' lang='lat' dir='ltr'>abillo</span> <span class='ocrx_word' id='word_1_17' title='bbox 1121 385 1280 444; x_wconf 82' lang='lat' dir='ltr'>gaudio</span> <span class='ocrx_word' id='word_1_18' title='bbox 1298 402 1448 431; x_wconf 84' lang='lat' dir='ltr'>neces-</span> 
     </span>
     <span class='ocr_line' id='line_1_3' title="bbox 59 455 1447 516; baseline 0 -15"><span class='ocrx_word' id='word_1_19' title='bbox 59 457 159 501; x_wconf 83' lang='lat' dir='ltr'><strong>sitas</strong></span> <span class='ocrx_word' id='word_1_20' title='bbox 186 473 262 501; x_wconf 91' lang='lat' dir='ltr'>vos</span> <span class='ocrx_word' id='word_1_21' title='bbox 295 457 462 501; x_wconf 84' lang='lat' dir='ltr'>avertit.</span> <span class='ocrx_word' id='word_1_22' title='bbox 490 459 546 501; x_wconf 89' lang='lat' dir='ltr'>Et</span> <span class='ocrx_word' id='word_1_23' title='bbox 578 457 680 516; x_wconf 87' lang='lat' dir='ltr'>quia</span> <span class='ocrx_word' id='word_1_24' title='bbox 703 473 792 500; x_wconf 90' lang='lat' dir='ltr'>non</span> <span class='ocrx_word' id='word_1_25' title='bbox 824 465 996 500; x_wconf 86' lang='lat' dir='ltr'>tantum</span> <span class='ocrx_word' id='word_1_26' title='bbox 1015 455 1204 500; x_wconf 84' lang='lat' dir='ltr'>delectat</span> <span class='ocrx_word' id='word_1_27' title='bbox 1223 456 1343 516; x_wconf 85' lang='lat' dir='ltr'>quod</span> <span class='ocrx_word' id='word_1_28' title='bbox 1361 473 1447 501; x_wconf 89' lang='lat' dir='ltr'>non</span> 
     </span>
     <span class='ocr_line' id='line_1_4' title="bbox 59 526 1449 586; baseline 0 -15"><span class='ocrx_word' id='word_1_29' title='bbox 59 526 248 580; x_wconf 70' lang='lat' dir='ltr'>videtur,</span> <span class='ocrx_word' id='word_1_30' title='bbox 274 527 307 571; x_wconf 89' lang='lat' dir='ltr'>si</span> <span class='ocrx_word' id='word_1_31' title='bbox 341 536 459 571; x_wconf 86' lang='lat' dir='ltr'>tanta</span> <span class='ocrx_word' id='word_1_32' title='bbox 493 526 715 571; x_wconf 74' lang='lat' dir='ltr'>alacritate</span> <span class='ocrx_word' id='word_1_33' title='bbox 743 527 789 570; x_wconf 90' lang='lat' dir='ltr'>in</span> <span class='ocrx_word' id='word_1_34' title='bbox 821 527 911 586; x_wconf 92' lang='lat' dir='ltr'>ipsa</span> <span class='ocrx_word' id='word_1_35' title='bbox 931 542 1128 586; x_wconf 86' lang='lat' dir='ltr'>pressura</span> <span class='ocrx_word' id='word_1_36' title='bbox 1152 536 1196 570; x_wconf 88' lang='lat' dir='ltr'>et</span> <span class='ocrx_word' id='word_1_37' title='bbox 1218 526 1449 584; x_wconf 79' lang='lat' dir='ltr'>fragilitate</span> 
     </span>
     <span class='ocr_line' id='line_1_5' title="bbox 59 596 1449 656; baseline 0 -15"><span class='ocrx_word' id='word_1_38' title='bbox 59 598 196 641; x_wconf 89' lang='lat' dir='ltr'>carnis</span> <span class='ocrx_word' id='word_1_39' title='bbox 224 596 453 641; x_wconf 83' lang='lat' dir='ltr'>laudamus</span> <span class='ocrx_word' id='word_1_40' title='bbox 487 596 607 656; x_wconf 88' lang='lat' dir='ltr'>quod</span> <span class='ocrx_word' id='word_1_41' title='bbox 645 596 887 651; x_wconf 85' lang='lat' dir='ltr'>credimus,</span> <span class='ocrx_word' id='word_1_42' title='bbox 920 596 1142 656; x_wconf 84' lang='lat' dir='ltr'>quomodo</span> <span class='ocrx_word' id='word_1_43' title='bbox 1174 597 1449 641; x_wconf 81' lang='lat' dir='ltr'>laudabimus</span> 
     </span>
     <span class='ocr_line' id='line_1_6' title="bbox 55 666 1442 729; baseline 0 -17"><span class='ocrx_word' id='word_1_44' title='bbox 55 668 176 729; x_wconf 85' lang='lat' dir='ltr'>quod</span> <span class='ocrx_word' id='word_1_45' title='bbox 195 667 469 711; x_wconf 76' lang='lat' dir='ltr'>videbimus?</span> <span class='ocrx_word' id='word_1_46' title='bbox 490 670 602 712; x_wconf 90' lang='lat' dir='ltr'>Cum</span> <span class='ocrx_word' id='word_1_47' title='bbox 624 667 824 727; x_wconf 79' lang='lat' dir='ltr'>absorpta</span> <span class='ocrx_word' id='word_1_48' title='bbox 846 666 978 711; x_wconf 81' lang='lat' dir='ltr'>fuerit</span> <span class='ocrx_word' id='word_1_49' title='bbox 1000 683 1114 712; x_wconf 79' lang='lat' dir='ltr'>mors</span> <span class='ocrx_word' id='word_1_50' title='bbox 1136 669 1182 712; x_wconf 91' lang='lat' dir='ltr'>in</span> <span class='ocrx_word' id='word_1_51' title='bbox 1203 669 1442 723; x_wconf 81' lang='lat' dir='ltr'>victoriam,</span> 
     </span>
     <span class='ocr_line' id='line_1_7' title="bbox 57 738 1450 799; baseline 0 -16"><span class='ocrx_word' id='word_1_52' title='bbox 57 754 158 783; x_wconf 91' lang='lat' dir='ltr'>cum</span> <span class='ocrx_word' id='word_1_53' title='bbox 176 738 359 782; x_wconf 79' lang='lat' dir='ltr'>mortale</span> <span class='ocrx_word' id='word_1_54' title='bbox 381 740 465 782; x_wconf 85' lang='lat' dir='ltr'>hoc</span> <span class='ocrx_word' id='word_1_55' title='bbox 482 738 1056 783; x_wconf 82' lang='lat' dir='ltr'>indueritimmortalitatem</span> <span class='ocrx_word' id='word_1_56' title='bbox 1071 775 1081 793; x_wconf 77' lang='lat'>‚</span> <span class='ocrx_word' id='word_1_57' title='bbox 1102 748 1145 783; x_wconf 87' lang='lat' dir='ltr'>et</span> <span class='ocrx_word' id='word_1_58' title='bbox 1166 739 1450 799; x_wconf 73' lang='lat' dir='ltr'>corruptibile</span> 
     </span>
     <span class='ocr_line' id='line_1_8' title="bbox 57 808 1448 867; baseline 0.001 -15"><span class='ocrx_word' id='word_1_59' title='bbox 57 809 141 852; x_wconf 87' lang='lat' dir='ltr'>hoc</span> <span class='ocrx_word' id='word_1_60' title='bbox 170 808 361 852; x_wconf 89' lang='lat' dir='ltr'>induerit</span> <span class='ocrx_word' id='word_1_61' title='bbox 397 809 772 867; x_wconf 77' lang='lat' dir='ltr'>incorruptionem</span> <span class='ocrx_word' id='word_1_62' title='bbox 794 812 824 863; x_wconf 79' lang='lat'>1,</span> <span class='ocrx_word' id='word_1_63' title='bbox 865 824 993 852; x_wconf 88' lang='lat' dir='ltr'>nemo</span> <span class='ocrx_word' id='word_1_64' title='bbox 1022 808 1164 863; x_wconf 83' lang='lat' dir='ltr'>dicet⁷</span> <span class='ocrx_word' id='word_1_65' title='bbox 1199 810 1283 853; x_wconf 89' lang='lat' dir='ltr'>Diu</span> <span class='ocrx_word' id='word_1_66' title='bbox 1313 810 1411 853; x_wconf 83' lang='lat' dir='ltr'>steti</span> <span class='ocrx_word' id='word_1_67' title='bbox 1439 829 1448 854; x_wconf 88' lang='lat'>:</span> 
     </span>
     <span class='ocr_line' id='line_1_9' title="bbox 56 877 1451 938; baseline 0.001 -16"><span class='ocrx_word' id='word_1_68' title='bbox 56 893 186 922; x_wconf 86' lang='lat' dir='ltr'>nemo</span> <span class='ocrx_word' id='word_1_69' title='bbox 220 877 336 922; x_wconf 88' lang='lat' dir='ltr'>dicet</span> <span class='ocrx_word' id='word_1_70' title='bbox 353 914 363 933; x_wconf 81' lang='lat'>‚</span> <span class='ocrx_word' id='word_1_71' title='bbox 402 879 484 922; x_wconf 85' lang='lat' dir='ltr'>Diu</span> <span class='ocrx_word' id='word_1_72' title='bbox 502 879 694 938; x_wconf 81' lang='lat' dir='ltr'>jejunavi</span> <span class='ocrx_word' id='word_1_73' title='bbox 711 914 721 931; x_wconf 79' lang='lat'>‚</span> <span class='ocrx_word' id='word_1_74' title='bbox 755 878 828 921; x_wconf 91' lang='lat' dir='ltr'>diu</span> <span class='ocrx_word' id='word_1_75' title='bbox 863 878 1050 935; x_wconf 81' lang='lat' dir='ltr'>vigilavi.</span> <span class='ocrx_word' id='word_1_76' title='bbox 1081 879 1299 923; x_wconf 85' lang='lat' dir='ltr'>Stabilitas</span> <span class='ocrx_word' id='word_1_77' title='bbox 1334 879 1451 923; x_wconf 87' lang='lat' dir='ltr'>enim</span> 
     </span>
     <span class='ocr_line' id='line_1_10' title="bbox 56 949 1451 1008; baseline -0.001 -14"><span class='ocrx_word' id='word_1_78' title='bbox 56 965 213 1008; x_wconf 81' lang='lat' dir='ltr'>magna</span> <span class='ocrx_word' id='word_1_79' title='bbox 231 949 289 992; x_wconf 84' lang='lat' dir='ltr'>ibi</span> <span class='ocrx_word' id='word_1_80' title='bbox 303 985 313 1003; x_wconf 84' lang='lat'>‚</span> <span class='ocrx_word' id='word_1_81' title='bbox 339 959 382 994; x_wconf 88' lang='lat' dir='ltr'>et</span> <span class='ocrx_word' id='word_1_82' title='bbox 399 949 490 1007; x_wconf 87' lang='lat' dir='ltr'>ipsa</span> <span class='ocrx_word' id='word_1_83' title='bbox 503 949 805 993; x_wconf 77' lang='lat' dir='ltr'>immortalitas</span> <span class='ocrx_word' id='word_1_84' title='bbox 818 950 906 1008; x_wconf 81' lang='lat' dir='ltr'>jam</span> <span class='ocrx_word' id='word_1_85' title='bbox 922 949 1113 1008; x_wconf 86' lang='lat' dir='ltr'>corporis</span> <span class='ocrx_word' id='word_1_86' title='bbox 1128 949 1262 993; x_wconf 86' lang='lat' dir='ltr'>nostri</span> <span class='ocrx_word' id='word_1_87' title='bbox 1275 965 1451 1008; x_wconf 90' lang='lat' dir='ltr'>suspen-</span> 
     </span>
     <span class='ocr_line' id='line_1_11' title="bbox 57 1018 1456 1078; baseline 0 -15"><span class='ocrx_word' id='word_1_88' title='bbox 57 1019 186 1063; x_wconf 86' lang='lat' dir='ltr'>detur</span> <span class='ocrx_word' id='word_1_89' title='bbox 216 1019 260 1062; x_wconf 94' lang='lat' dir='ltr'>in</span> <span class='ocrx_word' id='word_1_90' title='bbox 291 1018 707 1078; x_wconf 87' lang='lat' dir='ltr'>contemplationem</span> <span class='ocrx_word' id='word_1_91' title='bbox 743 1019 835 1062; x_wconf 88' lang='lat' dir='ltr'>Dei.</span> <span class='ocrx_word' id='word_1_92' title='bbox 872 1022 928 1062; x_wconf 83' lang='lat' dir='ltr'>Et</span> <span class='ocrx_word' id='word_1_93' title='bbox 954 1019 985 1062; x_wconf 91' lang='lat' dir='ltr'>si</span> <span class='ocrx_word' id='word_1_94' title='bbox 1008 1018 1141 1063; x_wconf 89' lang='lat' dir='ltr'>modo</span> <span class='ocrx_word' id='word_1_95' title='bbox 1162 1019 1346 1062; x_wconf 85' lang='lat' dir='ltr'>verbum</span> <span class='ocrx_word' id='word_1_96' title='bbox 1370 1019 1456 1063; x_wconf 90' lang='lat' dir='ltr'>hoc</span> 
     </span>
     <span class='ocr_line' id='line_1_12' title="bbox 56 1089 1452 1151; baseline -0.001 -17"><span class='ocrx_word' id='word_1_97' title='bbox 56 1089 176 1151; x_wconf 91' lang='lat' dir='ltr'>quod</span> <span class='ocrx_word' id='word_1_98' title='bbox 196 1089 320 1134; x_wconf 87' lang='lat' dir='ltr'>vobis</span> <span class='ocrx_word' id='word_1_99' title='bbox 343 1105 595 1148; x_wconf 81' lang='lat' dir='ltr'>erogamus,</span> <span class='ocrx_word' id='word_1_100' title='bbox 631 1089 785 1133; x_wconf 87' lang='lat' dir='ltr'>tandiu</span> <span class='ocrx_word' id='word_1_101' title='bbox 818 1089 1094 1148; x_wconf 71' lang='lat' dir='ltr'>fragilitatem</span> <span class='ocrx_word' id='word_1_102' title='bbox 1125 1091 1263 1133; x_wconf 87' lang='lat' dir='ltr'>carnis</span> <span class='ocrx_word' id='word_1_103' title='bbox 1293 1100 1452 1134; x_wconf 85' lang='lat' dir='ltr'>nostrae</span> 
     </span>
     <span class='ocr_line' id='line_1_13' title="bbox 55 1159 1450 1220; baseline 0 -15"><span class='ocrx_word' id='word_1_104' title='bbox 55 1169 240 1205; x_wconf 86' lang='lat' dir='ltr'>stantem</span> <span class='ocrx_word' id='word_1_105' title='bbox 258 1169 399 1214; x_wconf 78' lang='lat' dir='ltr'>tenet,</span> <span class='ocrx_word' id='word_1_106' title='bbox 426 1159 534 1219; x_wconf 85' lang='lat' dir='ltr'>quid</span> <span class='ocrx_word' id='word_1_107' title='bbox 557 1159 680 1203; x_wconf 84' lang='lat' dir='ltr'>nobis</span> <span class='ocrx_word' id='word_1_108' title='bbox 701 1159 829 1204; x_wconf 83' lang='lat' dir='ltr'>faciet</span> <span class='ocrx_word' id='word_1_109' title='bbox 845 1159 954 1203; x_wconf 87' lang='lat' dir='ltr'>illud</span> <span class='ocrx_word' id='word_1_110' title='bbox 969 1160 1209 1219; x_wconf 79' lang='lat' dir='ltr'>gaudium?</span> <span class='ocrx_word' id='word_1_111' title='bbox 1226 1160 1450 1220; x_wconf 88' lang='lat' dir='ltr'>quomodo</span> 
     </span>
     <span class='ocr_line' id='line_1_14' title="bbox 55 1229 1450 1296; baseline 0 -22"><span class='ocrx_word' id='word_1_112' title='bbox 55 1245 134 1274; x_wconf 91' lang='lat' dir='ltr'>nos</span> <span class='ocrx_word' id='word_1_113' title='bbox 154 1230 374 1274; x_wconf 76' lang='lat' dir='ltr'>mutabit?</span> <span class='ocrx_word' id='word_1_114' title='bbox 403 1248 420 1268; x_wconf 87' lang='lat'>«</span> <span class='ocrx_word' id='word_1_115' title='bbox 444 1229 618 1296; x_wconf 63' lang='lat' dir='ltr'>Similes</span> <span class='ocrx_word' id='word_1_116' title='bbox 640 1230 755 1273; x_wconf 86' lang='lat' dir='ltr'>enim</span> <span class='ocrx_word' id='word_1_117' title='bbox 779 1230 816 1272; x_wconf 89' lang='lat' dir='ltr'>ei</span> <span class='ocrx_word' id='word_1_118' title='bbox 849 1231 1030 1284; x_wconf 87' lang='lat' dir='ltr'>erimus,</span> <span class='ocrx_word' id='word_1_119' title='bbox 1048 1231 1253 1291; x_wconf 87' lang='lat' dir='ltr'>quoniam</span> <span class='ocrx_word' id='word_1_120' title='bbox 1275 1231 1450 1275; x_wconf 88' lang='lat' dir='ltr'>videbi-</span> 
     </span>
     <span class='ocr_line' id='line_1_15' title="bbox 60 1299 1450 1360; baseline 0.002 -18"><span class='ocrx_word' id='word_1_121' title='bbox 60 1320 78 1342; x_wconf 87' lang='lat'>»</span> <span class='ocrx_word' id='word_1_122' title='bbox 114 1315 210 1343; x_wconf 88' lang='lat' dir='ltr'>mus</span> <span class='ocrx_word' id='word_1_123' title='bbox 231 1315 331 1343; x_wconf 87' lang='lat' dir='ltr'>eum</span> <span class='ocrx_word' id='word_1_124' title='bbox 350 1300 475 1343; x_wconf 86' lang='lat' dir='ltr'>sicuti</span> <span class='ocrx_word' id='word_1_125' title='bbox 498 1304 604 1343; x_wconf 68' lang='lat' dir='ltr'>cst‘2.</span> <span class='ocrx_word' id='word_1_126' title='bbox 638 1320 654 1339; x_wconf 84' lang='lat'>»</span> <span class='ocrx_word' id='word_1_127' title='bbox 681 1303 779 1343; x_wconf 82' lang='lat' dir='ltr'>Jam</span> <span class='ocrx_word' id='word_1_128' title='bbox 797 1299 954 1343; x_wconf 86' lang='lat' dir='ltr'>similes</span> <span class='ocrx_word' id='word_1_129' title='bbox 977 1299 1064 1355; x_wconf 81' lang='lat' dir='ltr'>illi,</span> <span class='ocrx_word' id='word_1_130' title='bbox 1086 1302 1263 1360; x_wconf 83' lang='lat' dir='ltr'>quando</span> <span class='ocrx_word' id='word_1_131' title='bbox 1281 1300 1450 1345; x_wconf 87' lang='lat' dir='ltr'>deficie-</span> 
     </span>
     <span class='ocr_line' id='line_1_16' title="bbox 54 1369 1449 1430; baseline 0.001 -17"><span class='ocrx_word' id='word_1_132' title='bbox 54 1372 182 1414; x_wconf 74' lang='lat' dir='ltr'>mus?</span> <span class='ocrx_word' id='word_1_133' title='bbox 199 1386 288 1430; x_wconf 88' lang='lat' dir='ltr'>quo</span> <span class='ocrx_word' id='word_1_134' title='bbox 312 1371 587 1414; x_wconf 72' lang='lat' dir='ltr'>avertemur?</span> <span class='ocrx_word' id='word_1_135' title='bbox 607 1371 755 1414; x_wconf 91' lang='lat' dir='ltr'>Securi</span> <span class='ocrx_word' id='word_1_136' title='bbox 778 1386 880 1428; x_wconf 84' lang='lat' dir='ltr'>ergo</span> <span class='ocrx_word' id='word_1_137' title='bbox 903 1370 1034 1414; x_wconf 86' lang='lat' dir='ltr'>simus</span> <span class='ocrx_word' id='word_1_138' title='bbox 1046 1406 1056 1425; x_wconf 85' lang='lat'>,</span> <span class='ocrx_word' id='word_1_139' title='bbox 1074 1369 1226 1414; x_wconf 85' lang='lat' dir='ltr'>fratres</span> <span class='ocrx_word' id='word_1_140' title='bbox 1241 1406 1252 1426; x_wconf 78' lang='lat'>,</span> <span class='ocrx_word' id='word_1_141' title='bbox 1269 1386 1357 1415; x_wconf 88' lang='lat' dir='ltr'>non</span> <span class='ocrx_word' id='word_1_142' title='bbox 1371 1388 1449 1416; x_wconf 88' lang='lat' dir='ltr'>nos</span> 
     </span>
     <span class='ocr_line' id='line_1_17' title="bbox 55 1440 1451 1497; baseline 0.001 -13"><span class='ocrx_word' id='word_1_143' title='bbox 55 1440 228 1484; x_wconf 84' lang='lat' dir='ltr'>satiabit</span> <span class='ocrx_word' id='word_1_144' title='bbox 248 1440 343 1484; x_wconf 88' lang='lat' dir='ltr'>laus</span> <span class='ocrx_word' id='word_1_145' title='bbox 369 1441 465 1493; x_wconf 69' lang='lat' dir='ltr'>Dei‚</span> <span class='ocrx_word' id='word_1_146' title='bbox 490 1456 611 1484; x_wconf 88' lang='lat' dir='ltr'>amor</span> <span class='ocrx_word' id='word_1_147' title='bbox 632 1440 724 1485; x_wconf 87' lang='lat' dir='ltr'>Dei.</span> <span class='ocrx_word' id='word_1_148' title='bbox 749 1441 790 1485; x_wconf 89' lang='lat' dir='ltr'>Si</span> <span class='ocrx_word' id='word_1_149' title='bbox 814 1441 986 1485; x_wconf 88' lang='lat' dir='ltr'>deficies</span> <span class='ocrx_word' id='word_1_150' title='bbox 1005 1441 1060 1484; x_wconf 84' lang='lat' dir='ltr'>ab</span> <span class='ocrx_word' id='word_1_151' title='bbox 1084 1457 1251 1497; x_wconf 81' lang='lat' dir='ltr'>amore,</span> <span class='ocrx_word' id='word_1_152' title='bbox 1277 1440 1451 1486; x_wconf 85' lang='lat' dir='ltr'>deficies</span> 
     </span>
     <span class='ocr_line' id='line_1_18' title="bbox 6 1510 1450 1571; baseline 0 -16"><span class='ocrx_word' id='word_1_153' title='bbox 6 1535 13 1538; x_wconf 81' lang='lat'><em>.</em></span> <span class='ocrx_word' id='word_1_154' title='bbox 55 1528 79 1555; x_wconf 89' lang='lat' dir='ltr'>a</span> <span class='ocrx_word' id='word_1_155' title='bbox 99 1510 243 1555; x_wconf 89' lang='lat' dir='ltr'>laude.</span> <span class='ocrx_word' id='word_1_156' title='bbox 269 1511 311 1555; x_wconf 87' lang='lat' dir='ltr'>Si</span> <span class='ocrx_word' id='word_1_157' title='bbox 334 1520 479 1554; x_wconf 90' lang='lat' dir='ltr'>autem</span> <span class='ocrx_word' id='word_1_158' title='bbox 499 1526 626 1559; x_wconf 88' lang='lat' dir='ltr'>amor</span> <span class='ocrx_word' id='word_1_159' title='bbox 643 1512 930 1570; x_wconf 82' lang='lat' dir='ltr'>sempiternus</span> <span class='ocrx_word' id='word_1_160' title='bbox 948 1512 1050 1566; x_wconf 77' lang='lat' dir='ltr'>erit,</span> <span class='ocrx_word' id='word_1_161' title='bbox 1072 1512 1172 1571; x_wconf 88' lang='lat' dir='ltr'>quia</span> <span class='ocrx_word' id='word_1_162' title='bbox 1191 1511 1262 1555; x_wconf 88' lang='lat' dir='ltr'>illa</span> <span class='ocrx_word' id='word_1_163' title='bbox 1277 1512 1450 1557; x_wconf 87' lang='lat' dir='ltr'>insatia-</span> 
     </span>
     <span class='ocr_line' id='line_1_19' title="bbox 55 1581 1448 1644; baseline 0.002 -19"><span class='ocrx_word' id='word_1_164' title='bbox 55 1581 152 1626; x_wconf 89' lang='lat' dir='ltr'>bilis</span> <span class='ocrx_word' id='word_1_165' title='bbox 175 1581 459 1642; x_wconf 81' lang='lat' dir='ltr'>pulchritudo</span> <span class='ocrx_word' id='word_1_166' title='bbox 480 1583 587 1633; x_wconf 81' lang='lat' dir='ltr'>erit3</span> <span class='ocrx_word' id='word_1_167' title='bbox 612 1582 703 1626; x_wconf 89' lang='lat' dir='ltr'>noli</span> <span class='ocrx_word' id='word_1_168' title='bbox 727 1582 878 1637; x_wconf 87' lang='lat' dir='ltr'>timere</span> <span class='ocrx_word' id='word_1_169' title='bbox 896 1618 906 1635; x_wconf 67' lang='lat'><strong>⁷</strong></span> <span class='ocrx_word' id='word_1_170' title='bbox 927 1598 983 1626; x_wconf 89' lang='lat' dir='ltr'>ne</span> <span class='ocrx_word' id='word_1_171' title='bbox 1000 1599 1089 1626; x_wconf 90' lang='lat' dir='ltr'>non</span> <span class='ocrx_word' id='word_1_172' title='bbox 1122 1584 1255 1642; x_wconf 88' lang='lat' dir='ltr'>possis</span> <span class='ocrx_word' id='word_1_173' title='bbox 1277 1599 1448 1644; x_wconf 81' lang='lat' dir='ltr'>semper</span> 
     </span>
     <span class='ocr_line' id='line_1_20' title="bbox 53 1652 1448 1717; baseline 0.002 -20"><span class='ocrx_word' id='word_1_174' title='bbox 53 1652 232 1698; x_wconf 88' lang='lat' dir='ltr'>laudare</span> <span class='ocrx_word' id='word_1_175' title='bbox 248 1688 258 1708; x_wconf 79' lang='grc'>,</span> <span class='ocrx_word' id='word_1_176' title='bbox 283 1669 413 1714; x_wconf 87' lang='lat' dir='ltr'>quem</span> <span class='ocrx_word' id='word_1_177' title='bbox 443 1669 613 1713; x_wconf 84' lang='lat' dir='ltr'>semper</span> <span class='ocrx_word' id='word_1_178' title='bbox 634 1653 796 1713; x_wconf 88' lang='lat' dir='ltr'>poteris</span> <span class='ocrx_word' id='word_1_179' title='bbox 818 1669 978 1697; x_wconf 80' lang='lat' dir='ltr'>amare.</span> <span class='ocrx_word' id='word_1_180' title='bbox 1006 1657 1124 1713; x_wconf 82' lang='lat' dir='ltr'>Ergo</span> <span class='ocrx_word' id='word_1_181' title='bbox 1146 1689 1156 1710; x_wconf 64' lang='lat' dir='ltr'>a</span> <span class='ocrx_word' id='word_1_182' title='bbox 1182 1673 1199 1693; x_wconf 94' lang='lat'>«</span> <span class='ocrx_word' id='word_1_183' title='bbox 1222 1656 1343 1699; x_wconf 86' lang='lat' dir='ltr'>Beati</span> <span class='ocrx_word' id='word_1_184' title='bbox 1372 1657 1448 1717; x_wconf 87' lang='lat' dir='ltr'>qui</span> 
     </span>
     <span class='ocr_line' id='line_1_21' title="bbox 61 1724 1449 1779; baseline 0.004 -13"><span class='ocrx_word' id='word_1_185' title='bbox 61 1744 78 1766; x_wconf 81' lang='lat'>»</span> <span class='ocrx_word' id='word_1_186' title='bbox 113 1724 315 1769; x_wconf 85' lang='lat' dir='ltr'>habitant</span> <span class='ocrx_word' id='word_1_187' title='bbox 337 1724 382 1768; x_wconf 87' lang='lat' dir='ltr'>in</span> <span class='ocrx_word' id='word_1_188' title='bbox 404 1724 536 1768; x_wconf 90' lang='lat' dir='ltr'>domo</span> <span class='ocrx_word' id='word_1_189' title='bbox 558 1733 633 1768; x_wconf 88' lang='lat' dir='ltr'>tua</span> <span class='ocrx_word' id='word_1_190' title='bbox 649 1760 660 1779; x_wconf 76' lang='lat'>,</span> <span class='ocrx_word' id='word_1_191' title='bbox 680 1725 726 1768; x_wconf 89' lang='lat' dir='ltr'>in</span> <span class='ocrx_word' id='word_1_192' title='bbox 742 1725 899 1769; x_wconf 83' lang='lat' dir='ltr'>saecula</span> <span class='ocrx_word' id='word_1_193' title='bbox 921 1725 1180 1770; x_wconf 81' lang='lat' dir='ltr'>saeculorum</span> <span class='ocrx_word' id='word_1_194' title='bbox 1201 1725 1449 1772; x_wconf 86' lang='lat' dir='ltr'>laudabunt</span> 
     </span>
     <span class='ocr_line' id='line_1_22' title="bbox 60 1795 772 1854; baseline 0.003 -18"><span class='ocrx_word' id='word_1_195' title='bbox 60 1814 76 1836; x_wconf 89' lang='lat'>»</span> <span class='ocrx_word' id='word_1_196' title='bbox 112 1804 170 1839; x_wconf 89' lang='lat' dir='ltr'>te.</span> <span class='ocrx_word' id='word_1_197' title='bbox 195 1815 213 1836; x_wconf 70' lang='grc' dir='ltr'>ι)</span> <span class='ocrx_word' id='word_1_198' title='bbox 240 1795 353 1838; x_wconf 85' lang='lat' dir='ltr'>Huic</span> <span class='ocrx_word' id='word_1_199' title='bbox 375 1795 475 1839; x_wconf 83' lang='lat' dir='ltr'>vitae</span> <span class='ocrx_word' id='word_1_200' title='bbox 496 1795 772 1854; x_wconf 84' lang='lat' dir='ltr'>suspiremus.</span> 
     </span>
    </p>

    <p class='ocr_par' dir='ltr' id='par_1_3' title="bbox 53 1864 1452 2564">
     <span class='ocr_line' id='line_1_23' title="bbox 113 1864 1449 1928; baseline 0.003 -19"><span class='ocrx_word' id='word_1_201' title='bbox 113 1868 192 1909; x_wconf 88' lang='lat' dir='ltr'>IX.</span> <span class='ocrx_word' id='word_1_202' title='bbox 232 1865 315 1910; x_wconf 88' lang='lat' dir='ltr'>Sed</span> <span class='ocrx_word' id='word_1_203' title='bbox 331 1865 554 1925; x_wconf 82' lang='lat' dir='ltr'>quomodo</span> <span class='ocrx_word' id='word_1_204' title='bbox 571 1864 707 1909; x_wconf 79' lang='lat' dir='ltr'>illuc?</span> <span class='ocrx_word' id='word_1_205' title='bbox 729 1885 748 1907; x_wconf 87' lang='lat'>«</span> <span class='ocrx_word' id='word_1_206' title='bbox 766 1869 922 1910; x_wconf 87' lang='lat' dir='ltr'>Beatus</span> <span class='ocrx_word' id='word_1_207' title='bbox 935 1866 1000 1910; x_wconf 85' lang='lat' dir='ltr'>vir</span> <span class='ocrx_word' id='word_1_208' title='bbox 1016 1868 1139 1926; x_wconf 84' lang='lat' dir='ltr'>cujus</span> <span class='ocrx_word' id='word_1_209' title='bbox 1157 1876 1219 1911; x_wconf 85' lang='lat' dir='ltr'>est</span> <span class='ocrx_word' id='word_1_210' title='bbox 1232 1868 1449 1928; x_wconf 85' lang='lat' dir='ltr'>susceptio</span> 
     </span>
     <span class='ocr_line' id='line_1_24' title="bbox 59 1935 1451 1998; baseline 0.004 -20"><span class='ocrx_word' id='word_1_211' title='bbox 59 1956 77 1978; x_wconf 87' lang='lat'>»</span> <span class='ocrx_word' id='word_1_212' title='bbox 113 1937 205 1996; x_wconf 87' lang='lat' dir='ltr'>ejus</span> <span class='ocrx_word' id='word_1_213' title='bbox 223 1936 381 1988; x_wconf 80' lang='lat' dir='ltr'>abste,</span> <span class='ocrx_word' id='word_1_214' title='bbox 415 1937 643 1979; x_wconf 64' lang='lat' dir='ltr'>Dominess.</span> <span class='ocrx_word' id='word_1_215' title='bbox 673 1954 692 1976; x_wconf 87' lang='lat'>»</span> <span class='ocrx_word' id='word_1_216' title='bbox 720 1935 938 1979; x_wconf 80' lang='lat' dir='ltr'>Intellexit</span> <span class='ocrx_word' id='word_1_217' title='bbox 972 1936 1050 1980; x_wconf 86' lang='lat' dir='ltr'>ubi</span> <span class='ocrx_word' id='word_1_218' title='bbox 1082 1947 1214 1992; x_wconf 74' lang='lat' dir='ltr'>esset,</span> <span class='ocrx_word' id='word_1_219' title='bbox 1246 1939 1345 1998; x_wconf 84' lang='lat' dir='ltr'>quia</span> <span class='ocrx_word' id='word_1_220' title='bbox 1373 1954 1451 1998; x_wconf 89' lang='lat' dir='ltr'>per</span> 
     </span>
     <span class='ocr_line' id='line_1_25' title="bbox 54 2005 1450 2064; baseline 0.003 -14"><span class='ocrx_word' id='word_1_221' title='bbox 54 2005 332 2064; x_wconf 83' lang='lat' dir='ltr'>fragilitatem</span> <span class='ocrx_word' id='word_1_222' title='bbox 361 2008 500 2050; x_wconf 88' lang='lat' dir='ltr'>carnis</span> <span class='ocrx_word' id='word_1_223' title='bbox 525 2023 613 2050; x_wconf 82' lang='lat' dir='ltr'>suae</span> <span class='ocrx_word' id='word_1_224' title='bbox 636 2011 691 2050; x_wconf 88' lang='lat' dir='ltr'>ad</span> <span class='ocrx_word' id='word_1_225' title='bbox 714 2006 832 2051; x_wconf 86' lang='lat' dir='ltr'>illam</span> <span class='ocrx_word' id='word_1_226' title='bbox 856 2006 1171 2052; x_wconf 86' lang='lat' dir='ltr'>beatitudinem</span> <span class='ocrx_word' id='word_1_227' title='bbox 1191 2008 1336 2053; x_wconf 88' lang='lat' dir='ltr'>volare</span> <span class='ocrx_word' id='word_1_228' title='bbox 1359 2026 1450 2054; x_wconf 89' lang='lat' dir='ltr'>non</span> 
     </span>
     <span class='ocr_line' id='line_1_26' title="bbox 53 2078 1448 2138; baseline 0.003 -16"><span class='ocrx_word' id='word_1_229' title='bbox 53 2087 198 2138; x_wconf 89' lang='lat' dir='ltr'>posset</span> <span class='ocrx_word' id='word_1_230' title='bbox 222 2094 232 2121; x_wconf 88' lang='grc'>.-</span> <span class='ocrx_word' id='word_1_231' title='bbox 259 2079 564 2138; x_wconf 76' lang='lat' dir='ltr'>circumspexit</span> <span class='ocrx_word' id='word_1_232' title='bbox 580 2079 774 2138; x_wconf 85' lang='lat' dir='ltr'>pondera</span> <span class='ocrx_word' id='word_1_233' title='bbox 794 2094 870 2122; x_wconf 91' lang='lat' dir='ltr'>sua</span> <span class='ocrx_word' id='word_1_234' title='bbox 892 2099 902 2136; x_wconf 78' lang='lat'><em>3</em></span> <span class='ocrx_word' id='word_1_235' title='bbox 926 2080 1027 2138; x_wconf 86' lang='lat' dir='ltr'>quia</span> <span class='ocrx_word' id='word_1_236' title='bbox 1043 2078 1210 2123; x_wconf 76' lang='lat' dir='ltr'>dicitur</span> <span class='ocrx_word' id='word_1_237' title='bbox 1223 2079 1307 2124; x_wconf 86' lang='lat' dir='ltr'>alio</span> <span class='ocrx_word' id='word_1_238' title='bbox 1324 2081 1422 2126; x_wconf 90' lang='lat' dir='ltr'>loco</span> <span class='ocrx_word' id='word_1_239' title='bbox 1439 2101 1448 2126; x_wconf 90' lang='lat'>:</span> 
     </span>
     <span class='ocr_line' id='line_1_27' title="bbox 59 2149 1450 2210; baseline 0.004 -20"><span class='ocrx_word' id='word_1_240' title='bbox 59 2168 76 2190; x_wconf 91' lang='lat'>«</span> <span class='ocrx_word' id='word_1_241' title='bbox 113 2151 281 2208; x_wconf 90' lang='lat' dir='ltr'>Corpus</span> <span class='ocrx_word' id='word_1_242' title='bbox 307 2150 422 2192; x_wconf 87' lang='lat' dir='ltr'>enim</span> <span class='ocrx_word' id='word_1_243' title='bbox 447 2149 565 2210; x_wconf 87' lang='lat' dir='ltr'>quod</span> <span class='ocrx_word' id='word_1_244' title='bbox 599 2150 894 2209; x_wconf 87' lang='lat' dir='ltr'>corrumpitur</span> <span class='ocrx_word' id='word_1_245' title='bbox 925 2160 1130 2209; x_wconf 83' lang='lat' dir='ltr'>aggravat</span> <span class='ocrx_word' id='word_1_246' title='bbox 1157 2151 1346 2194; x_wconf 83' lang='lat' dir='ltr'>animam</span> <span class='ocrx_word' id='word_1_247' title='bbox 1367 2187 1379 2206; x_wconf 77' lang='lat'><strong>‚</strong></span> <span class='ocrx_word' id='word_1_248' title='bbox 1407 2161 1450 2196; x_wconf 87' lang='lat' dir='ltr'>et</span> 
     </span>
     <span class='ocr_line' id='line_1_28' title="bbox 59 2219 1451 2281; baseline 0.002 -18"><span class='ocrx_word' id='word_1_249' title='bbox 59 2240 77 2262; x_wconf 89' lang='lat'>»</span> <span class='ocrx_word' id='word_1_250' title='bbox 113 2219 319 2279; x_wconf 87' lang='lat' dir='ltr'>deprimit</span> <span class='ocrx_word' id='word_1_251' title='bbox 351 2230 522 2264; x_wconf 82' lang='lat' dir='ltr'>terrena</span> <span class='ocrx_word' id='word_1_252' title='bbox 562 2221 824 2265; x_wconf 84' lang='lat' dir='ltr'>inhabitatio</span> <span class='ocrx_word' id='word_1_253' title='bbox 863 2237 1038 2265; x_wconf 87' lang='lat' dir='ltr'>sensum</span> <span class='ocrx_word' id='word_1_254' title='bbox 1075 2220 1214 2265; x_wconf 88' lang='lat' dir='ltr'>multa</span> <span class='ocrx_word' id='word_1_255' title='bbox 1251 2223 1451 2281; x_wconf 83' lang='lat' dir='ltr'>cogitan-</span> 
     </span>
     <span class='ocr_line' id='line_1_29' title="bbox 57 2291 1447 2351; baseline 0.005 -20"><span class='ocrx_word' id='word_1_256' title='bbox 57 2311 75 2331; x_wconf 86' lang='lat'>»</span> <span class='ocrx_word' id='word_1_257' title='bbox 110 2299 199 2334; x_wconf 88' lang='lat' dir='ltr'>tem</span> <span class='ocrx_word' id='word_1_258' title='bbox 216 2291 248 2334; x_wconf 75' lang='lat'>4.</span> <span class='ocrx_word' id='word_1_259' title='bbox 274 2310 292 2331; x_wconf 90' lang='lat'>»</span> <span class='ocrx_word' id='word_1_260' title='bbox 323 2291 506 2350; x_wconf 83' lang='lat' dir='ltr'>Spiritus</span> <span class='ocrx_word' id='word_1_261' title='bbox 528 2308 697 2338; x_wconf 85' lang='lat' dir='ltr'>sursum</span> <span class='ocrx_word' id='word_1_262' title='bbox 718 2301 860 2345; x_wconf 88' lang='lat' dir='ltr'>vocat,</span> <span class='ocrx_word' id='word_1_263' title='bbox 885 2292 1059 2351; x_wconf 84' lang='lat' dir='ltr'>pondus</span> <span class='ocrx_word' id='word_1_264' title='bbox 1081 2293 1221 2336; x_wconf 85' lang='lat' dir='ltr'>earnis</span> <span class='ocrx_word' id='word_1_265' title='bbox 1243 2292 1447 2338; x_wconf 88' lang='lat' dir='ltr'>deorsum</span> 
     </span>
     <span class='ocr_line' id='line_1_30' title="bbox 53 2361 1452 2423; baseline 0.004 -19"><span class='ocrx_word' id='word_1_266' title='bbox 53 2370 251 2405; x_wconf 89' lang='lat' dir='ltr'>revocat:</span> <span class='ocrx_word' id='word_1_267' title='bbox 273 2362 387 2405; x_wconf 89' lang='lat' dir='ltr'>inter</span> <span class='ocrx_word' id='word_1_268' title='bbox 417 2361 526 2406; x_wconf 90' lang='lat' dir='ltr'>duos</span> <span class='ocrx_word' id='word_1_269' title='bbox 550 2372 731 2406; x_wconf 88' lang='lat' dir='ltr'>conatus</span> <span class='ocrx_word' id='word_1_270' title='bbox 754 2363 1044 2422; x_wconf 81' lang='lat' dir='ltr'>suspensionis</span> <span class='ocrx_word' id='word_1_271' title='bbox 1067 2374 1109 2407; x_wconf 89' lang='lat' dir='ltr'>et</span> <span class='ocrx_word' id='word_1_272' title='bbox 1131 2364 1335 2423; x_wconf 87' lang='lat' dir='ltr'>ponderis</span> <span class='ocrx_word' id='word_1_273' title='bbox 1357 2365 1452 2410; x_wconf 91' lang='lat' dir='ltr'>col-</span> 
     </span>
     <span class='ocr_line' id='line_1_31' title="bbox 53 2431 1448 2495; baseline 0.004 -19"><span class='ocrx_word' id='word_1_274' title='bbox 53 2431 234 2477; x_wconf 90' lang='lat' dir='ltr'>luctatio</span> <span class='ocrx_word' id='word_1_275' title='bbox 274 2432 477 2493; x_wconf 84' lang='lat' dir='ltr'>quaedam</span> <span class='ocrx_word' id='word_1_276' title='bbox 517 2443 612 2490; x_wconf 78' lang='lat' dir='ltr'>est3</span> <span class='ocrx_word' id='word_1_277' title='bbox 649 2443 694 2477; x_wconf 88' lang='lat' dir='ltr'>et</span> <span class='ocrx_word' id='word_1_278' title='bbox 725 2434 814 2493; x_wconf 88' lang='lat' dir='ltr'>ipsa</span> <span class='ocrx_word' id='word_1_279' title='bbox 848 2433 1098 2479; x_wconf 87' lang='lat' dir='ltr'>colluctatio</span> <span class='ocrx_word' id='word_1_280' title='bbox 1121 2434 1175 2478; x_wconf 89' lang='lat' dir='ltr'>ad</span> <span class='ocrx_word' id='word_1_281' title='bbox 1203 2451 1448 2495; x_wconf 88' lang='lat' dir='ltr'>pressuram</span> 
     </span>
     <span class='ocr_line' id='line_1_32' title="bbox 53 2503 1451 2564; baseline 0.003 -18"><span class='ocrx_word' id='word_1_282' title='bbox 53 2503 242 2563; x_wconf 88' lang='lat' dir='ltr'>pertinet</span> <span class='ocrx_word' id='word_1_283' title='bbox 277 2503 519 2548; x_wconf 87' lang='lat' dir='ltr'>torcularis.</span> <span class='ocrx_word' id='word_1_284' title='bbox 556 2503 672 2548; x_wconf 83' lang='lat' dir='ltr'>Audi</span> <span class='ocrx_word' id='word_1_285' title='bbox 694 2504 831 2564; x_wconf 82' lang='lat' dir='ltr'>ipsam</span> <span class='ocrx_word' id='word_1_286' title='bbox 853 2504 1018 2549; x_wconf 87' lang='lat' dir='ltr'>luctam</span> <span class='ocrx_word' id='word_1_287' title='bbox 1056 2505 1111 2549; x_wconf 85' lang='lat' dir='ltr'>de</span> <span class='ocrx_word' id='word_1_288' title='bbox 1151 2506 1357 2550; x_wconf 83' lang='lat' dir='ltr'>torculari</span> <span class='ocrx_word' id='word_1_289' title='bbox 1395 2507 1451 2551; x_wconf 89' lang='lat' dir='ltr'>ab</span> 
     </span>
    </p>
   </div>
   <div class='ocr_carea' id='block_1_3' title="bbox 57 2600 1450 2695">
    <p class='ocr_par' dir='ltr' id='par_1_4' title="bbox 57 2600 1450 2695">
     <span class='ocr_line' id='line_1_33' title="bbox 108 2600 1450 2646; baseline 0.002 -14"><span class='ocrx_word' id='word_1_290' title='bbox 108 2606 117 2622; x_wconf 87' lang='lat'>¹</span> <span class='ocrx_word' id='word_1_291' title='bbox 139 2611 152 2631; x_wconf 80' lang='lat'>1</span> <span class='ocrx_word' id='word_1_292' title='bbox 175 2601 248 2632; x_wconf 84' lang='lat' dir='ltr'>Cor.</span> <span class='ocrx_word' id='word_1_293' title='bbox 263 2612 318 2641; x_wconf 83' lang='lat' dir='ltr'>xv,</span> <span class='ocrx_word' id='word_1_294' title='bbox 338 2601 392 2640; x_wconf 82' lang='lat'>53,</span> <span class='ocrx_word' id='word_1_295' title='bbox 418 2600 471 2642; x_wconf 68' lang='grc'>54,</span> <span class='ocrx_word' id='word_1_296' title='bbox 494 2619 536 2624; x_wconf 91' lang='lat'>—-</span> <span class='ocrx_word' id='word_1_297' title='bbox 559 2608 572 2624; x_wconf 90' lang='lat'>²</span> <span class='ocrx_word' id='word_1_298' title='bbox 604 2613 613 2632; x_wconf 81' lang='grc' dir='ltr'><strong><em>ι</em></strong></span> <span class='ocrx_word' id='word_1_299' title='bbox 638 2604 730 2634; x_wconf 83' lang='lat' dir='ltr'>Joan.</span> <span class='ocrx_word' id='word_1_300' title='bbox 750 2613 797 2643; x_wconf 84' lang='lat' dir='ltr'>in,</span> <span class='ocrx_word' id='word_1_301' title='bbox 817 2612 849 2634; x_wconf 81' lang='lat'>2.</span> <span class='ocrx_word' id='word_1_302' title='bbox 871 2619 913 2625; x_wconf 90' lang='lat'>·-—</span> <span class='ocrx_word' id='word_1_303' title='bbox 936 2601 1050 2635; x_wconf 80' lang='lat' dir='ltr'>3Psal.</span> <span class='ocrx_word' id='word_1_304' title='bbox 1070 2614 1200 2645; x_wconf 72' lang='lat' dir='ltr'>Lxxxni,</span> <span class='ocrx_word' id='word_1_305' title='bbox 1223 2604 1255 2635; x_wconf 91' lang='lat'>6.</span> <span class='ocrx_word' id='word_1_306' title='bbox 1283 2621 1324 2626; x_wconf 91' lang='lat'><strong>—</strong></span> <span class='ocrx_word' id='word_1_307' title='bbox 1342 2602 1357 2633; x_wconf 74' lang='grc'>4</span> <span class='ocrx_word' id='word_1_308' title='bbox 1375 2606 1450 2646; x_wconf 89' lang='lat' dir='ltr'>Sap.</span> 
     </span>
     <span class='ocr_line' id='line_1_34' title="bbox 57 2655 174 2695; baseline 0.009 -9"><span class='ocrx_word' id='word_1_309' title='bbox 57 2664 102 2695; x_wconf 70' lang='lat' dir='ltr'>ix,</span> <span class='ocrx_word' id='word_1_310' title='bbox 125 2655 174 2687; x_wconf 81' lang='lat'>15.</span> 
     </span>
    </p>
   </div>
  </div>
 </body>
</html>
