1926 3339
453 314 536 355 264
875 327 908 356 s.
946 330 1175 356 ricensa-[m
1207 329 1387 356 EPlscom

448 403 668 454 assumpta
697 396 802 450 est¹,
834 394 1073 440 secundum
1100 393 1221 453 quod
1244 394 1297 438 ab
1320 393 1394 438 illo
1416 394 1492 453 qui
1520 394 1567 437 in
1587 392 1725 438 forma
1752 392 1832 438 Dei

448 464 627 525 aequalis
655 474 718 509 est
741 466 879 520 Patri,
913 465 1051 509 forma
1073 465 1183 509 servi
1206 475 1402 524 suscepta
1420 474 1484 508 est
1499 500 1509 520 ,
1535 474 1579 509 et
1606 465 1746 509 factus
1769 478 1834 510 est

453 536 660 580 obediens
682 551 820 595 usque
843 535 898 579 ad
920 544 1103 579 mortem
1119 571 1129 590 ,
1150 545 1333 579 mortem
1357 545 1504 579 autem
1526 536 1705 580 erucis2.

504 609 674 651 XXIII.
706 625 726 647 «
747 609 845 651 Non
864 606 1063 665 proficiet
1083 606 1283 650 inimicus
1300 606 1346 649 in
1368 621 1434 650 eo.
1463 624 1482 647 n
1505 607 1634 651 Saevit
1655 605 1834 666 quidem

447 678 670 731 inimicus,
697 676 773 720 sed
799 692 888 720 nou
910 676 1113 735 proficiet
1133 677 1178 720 in
1209 691 1260 720 eo
1288 696 1296 722 :
1321 676 1429 721 solet
1451 677 1626 736 quidem
1653 693 1830 732 nocere,

446 749 520 792 sed
544 763 632 791 non
660 747 849 791 nocebit.
885 747 998 800 Quid
1020 756 1081 791 est
1103 762 1204 804 ergo
1226 746 1347 807 quod
1370 748 1558 806 affliget?
1582 748 1831 805 Exercebit‚

446 833 536 863 non
557 817 745 862 nocebit.
772 817 972 862 Proderit
993 816 1232 872 saeviendo,
1259 818 1359 878 quia
1383 817 1427 861 in
1456 833 1566 878 quos
1589 819 1708 862 saevit
1724 853 1734 873 ‚
1766 834 1836 863 eo·
1898 808 1923 855 Ῐ-

445 888 722 933 ronabuntur
746 888 975 932 vincendo.
999 887 1113 940 Quid
1141 888 1256 931 enim
1278 888 1481 943 vincitur,
1502 889 1535 931 si
1559 888 1667 932 nihil
1684 898 1834 933 contra

445 976 524 1005 nos
552 960 701 1005 saevit?
728 962 818 1004 Aut
851 959 926 1003 ubi
954 959 1127 1020 adjutor
1148 968 1293 1004 noster
1316 963 1457 1014 Deus,
1487 960 1628 1014 {sinos
1656 975 1745 1004 non
1766 960 1835 1003 di-

444 1031 685 1075 micamus?
703 1029 908 1074 Inimicus
926 1045 1028 1088 ergo
1051 1029 1181 1074 faciet
1203 1029 1324 1090 quod
1341 1045 1470 1074 suum
1489 1039 1575 1074 est:
1596 1029 1671 1074 sed
1697 1049 1717 1072 «
1738 1033 1836 1075 Non

449 1120 469 1142 »
504 1101 912 1161 proficietinimicus
925 1101 971 1144 in
984 1116 1034 1144 eo
1051 1122 1063 1158 3
1082 1110 1125 1145 et
1144 1100 1256 1145 filius
1277 1101 1516 1161 iniquitatis
1540 1116 1629 1145 non
1646 1111 1835 1160 apponet
1900 1141 1903 1148 .

444 1189 467 1214 »
502 1187 659 1216 nocere
676 1171 755 1215 ci3.
780 1190 799 1213 »

505 1245 666 1286 XXIV.
693 1262 713 1284 <t
738 1245 795 1286 Et
825 1241 1053 1286 concidam
1083 1242 1278 1287 inimicos
1311 1244 1401 1303 ejus
1431 1259 1454 1286 a
1489 1242 1597 1286 facie
1627 1242 1741 1286 illius
1756 1243 1787 1286 4.
1811 1261 1831 1284 »

446 1313 752 1357 Conciduntur
774 1328 794 1354 a
825 1312 1144 1371 conspiratione
1167 1328 1266 1367 sua,
1301 1323 1345 1357 et
1376 1313 1497 1372 quod
1519 1312 1703 1357 credunt
1726 1328 1836 1357 con-

446 1382 668 1426 ciduntur.
709 1381 923 1426 Paulatim
952 1382 1067 1426 enim
1091 1381 1302 1438 credunt,
1334 1392 1543 1443 tanquam
1566 1383 1836 1428 comminuto

446 1453 587 1512 capite
620 1452 769 1507 vituli,
802 1453 980 1497 venient
1013 1452 1058 1495 in
1081 1462 1232 1512 potum
1262 1452 1414 1513 populi
1449 1453 1540 1496 Dei.
1567 1453 1837 1497 Comminuit

446 1524 561 1568 enim
584 1533 716 1583 caput
737 1523 864 1567 vituli
892 1526 1087 1581 Moyses,
1126 1525 1278 1583 sparsit
1304 1525 1349 1568 in
1386 1540 1518 1584 aqua,
1551 1533 1594 1567 et
1623 1523 1744 1567 dedit
1766 1524 1836 1567 bi-

448 1596 550 1638 bere
573 1594 672 1639 filiis
690 1594 855 1638 Israe15.
873 1595 1244 1638 Comminuuntur
1259 1610 1407 1638 omnes
1424 1593 1636 1648 infidelese
1652 1593 1837 1638 credunt

447 1664 685 1726 paulatim,
717 1675 760 1709 et
794 1681 815 1708 a
840 1664 1006 1724 populo
1034 1665 1111 1708 Dei
1146 1665 1376 1720 bibuntur,
1408 1666 1454 1708 in
1487 1680 1644 1724 corpus
1676 1665 1836 1709 Christi

448 1737 741 1797 trajiciuntur.
770 1756 790 1778 «
810 1739 867 1780 Et
885 1737 1110 1781 concidam
1132 1736 1331 1780 inimicos
1349 1738 1439 1796 ejus
1462 1752 1486 1779 a
1504 1735 1609 1780 facie
1631 1735 1768 1793 illius3
1793 1746 1836 1781 et

450 1825 471 1849 »
508 1823 579 1851 eos
606 1807 682 1866 qui
708 1805 898 1850 oderunt
919 1821 1044 1860 eum,
1075 1804 1266 1864 fugabo:
1295 1824 1315 1846 »
1347 1821 1402 1849 ne
1424 1815 1623 1850 noceant.
1653 1806 1737 1851 Sed
1772 1805 1837 1850 fu-

450 1895 471 1918 »
507 1886 707 1935 gatorum
729 1877 910 1920 istorum
933 1874 1045 1920 forte
1068 1875 1203 1935 aliqui
1223 1876 1377 1920 dicunt
1401 1892 1408 1917 :
1440 1895 1458 1917 «
1486 1878 1583 1929 Quo
1606 1876 1679 1919 ibo
1705 1893 1728 1920 a
1751 1877 1837 1936 spi-

449 1969 470 1991 »
507 1950 594 1993 ritu
615 1958 715 2004 tuo,
737 1958 780 1993 et
798 1966 821 1992 a
840 1948 947 1993 facie
965 1958 1039 1992 tua
1061 1964 1149 2008 quo
1172 1947 1335 2006 fugiam
1353 1948 1396 1989 ⁰?
1416 1965 1435 1988 »
1462 1950 1518 1991 Et
1532 1945 1727 1990 videntes
1750 1962 1841 1991 non

447 2036 492 2064 se
512 2020 675 2063 habere
698 2035 786 2079 quo
805 2019 976 2078 fugiant
1002 2019 1056 2063 ab
1078 2019 1390 2077 Omnipotente
1408 2053 1418 2072 ,
1445 2018 1640 2061 conversi
1664 2017 1840 2076 fugiunt

449 2091 504 2135 ad
527 2092 898 2151 Omnipotentem.
925 2110 944 2133 ‹<
969 2093 1026 2134 Et
1048 2106 1119 2134 eos
1141 2090 1218 2150 qui
1241 2089 1429 2134 oderunt
1457 2104 1556 2132 eum
1574 2124 1584 2144 ⁷
1607 2087 1785 2147 fugabo.
1815 2106 1836 2129 »

508 2163 648 2207 XXV.
679 2181 698 2204 «
726 2165 784 2205 Et
806 2162 961 2205 veritas
991 2176 1087 2204 mea
1115 2169 1158 2204 et
1186 2159 1475 2203 misericordia
1502 2175 1596 2203 mea
1620 2174 1720 2203 cum
1742 2159 1837 2217 ipso

451 2251 472 2275 »
508 2242 571 2277 est
587 2234 618 2277 ⁷.
641 2250 662 2274 »
691 2233 910 2277 Universae
932 2231 1013 2275 viae
1032 2231 1203 2275 Domini
1224 2229 1517 2274 misericordia
1537 2239 1579 2274 et
1596 2230 1794 2274 veritasss.
1815 2247 1836 2270 »

447 2307 736 2358 Mementote,
768 2312 983 2363 quantum
1012 2302 1212 2362 potestis,
1248 2315 1381 2361 quam
1412 2317 1524 2360 saepe
1560 2300 1686 2345 nobis
1717 2315 1840 2344 com-

447 2373 714 2418 mendentur
741 2373 830 2420 duo
853 2374 969 2427 haec,
1000 2382 1050 2416 ut
1077 2371 1310 2416 reddamus
1339 2371 1412 2416 illa
1436 2375 1541 2416 Deo.
1577 2371 1696 2416 Sicut
1724 2370 1840 2414 enim

448 2445 540 2504 ipse
573 2444 768 2489 exhibuit
801 2444 927 2488 nobis
961 2442 1323 2499 misericordiam,
1362 2453 1410 2487 ut
1453 2442 1618 2487 deleret
1663 2450 1839 2501 peccata

499 2566 505 2581 ¹
523 2561 588 2591 Luc
622 2571 644 2599 1,
667 2559 716 2590 30.
738 2576 778 2580 ——
799 2566 811 2581 ²
833 2558 943 2600 Phiiip.
966 2569 987 2589 11
1003 2584 1011 2599 ‚
1031 2558 1063 2590 6.
1085 2575 1126 2580 -—
1146 2556 1158 2580 3
1179 2558 1258 2589 Psal.
1279 2568 1430 2599 Lxxxvnl‚
1449 2557 1501 2589 23.
1527 2574 1567 2580 —-
1586 2555 1600 2586 4
1622 2556 1702 2588 Ibid.
1721 2554 1774 2594 24,
1797 2572 1839 2577 -

449 2612 464 2637 5
484 2615 581 2646 Fxod.
605 2626 704 2655 xxxii,
732 2624 786 2647 'zoi
810 2633 848 2638 —
867 2614 882 2636 θ’
913 2614 989 2645 l‘sal.
1008 2625 1160 2646 cxxxviii,
1187 2624 1216 2654 7,
1251 2627 1293 2636 ⁴⁰-
1312 2620 1325 2645 7
1352 2613 1398 2644 Id.
1421 2622 1581 2651 mxxviii,
1607 2612 1661 2644 25.
1686 2629 1727 2633 —
1752 2609 1767 2633 3
1787 2611 1835 2642 Id.

454 2681 527 2701 xxiv
541 2696 548 2710 ‚
572 2682 620 2702 ῐο.
