1926 3339
447 336 532 374 220
884 344 916 371 s.
953 344 1183 375 Aucus'nm
1216 347 1398 375 EPISCOPI

448 441 468 464 »
505 423 636 482 ejus¹.
680 440 698 462 »
734 421 802 465 Sic
830 436 932 480 ergo
960 422 1231 482 quadramini
1251 457 1261 476 ‚
1302 420 1356 466 ad
1390 435 1538 465 omnes
1571 419 1831 464 tentationes

447 492 585 551 parati
611 511 619 536 z
641 490 858 551 quidquid
876 491 1118 551 impulerit,
1143 508 1232 536 non
1261 507 1337 536 vos
1359 500 1537 534 evertat.
1573 492 1764 534 Stantem
1788 498 1832 532 te

448 562 640 605 inveniat
677 562 816 605 omnis
849 577 985 605 casus.
1028 562 1212 620 Erigeris
1244 576 1344 619 ergo
1385 561 1431 604 in
1474 562 1585 604 hanc
1624 558 1832 603 fabricam
1877 561 1903 576 '⁴

450 632 610 676 affeetu
643 633 735 690 pio,
768 631 974 689 religione
1007 632 1192 686 sincera,
1233 632 1345 685 fide,
1387 646 1481 689 spe,
1521 630 1728 673 charitate
1756 637 1834 673 :et

448 702 592 760 ipsum
614 700 815 744 aedificari
844 701 1069 744 ambulare
1091 710 1167 744 est.
1199 703 1251 744 In
1281 700 1370 744 istis
1395 699 1640 744 civitatibus
1665 698 1747 742 alia
1773 706 1835 741 est

450 771 612 814 fabrica
625 769 929 814 aedificiorum:
949 770 1018 813 alii
1034 780 1136 814 sunt
1152 770 1264 814 cives
1283 769 1574 813 inhabitantes
1586 769 1630 812 in
1642 767 1807 812 fabrica
1823 786 1835 812 ι

450 841 524 885 illa
556 841 704 885 civitas
733 841 899 885 civibus
933 841 1020 885 suis
1043 841 1305 895 aedificatur,
1331 840 1410 899 ipsi
1444 849 1546 883 sunt
1577 838 1741 898 lapides
1764 838 1838 898 qui

450 921 553 955 sunt
575 911 709 968 cives3
734 910 896 970 lapides
924 911 1038 954 enirn
1063 911 1148 955 vivi
1176 919 1292 955 sunt.
1315 929 1334 951 «
1359 913 1415 954 Et
1435 925 1534 964 vos,
1557 910 1720 969 inquit,
1746 918 1840 952 tan-

454 1001 473 1023 »
509 997 641 1041 quam
660 980 824 1040 lapides
840 982 926 1025 vivi
949 981 1224 1025 aedificamini
1242 982 1285 1024 iu
1308 980 1488 1024 domum
1511 979 1743 1039 spiritalem
1757 982 1789 1021 ¹².
1816 996 1835 1018 n

450 1052 519 1098 Ad
541 1068 618 1096 nos
642 1053 805 1096 directa
831 1068 915 1096 vox
939 1061 1016 1096 est.
1049 1056 1163 1110 Ergo
1190 1068 1424 1112 sequamur
1456 1051 1511 1095 de
1544 1051 1624 1095 ista
1648 1050 1836 1094 civitate.

510 1126 585 1168 IV.
617 1143 636 1165 «
659 1123 961 1168 Fundamenta
983 1125 1073 1183 ejus
1097 1124 1143 1167 in
1161 1124 1382 1167 montibus
1401 1123 1558 1167 sanctis
1585 1121 1727 1180 diligit
1752 1125 1840 1165 Do-

453 1213 474 1237 »
509 1195 652 1237 minus
681 1202 825 1253 portas
863 1194 981 1238 Sion.
1020 1212 1040 1235 »
1076 1197 1171 1238 Jam
1200 1193 1299 1238 ideo
1332 1193 1597 1253 praelocutus
1633 1207 1751 1245 sum,
1787 1205 1842 1234 ne

451 1264 611 1323 putetis
635 1263 716 1307 alia
752 1279 840 1307 esse
868 1262 1176 1318 fundamenta,
1218 1263 1319 1307 alias
1356 1273 1518 1323 portas,
1555 1266 1698 1316 Quare
1735 1270 1837 1306 sunt

454 1333 739 1377 fundamenta
756 1333 951 1392 Apostoli
967 1342 1010 1377 et
1032 1334 1293 1393 Prophetae?
1311 1333 1417 1386 Quia
1436 1332 1842 1377 eorum-auctoritas
1905 1345 1926 1375 ἶε

453 1413 598 1463 portat
614 1403 910 1447 infirmitatem
932 1412 1138 1447 nostram.
1163 1405 1306 1456 Quare
1326 1412 1428 1446 sunt
1450 1404 1620 1462 portae?
1641 1402 1750 1454 Quia
1769 1416 1846 1460 per
1906 1395 1926 1424 Ὗ

454 1474 566 1533 ipsos
587 1473 799 1517 intramus
821 1474 876 1516 ad
894 1488 1075 1531 regnum
1094 1474 1170 1517 Dei
1194 1493 1202 1517 z
1226 1472 1465 1532 praedicant
1483 1472 1599 1516 enim
1620 1471 1760 1516 nobis.
1790 1473 1846 1515 Et
1894 1477 1908 1529 ‘J

455 1558 555 1587 cum
579 1559 656 1603 per
679 1544 792 1602 ipsos
815 1543 1048 1597 intramus,
1072 1558 1151 1602 per
1173 1543 1395 1587 Christum
1415 1543 1643 1586 intramus.
1666 1544 1761 1600 Ipse
1784 1548 1846 1584 est
1906 1553 1926 1586 {2

456 1614 571 1657 enim
598 1615 778 1674 janua3.
807 1617 862 1657 Et
896 1614 1103 1658 dicuntur
1124 1612 1356 1657 duodecim
1379 1622 1516 1672 portae
1551 1610 1843 1665 Jerusalem,
1906 1596 1909 1622 ⁵

458 1693 501 1727 ct
519 1699 605 1728 una
629 1696 754 1743 porta
774 1684 991 1734 Christus,
1017 1694 1057 1727 et
1081 1682 1313 1728 duodecim
1333 1691 1469 1742 portae
1491 1682 1716 1738 Christus3
1747 1680 1848 1740 quia
1906 1704 1926 1742 ᾗ,

458 1754 504 1798 in
522 1755 752 1799 duodecim
775 1756 909 1814 portis
932 1755 1142 1799 Christus.
1174 1756 1232 1797 Et
1252 1753 1349 1797 ideo
1374 1751 1668 1796 duodenarius
1689 1765 1848 1795 nume-

462 1841 533 1869 rus
552 1825 876 1884 Apostolorum.
902 1827 1228 1869 Sacramentum
1248 1838 1454 1880 magnum
1477 1823 1606 1882 hujus
1629 1821 1848 1866 duodena·

462 1896 511 1938 rii
534 1896 718 1938 numer-¹1.
757 1914 777 1936 «
805 1894 1016 1939 Sedebitis
1033 1929 1044 1948 ,
1080 1893 1254 1953 inquit,
1291 1908 1420 1952 super
1441 1891 1672 1936 duodecim
1700 1889 1845 1943 sedes,

465 1985 484 2008 »
516 1966 760 2025 judicantes
781 1965 1013 2010 duodecim
1030 1964 1166 2008 tribus
1191 1963 1362 2007 Israelf‘.
1388 1982 1406 2004 »
1431 1964 1473 2008 Si
1486 1962 1717 2007 duodecim
1734 1960 1849 2005 sellae
1907 1956 1910 1981 ³

461 2037 521 2080 ibi
544 2046 668 2094 sunt3
693 2052 781 2081 non
804 2046 867 2080 est
889 2036 967 2080 ubi
989 2035 1134 2079 sedeat
1152 2034 1523 2078 tertius-decimus
1542 2032 1702 2077 Paulus
1726 2047 1851 2091 apos·

462 2107 603 2162 tolus,
631 2117 674 2150 et
696 2123 783 2151 non
805 2107 885 2151 erit
911 2106 1133 2166 quomodo
1159 2103 1326 2166 judicet
1352 2124 1361 2148 z
1384 2105 1534 2162 etipse
1556 2119 1600 2147 se
1629 2101 1850 2163 judicatu-
1908 2097 1926 2152 ζ·

462 2193 559 2221 rum
582 2178 716 2231 dixit,
752 2193 843 2221 non
885 2176 1081 2220 homines
1109 2183 1303 2229 tantum,
1338 2175 1414 2218 sed
1437 2183 1479 2218 et
1501 2174 1703 2231 Angelos.
1736 2178 1850 2226 Quos
1908 2164 1926 2210 {¹

462 2248 650 2306 Angelos
665 2284 676 2302 ‚
702 2248 782 2291 nisi
805 2256 1018 2307 apostatas
1042 2246 1249 2305 angelos?
1283 2265 1301 2287 «
1323 2245 1525 2299 Nescitis,
1549 2245 1718 2305 inquit,
1749 2244 1850 2303 quia

465 2337 486 2360 »
522 2318 695 2376 angelos
705 2318 999 2377 judicabimus
1013 2318 1057 2358 ⁶?
1076 2335 1095 2357 »
1122 2316 1421 2376 Responderet
1442 2330 1542 2373 ergo
1561 2315 1689 2359 turba
1705 2349 1716 2370 ‚
1735 2312 1852 2367 Quid
1908 2311 1911 2358 13

465 2398 506 2433 te
523 2390 657 2449 jactas
672 2388 1001 2448 judicaturum?
1026 2387 1109 2430 Ubi
1132 2387 1324 2431 sedebis?
1345 2385 1583 2430 Duodecim
1604 2384 1724 2428 sedes
1746 2383 1853 2427 dixit

463 2461 673 2505 Dominus
695 2459 927 2504 duodecim
949 2456 1164 2518 Apostolis
1178 2493 1190 2514 ,
1210 2473 1324 2502 unus
1354 2455 1510 2501 cecidit
1538 2455 1694 2511 Judas,
1714 2455 1760 2498 in
1782 2454 1851 2498 lo-

512 2575 520 2591 ¹
541 2568 620 2599 Psal.
637 2578 749 2607 xxxvi,
770 2567 824 2609 24.
841 2584 881 2589 —
902 2573 914 2588 ²
935 2578 945 2597 ι
970 2568 1053 2598 Fetr.
1076 2576 1110 2605 n,
1130 2564 1161 2597 5.
1183 2582 1225 2588 -
1252 2563 1370 2597 3J0an.
1391 2575 1424 2605 x,
1439 2575 1471 2605 9.
1493 2581 1534 2585 —
1555 2561 1569 2592 4
1590 2566 1690 2606 Apoc.
1712 2573 1779 2603 xxi,
1800 2570 1850 2596 ι’).
1908 2570 1911 2590 ἱ

401 2634 404 2637 ’
468 2641 509 2647 -
534 2622 548 2646 5
573 2623 685 2656 Matrb.
707 2634 775 2662 xix,
801 2622 854 2654 28.
877 2638 917 2643 —
935 2618 950 2642 6
973 2632 983 2651 ι
1007 2622 1079 2652 Cor.
1100 2631 1143 2661 vi,
1163 2619 1194 2652 3.
