1926 3339
475 277 560 314 286
898 286 931 314 s.
966 286 1197 315 Auousnm
1229 287 1411 315 EPISCOPl
1882 223 1888 295 l

474 370 494 393 »
515 353 638 395 rae1.»
664 354 779 409 Ergo
802 351 920 411 prius
941 366 1073 411 quam
1095 352 1250 395 fierent
1272 366 1344 406 ea,
1376 365 1475 411 quae
1495 350 1540 394 in
1562 359 1758 394 creatura
1779 359 1857 395 tua

467 437 636 465 summa
647 431 718 482 atq
726 438 776 465 ue
786 437 943 480 magna
955 430 1072 476 sunt,
1084 422 1191 481 quid
1202 422 1409 481 enim'maj
1416 437 1464 466 us
1476 420 1675 464 rationali
1688 414 1854 465 coelesti

470 493 698 536 creatura?
723 501 767 535 et
789 493 907 551 prius
930 507 1062 552 quam
1084 492 1319 549 fingeretur
1340 500 1454 535 terra
1468 526 1479 546 ,
1506 499 1556 534 ut
1582 499 1692 534 θεεθῖ
1713 490 1790 550 qui
1810 499 1854 534 te
1894 501 1896 507 '

468 571 718 620 agnosceret
741 571 784 605 et
804 561 1003 605 laudaret
1036 562 1080 604 in
1106 570 1217 605 terra
1243 581 1252 606 :
1279 571 1322 605 θῖ
1342 562 1426 606 hoc
1452 577 1606 621 parum
1639 569 1728 614 est,
1755 560 1858 620 quia

468 632 550 676 ista
571 641 829 691 coeperunt,
853 632 944 676 sive
974 632 1020 675 in
1047 641 1263 690 tempore,
1300 632 1387 675 sive
1415 646 1516 675 cum
1539 641 1761 690 tempore,
1785 629 1861 675 sed
1888 624 1893 713 ξ

475 721 495 744 «
530 707 566 746 A
589 701 747 745 saeculo
769 711 813 745 et
834 716 973 761 usque
995 701 1042 744 in
1058 701 1267 745 saeculum
1284 711 1332 745 tu
1349 717 1437 745 es.»
1459 700 1586 754 Quod
1602 700 1860 745 convenien-
1889 722 1894 764 Ι

470 772 555 816 tius
574 771 808 827 diceretur,
833 772 888 816 ab
903 780 1067 816 aeterno
1084 771 1130 815 in
1150 780 1380 816 aeternum.
1405 774 1503 817 Non
1520 771 1635 815 enim
1654 787 1677 815 a
1699 770 1858 816 saeculo
1890 766 1895 828 Ι

470 846 601 897 Deus,
621 843 698 903 qui
719 853 782 887 est
804 852 905 887 ante
926 842 1106 901 saecula3
1137 851 1213 887 aut
1242 858 1379 903 usque
1406 843 1451 886 in
1472 841 1682 886 saeculum
1697 877 1708 897 ,
1733 841 1857 901 cujus
1891 844 1896 896 ξ

472 923 537 958 θεῖ
565 914 690 969 finis,
727 929 829 958 cum
858 915 910 958 sit
942 912 1016 957 ille
1039 914 1131 958 sine
1158 914 1260 957 fine.
1292 913 1378 959 Sed
1409 929 1460 957 ex
1487 913 1694 972 ambiguo
1725 913 1862 957 verbo

474 1002 616 1045 graeco
638 987 688 1030 fit
710 985 970 1046 plerumque
1002 986 1049 1030 in
1078 987 1333 1047 Scripturis,
1365 996 1416 1031 ut
1446 985 1517 1031 vel
1534 984 1751 1034 ,saeculum
1779 998 1858 1044 pro
1893 1039 1897 1047 Ι

473 1067 656 1113 aeterno,
676 1057 745 1102 vel
766 1068 979 1102 aeternum
1002 1074 1081 1118 pro
1102 1058 1262 1103 saeculo
1279 1068 1413 1118 ponat
1429 1058 1609 1102 Latinus
1630 1058 1859 1116 interpres.
1893 1059 1898 1109 ἱ

474 1128 650 1187 Optime
672 1137 820 1172 autem
840 1144 931 1172 non
952 1128 1011 1172 ait
1030 1148 1038 1173 :
1054 1132 1092 1172 Α
1108 1128 1267 1173 saeculo
1292 1137 1342 1173 tu
1361 1126 1480 1172 fuisti
1497 1137 1540 1172 et
1554 1127 1756 1188 usquein
1777 1142 1861 1171 sae-
1894 1127 1899 1175 ἑ

473 1197 624 1242 culum
657 1208 707 1242 tu
729 1199 810 1242 eris
833 1218 843 1243 ε
868 1199 944 1243 sed
964 1200 1188 1258 praesentis
1215 1200 1542 1259 significationis
1571 1199 1756 1244 verbum
1780 1213 1862 1258 po·-
1895 1186 1907 1255 l

472 1270 578 1324 suit,
611 1269 835 1314 insinuans
858 1270 936 1314 Dei
958 1270 1244 1314 substantiam
1267 1271 1386 1314 omni
1415 1270 1547 1314 modo
1574 1270 1864 1314 incommuta·
1896 1263 1903 1322 l¹

475 1339 623 1393 bilem,
649 1340 727 1383 ubi
749 1355 838 1384 non
855 1349 938 1395 est,
971 1341 1074 1384 Fuit
1095 1349 1139 1384 et
1161 1341 1282 1398 Erit3
1303 1340 1377 1386 sed
1400 1350 1593 1396 tantum,
1619 1343 1710 1385 Est.
1738 1341 1863 1384 Unde
1896 1321 1907 1409 l

473 1409 641 1453 dictum
663 1419 753 1466 est,
782 1429 799 1451 «
828 1414 922 1470 Ego
943 1426 1040 1455 sum
1057 1411 1134 1471 qui
1155 1427 1252 1455 sum
1269 1430 1279 1456 2
1297 1430 1317 1453 ι)
1343 1421 1387 1456 θῖ
1411 1431 1432 1454 (ι
1452 1412 1537 1466 Qui
1554 1420 1633 1466 est,
1659 1411 1774 1455 misit
1793 1425 1863 1454 me
1886 1414 1902 1476 ζ

476 1497 496 1520 »
532 1479 588 1523 ad
609 1496 684 1525 vos
698 1484 716 1507 ²
738 1500 747 1526 z
771 1499 792 1522 »
813 1491 857 1526 et
882 1501 902 1524 «
922 1482 1114 1526 Mutabis
1135 1497 1184 1526 ea
1200 1517 1212 1537 ,
1241 1490 1285 1525 et
1307 1482 1621 1537 mutabuntur,
1646 1491 1698 1526 tu
1719 1491 1866 1526 autem
1897 1480 1902 1529 l

476 1567 496 1591 »
532 1549 649 1594 idem
675 1552 764 1611 ipse
795 1567 864 1607 es,
889 1561 932 1595 et
959 1552 1062 1595 anni
1086 1552 1151 1596 tui
1173 1568 1263 1597 non
1283 1551 1488 1597 deficient
1505 1554 1538 1597 3.
1562 1571 1582 1595 »
1623 1555 1737 1598 Ecce
1763 1567 1862 1613 quae

473 1621 692 1665 aeternitas
719 1621 834 1666 facta
866 1632 929 1667 est
959 1623 1085 1667 nobis
1117 1622 1335 1681 refugium
1367 1643 1376 1668 :
1408 1632 1459 1667 ut
1481 1623 1526 1667 in
1555 1639 1605 1668 ea
1639 1623 1860 1679 mansuri,
1906 1657 1909 1665 ,

475 1689 531 1734 ad
549 1707 643 1735 eam
658 1691 713 1735 de
735 1694 815 1736 hac
834 1694 1040 1752 temporis
1052 1693 1339 1738 mutabilitate
1359 1692 1593 1753 fugiamus,

536 1764 611 1805 IV.
638 1761 725 1806 Sed
746 1763 954 1823 quoniam
977 1780 1078 1808 cum
1100 1765 1170 1808 hic
1191 1780 1340 1809 sumus
1360 1765 1443 1820 ,lin
1462 1765 1629 1824 magnis
1651 1774 1694 1809 et
1715 1762 1864 1810 multis
1908 1804 1909 1809 ,

474 1832 789 1877 tentationibus
813 1834 1013 1890 vivimus,
1038 1835 1199 1895 quibus
1221 1851 1276 1879 ne
1298 1846 1544 1880 avertamur
1566 1836 1621 1880 ab
1638 1836 1721 1881 isto
1742 1835 1863 1881 refu-

475 1901 546 1959 gio
563 1902 848 1947 metuendum
866 1914 931 1949 est
952 1924 961 1950 :
985 1905 1236 1950 intueamur
1264 1907 1373 1966 quid
1395 1916 1713 1967 consequenter
1726 1906 1863 1952 oratio
1908 1946 1911 1950 .

472 1983 623 2031 poscat
653 1974 839 2018 hominis
872 1976 963 2020 Dei.
994 1995 1015 2019 «
1039 1979 1102 2022 Ne
1132 1986 1298 2022 avertas
1320 1978 1543 2022 hominem
1574 1979 1621 2023 in
1641 1978 1864 2023 humilita—

472 2063 493 2085 »
528 2054 617 2089 tem
629 2046 690 2088 4.»
718 2045 770 2089 Id
791 2055 871 2102 θεῖ,
892 2063 947 2092 ne
969 2065 993 2092 a
1009 2049 1095 2093 tuis
1117 2050 1289 2093 aeternis
1307 2059 1438 2111 atque
1452 2049 1714 2095 sublimibus
1730 2051 1863 2096 homo
1902 2031 1908 2101 l

1903 2119 1908 2179 ἓ

1903 2182 1910 2254 l

1904 2261 1911 2379 ἓ

1906 2400 1911 2439 ἱ

469 2129 668 2170 aversus,
704 2117 960 2176 temporalia
995 2119 1299 2179 concupiscat,
1331 2120 1556 2181 sapiatque
1585 2130 1771 2166 terrena.
1806 2123 1864 2166 Et

468 2185 553 2229 hoc
575 2201 598 2228 a
621 2189 711 2230 Deo
734 2188 859 2246 petit,
884 2188 1006 2248 quod
1026 2192 1140 2233 Deus
1158 2190 1248 2249 ipse
1264 2191 1472 2250 praecepit
1497 2210 1506 2236 ε
1531 2191 1660 2236 simili
1683 2191 1864 2236 omnino

469 2257 698 2311 sententia,
735 2273 822 2317 qua
849 2259 895 2302 in
921 2259 1117 2303 oratione
1140 2260 1350 2316 dicimus,
1380 2281 1400 2304 «
1431 2264 1495 2307 Ne
1520 2277 1598 2307 nos
1630 2261 1789 2307 inferas
1817 2262 1865 2306 in

472 2344 492 2367 »
529 2327 815 2372 tentationem
831 2331 862 2373 ⁵.
893 2349 912 2371 »
943 2330 1142 2390 Denique
1169 2340 1213 2375 et
1235 2332 1304 2376 hic
1327 2332 1551 2391 adjungit,
1580 2352 1600 2375 «
1626 2336 1683 2378 Et
1701 2333 1861 2389 dixisti,

471 2415 492 2439 »
528 2399 842 2443 Convertimini
859 2400 937 2444 filii
960 2401 1206 2445 hominum.
1235 2420 1256 2443 »
1280 2405 1507 2462 Tanquam
1530 2403 1710 2459 diceret,
1738 2404 1823 2448 hoc
1839 2419 1862 2448 a

476 2476 520 2512 te
552 2478 682 2528 peto,
708 2470 828 2530 quod
859 2471 951 2530 ipse
975 2473 1137 2531 jussisti
1173 2491 1182 2517 :
1215 2473 1322 2516 dans
1350 2474 1442 2533 ejus
1475 2477 1624 2533 gratiae
1655 2474 1861 2533 gloriam,

534 2571 543 2587 ¹
567 2566 646 2597 Gen.
663 2577 698 2607 ιι,
724 2576 755 2608 7.
773 2583 816 2588 —
831 2573 844 2589 ²
866 2567 962 2599 Exod.
984 2579 1037 2610 ιιι,
1057 2566 1108 2610 ι4.
1135 2585 1175 2591 ——
1193 2566 1206 2591 3
1227 2569 1303 2601 psal.
1330 2580 1375 2611 ci,
1399 2578 1454 2611 27,
1474 2571 1527 2603 28.
1544 2587 1586 2593 —
1601 2569 1617 2601 4
1635 2571 1816 2613 Ida-xxxix,
1832 2570 1861 2603 3.

479 2635 522 2642 -
545 2617 560 2643 5
585 2620 698 2653 Matth.
719 2631 764 2663 vi,
787 2620 837 2653 13.
