1926 3339
364 301 603 330 ENAnrtATio
637 304 680 329 in·
716 303 917 329 rsALMUM
951 305 1129 330 Lxxxiv.
1364 296 1442 333 173

57 368 303 422 vocatAEia,
325 367 445 422 dicit,
466 367 733 428 quicumque
756 366 955 411 nondum
977 368 1074 412 estis
1091 368 1135 410 in
1159 383 1279 426 pace,
1304 380 1443 414 amate

56 453 220 497 pacem.
248 438 362 490 Quid
384 438 499 481 enim
522 437 647 481 vobis
685 437 838 480 melius
861 438 915 480 dc
939 453 1006 480 me
1041 438 1234 481 invenire
1266 441 1443 497 potestis

55 523 186 567 quam
206 523 370 567 pacem.
394 511 479 552 Pax
496 506 604 567 quid
627 509 721 551 est?
746 507 829 551 Ubi
849 507 1019 551 nullum
1044 508 1209 551 bellum
1228 517 1304 551 est.
1327 509 1443 561 Quid

55 588 118 622 est
146 579 223 622 ubi
256 577 427 622 nullum
451 577 616 621 bellum
642 580 735 622 est?
764 579 846 622 Ubi
877 577 999 622 nulla
1029 588 1093 622 est
1121 578 1408 624 contradictio
1428 614 1438 634 ‚

0 659 1 664 ’
55 649 130 694 ubi
146 649 253 693 nihil
273 650 442 704 resistit,
468 649 579 693 nihil
598 649 827 694 adversum
847 659 925 693 cst.
949 649 1103 694 Videte
1120 651 1155 693 si
1174 651 1265 710 jam
1287 650 1349 693 ibi
1366 667 1439 694 su-

53 736 148 765 mus
163 756 174 776 ,
202 720 346 765 videte
364 721 397 764 si
413 722 501 780 jam
525 737 614 766 non
637 731 700 765 est
722 722 950 766 conflictus
972 736 1070 765 cum
1090 721 1281 776 diabolo,
1297 720 1442 766 videte

53 791 87 835 si
109 807 198 835 non
225 806 375 836 omnes
392 793 530 837 sancti
548 802 591 838 et
607 792 755 836 fideles
778 807 879 836 cum
902 791 1098 851 principe
1122 792 1439 836 daemoniorum

51 861 290 906 luctantur.
322 865 379 906 Et
412 863 635 923 quomodo
669 877 770 906 cum
802 861 877 906 illo
905 861 1153 916 luctantur,
1186 878 1316 922 quem
1351 878 1441 907 non

51 932 233 978 vident?
256 937 499 978 Luctantur
531 950 632 978 cum
660 934 1021 992 concupiscentiis
1043 933 1130 977 suis
1149 968 1159 987 ‚
1185 934 1345 993 quibus
1368 933 1441 977 ille

51 1003 242 1062 suggerit
263 1013 465 1063 pcccata3
484 1013 527 1048 et
544 1020 632 1048 non
651 1002 1112 1063 consentiendo‚quod
1133 1004 1341 1062 suggerit,
1363 1003 1440 1047 etsi

50 1089 139 1118 non
171 1074 428 1130 vincuntur,
460 1083 605 1119 tamen
637 1083 853 1134 pugnant.
878 1074 1086 1118 Nondum
1117 1082 1181 1116 est
1203 1089 1306 1132 ergo
1326 1089 1407 1133 pax
1426 1109 1436 1129 ‚

48 1145 127 1190 ubi
155 1159 301 1204 pugna
324 1153 402 1189 est.
428 1147 518 1189 Aut
539 1145 638 1189 date
667 1144 773 1189 mihi
802 1145 1026 1189 hominem
1056 1144 1130 1204 qui
1153 1143 1265 1188 nihil
1299 1154 1440 1188 tenta-

49 1215 177 1261 tionis
198 1215 364 1275 patitur
380 1215 425 1260 in
443 1231 571 1260 carne
592 1231 685 1271 sua,
711 1224 760 1259 ut
781 1215 916 1275 possit
938 1215 1044 1259 mihi
1062 1214 1205 1259 dicere
1228 1216 1329 1276 quia
1348 1217 1439 1275 jam

47 1302 130 1347 pax
159 1295 237 1330 est.
273 1285 392 1331 Nihil
418 1285 597 1346 quidem
624 1286 873 1330 tentationis
903 1284 1014 1330 forte
1036 1286 1200 1345 patitur
1218 1286 1263 1329 in
1280 1285 1439 1330 illicitis

48 1357 368 1417 voluptatibus,
395 1357 547 1402 saltem
569 1358 863 1418 suggestiones
887 1359 996 1418 ipsas
1018 1358 1182 1418 patitur
1203 1377 1211 1402 :
1248 1358 1317 1402 vel
1336 1374 1438 1416 sug-

48 1429 211 1488 geritur
231 1428 295 1472 illi
312 1429 434 1489 quod
451 1430 637 1489 respuit,
658 1429 728 1474 vel
745 1429 933 1474 delectat
953 1429 1072 1474 unde
1094 1430 1329 1474 contineat.
1355 1430 1439 1475 Sed

48 1514 147 1543 ecce
171 1501 264 1560 jam
296 1499 407 1543 nihil
441 1499 630 1544 delectat
662 1500 862 1544 illicitum
892 1520 900 1545 :
925 1499 996 1545 vel
1028 1511 1178 1544 contra
1205 1501 1367 1544 famem
1397 1510 1440 1544 et

47 1569 164 1613 sitim
201 1578 368 1629 pugnat
400 1570 613 1630 quotidie.
653 1571 755 1623 Quis
784 1571 899 1614 enim
927 1571 1071 1630 justus
1105 1571 1208 1615 hinc
1243 1571 1438 1615 alienus?

47 1643 220 1699 Pugnat
241 1656 345 1699 ergo
377 1639 512 1684 fames
535 1650 578 1685 et
600 1641 689 1686 sitis
707 1676 717 1696 ,
750 1651 919 1700 pugnat
941 1651 1093 1686 contra
1122 1657 1200 1686 nos
1228 1641 1438 1686 lassitudo

47 1711 206 1766 carnis,
232 1721 402 1770 pugnat
423 1710 653 1756 delectatio
676 1713 843 1766 somni,
869 1721 1036 1771 pugnat
1057 1712 1293 1771 oppressio.
1317 1713 1439 1771 Vigi-

46 1781 135 1826 lare
156 1781 380 1837 volumus,
406 1782 693 1827 dormitamus
714 1803 723 1827 :
746 1783 942 1843 jejunare
971 1783 1199 1838 volumus,
1227 1784 1439 1828 esurimus

47 1862 90 1898 et
111 1852 300 1898 sitimus:
317 1862 428 1898 stare
445 1852 664 1908 volumus,
685 1852 997 1912 defatigamur:
1014 1854 1248 1914 quaerimus
1271 1854 1435 1908 sedere,

46 1923 81 1968 si
102 1932 146 1968 et
172 1924 256 1968 hoc
278 1923 355 1967 diu
379 1922 563 1968 facimus
583 1959 594 1979 ,
624 1922 865 1968 deficimus.
890 1923 1117 1984 Quidquid
1141 1924 1265 1968 nobis
1292 1924 1439 1984 provi-

47 1993 236 2039 derimus
259 1995 316 2039 ad
342 1994 624 2040 refectionem
641 2031 651 2050 ,
676 1994 765 2039 illic
788 2011 937 2039 rursus
957 1995 1203 2039 invenimus
1226 1994 1439 2039 defectio-

46 2081 162 2110 nem.
186 2066 351 2121 Esuris,
372 2066 478 2111 dicit
499 2066 580 2110 tibi
602 2065 772 2126 aliquis.
799 2066 1051 2126 Respondes
1078 2085 1086 2111 ε
1112 2066 1284 2111 Esurio.
1312 2067 1439 2111 Ponit

47 2146 147 2181 ante
169 2146 212 2181 te
233 2137 380 2181 cibum
396 2172 407 2192 ‚
433 2136 490 2181 ad
511 2135 794 2181 refectionem
812 2146 1016 2196 posuerat
1042 2157 1050 2181 :
1075 2152 1299 2196 persevera
1321 2138 1365 2181 in
1388 2146 1450 2182 eo‘

46 2208 167 2268 quod
179 2208 326 2268 posuit
341 2225 352 2260 3
367 2217 482 2252 certe
495 2208 670 2252 reficere
688 2217 730 2251 te
744 2206 935 2263 volebas,
950 2208 1034 2252 hoc
1057 2222 1133 2265 age
1148 2223 1316 2268 semper
1329 2229 1339 2265 3
1355 2209 1439 2252 hoc

47 2278 217 2337 agendo
236 2313 247 2333 ‚
271 2279 317 2323 in
338 2294 389 2323 eo
410 2278 532 2338 quod
554 2277 813 2323 adhibueras
836 2279 890 2323 ad
914 2277 1212 2334 refectionem,
1231 2278 1292 2322 ibi
1314 2279 1439 2322 inve-

46 2348 112 2393 nis
128 2348 443 2393 lassitudinem.
470 2349 663 2394 Multum
684 2349 878 2394 sedendo
900 2348 1105 2408 fatigatus
1123 2365 1215 2393 eras
1230 2385 1240 2405 ‚
1269 2350 1408 2409 surgis
1424 2383 1435 2405 ‚

47 2418 373 2464 deambulando
410 2420 598 2464 reficeris
630 2439 639 2464 ι
670 2435 898 2480 persevera
934 2420 981 2464 in
1015 2435 1066 2464 eo
1096 2435 1186 2480 quo
1217 2420 1402 2464 reficeris
1424 2454 1435 2474 ‚

46 2489 235 2533 multum
257 2489 583 2534 deambulando
602 2490 798 2548 lassaris3
819 2489 968 2534 sedere
989 2491 1148 2534 iterum
1172 2490 1343 2550 quaeris
1371 2494 1439 2534 In-

46 2561 145 2603 veni
169 2560 274 2604 mihi
296 2560 460 2621 aliquid
483 2560 601 2605 unde
624 2570 666 2604 te
688 2561 875 2617 reficias,
900 2561 978 2605 ubi
1002 2577 1115 2616 non,
1140 2561 1173 2605 si
1192 2576 1439 2621 persevera-

48 2629 159 2673 veris
175 2666 185 2685 ,
217 2630 375 2674 iterum
394 2630 583 2676 deficias.
606 2630 751 2684 Qualis
773 2646 877 2690 ergo
900 2640 963 2676 est
985 2631 1064 2676 ista
1085 2646 1167 2690 pax
1183 2667 1194 2687 ⁷
1216 2647 1349 2691 quam
1366 2631 1437 2675 hic
