1926 3339
438 285 520 322 510
876 291 910 320 s.
946 293 1177 320 Aucusnm
1210 291 1391 318 Emscom

437 378 458 401 »
493 360 609 403 niam
626 359 658 402 si
675 359 873 402 inimicus
891 358 1165 418 exprobasset
1185 357 1305 412 mihi,
1325 355 1620 400 sustinuissem
1643 356 1818 415 utique3

438 448 458 471 »
494 438 538 473 et
559 429 593 473 si
613 429 663 483 is,
678 429 754 488 qui
772 428 923 472 oderat
945 444 1030 481 me,
1056 443 1185 486 super
1202 443 1271 471 me
1288 441 1442 484 magna
1464 425 1637 470 locutus
1652 426 1818 479 fuisset,

436 519 456 542 »
492 500 804 544 absconderem
825 515 896 543 me
917 500 1070 558 utique
1103 499 1156 542 ab
1189 514 1255 542 eo.
1288 517 1307 539 »
1343 497 1499 542 Psalmi
1531 512 1658 541 voces
1681 505 1784 549 sunt
1810 514 1819 539 :

433 571 510 631 qui
533 571 715 614 Litteras
737 579 903 614 nostras
926 569 1062 623 novit,
1088 568 1285 627 sequitur
1305 588 1315 624 3
1340 568 1416 627 qui
1448 583 1536 611 non
1559 567 1681 611 novit
1696 601 1707 622 ‚
1735 566 1824 610 dis-

433 649 517 694 cat,
544 649 593 683 ut
615 649 835 699 sequatur.
858 659 877 681 ‹<
898 639 939 684 Si
962 639 1012 693 is,
1036 638 1113 698 qui
1139 637 1290 682 oderat
1310 653 1380 681 me
1396 672 1407 692 a
1427 652 1555 696 super
1578 652 1648 680 me
1667 651 1824 695 magna

439 730 456 751 »
490 709 663 753 locutus
679 709 852 763 suisset,
883 709 1195 752 absconderem
1216 723 1286 752 me
1304 708 1456 768 utique
1475 708 1530 751 ab
1548 722 1627 764 eo:
1652 716 1702 750 tu
1721 722 1824 751 vero

438 798 457 821 »
493 780 708 824 unanimis
726 816 737 835 ,
763 781 854 824 dux
871 794 993 823 meus
1015 787 1058 822 et
1079 787 1209 823 notus
1231 793 1373 833 meus,
1398 777 1472 837 qui
1500 776 1630 821 simul
1651 791 1826 820 mecum

437 869 456 891 »
493 851 646 895 dulces
664 851 863 910 capiebas
893 851 1012 895 cibos
1029 853 1060 893 ¹.
1085 869 1104 892 )›
1136 852 1254 903 Quos
1277 848 1426 893 dulces
1454 848 1574 893 cibos
1595 847 1826 892 nobiscum

432 922 610 980 capiunt
631 957 641 977 ‚
667 923 743 982 qui
757 923 986 966 nobiscum
1010 936 1178 980 semper
1193 921 1330 964 futuri
1348 936 1438 964 non
1452 922 1585 964 sunt?
1607 935 1716 979 quos
1731 918 1827 963 dul-

433 1008 502 1036 ces
524 993 643 1037 cibos
660 1028 670 1048 ‚
689 993 767 1036 nisi
786 1028 796 1047 ‚
827 1012 847 1034 «
864 994 1043 1036 Gustate
1061 1001 1104 1035 et
1124 991 1269 1037 videte
1287 1007 1419 1051 quam
1442 990 1580 1035 dulcis
1602 1000 1666 1034 est
1679 990 1827 1034 Domi-

436 1081 456 1103 »
494 1079 575 1106 nus
591 1066 633 1106 ²?
658 1082 677 1104 »
699 1066 816 1106 Inter
841 1062 936 1106 illos
958 1078 1131 1107 necesse
1149 1072 1213 1106 est
1235 1077 1473 1121 gemamus.

494 1136 570 1176 IX.
593 1133 677 1178 Sed
694 1149 782 1193 quo
798 1148 841 1176 se
858 1141 1133 1193 separaturus
1157 1142 1220 1176 est
1246 1133 1516 1177 Christianus
1531 1167 1542 1188 ‚
1566 1141 1616 1176 ut
1638 1147 1729 1175 non
1751 1145 1827 1188 ge-

434 1213 523 1247 mat
545 1204 658 1248 inter
680 1203 809 1248 falsos
845 1202 1033 1247 fratres?
1065 1206 1163 1256 Quo
1184 1203 1325 1247 iturus
1358 1205 1447 1248 est?
1465 1203 1573 1264 quid
1601 1201 1828 1247 facturus?

437 1273 699 1318 Solitudines
722 1276 868 1333 petatij
886 1283 1131 1334 sequuntur
1153 1273 1370 1318 scandala.
1393 1277 1678 1334 Separaturus
1701 1281 1764 1316 est
1784 1287 1828 1316 se

434 1346 509 1404 qui
534 1345 645 1388 bene
669 1345 865 1404 proficit⁷
890 1354 940 1388 ut
964 1344 1137 1388 nullum
1156 1345 1336 1389 omnino
1361 1345 1582 1389 hominem
1605 1343 1830 1404 patiatur?

435 1415 551 1468 Quid
565 1417 599 1459 si
615 1425 658 1459 et
676 1417 836 1476 ipsum,
851 1424 1086 1476 antequam
1103 1416 1348 1475 proficeret,
1362 1431 1491 1459 nemo
1506 1414 1637 1459 vellet
1650 1415 1767 1474 pati?
1786 1415 1829 1459 Si

434 1503 553 1546 ergo,
573 1488 675 1548 quia
692 1488 879 1547 proficit,
897 1487 1069 1531 nullum
1087 1488 1309 1531 hominem
1324 1488 1420 1531 vult
1444 1488 1550 1547 pati,
1567 1502 1618 1531 eo
1633 1487 1727 1546 ipso
1740 1500 1829 1546 quo

435 1574 525 1602 non
557 1558 653 1603 vult
687 1558 877 1618 aliquem
902 1559 1127 1602 hominem
1149 1560 1262 1617 pati,
1289 1559 1562 1603 convincitur
1591 1557 1712 1618 quod
1739 1572 1830 1601 non

434 1629 681 1689 profecerit.
699 1629 903 1674 Intendat
915 1629 1110 1674 Charitas
1126 1632 1292 1674 Vestra.
1304 1649 1323 1671 «
1341 1631 1610 1674 Sustinentes
1624 1629 1828 1683 invicem,

437 1718 457 1741 »
494 1700 552 1744 ait
581 1699 816 1759 Apostolus
834 1735 844 1755 ‚
870 1701 916 1743 in
937 1699 1197 1755 dilectione,
1223 1709 1468 1758 satagentes
1499 1715 1676 1745 servare
1713 1699 1838 1743 unit-

439 1788 458 1811 »
494 1780 582 1814 tem
615 1771 788 1830 spiritus
816 1771 861 1814 in
883 1770 1060 1815 vinculo
1078 1770 1241 1830 pacis³.
1271 1770 1540 1815 Sustinentes
1562 1770 1778 1815 invicem:
1807 1786 1828 1810 »

434 1843 531 1886 Non
554 1841 686 1886 habes
708 1842 829 1902 quod
849 1842 897 1885 in
917 1851 960 1886 te
984 1840 1092 1885 alius
1123 1842 1360 1885 sustineat?
1391 1841 1526 1885 Miror
1553 1841 1588 1884 si
1619 1856 1709 1885 non
1737 1849 1826 1884 est:

433 1912 507 1956 sed
535 1927 635 1956 ecce
656 1928 747 1957 non
768 1913 846 1969 sit3
866 1927 917 1956 eo
942 1912 1162 1956 robustior
1179 1927 1222 1956 es
1239 1911 1295 1955 ad
1321 1921 1500 1956 caeteros
1521 1911 1800 1956 sustinendos
1816 1945 1828 1965 ‚

435 1998 525 2042 quo
540 1983 630 2042 jam
654 1998 743 2026 non
766 1983 898 2026 habes
920 1981 1042 2043 quod
1063 1982 1108 2025 in
1130 1990 1173 2025 te
1196 1982 1268 2026 alii
1298 1982 1555 2026 sustineant.
1581 1984 1678 2027 Non
1698 1980 1830 2026 susti-

435 2054 575 2109 neris,
600 2054 763 2098 sustine
793 2063 986 2098 caeteros.
1017 2056 1116 2100 Non
1139 2069 1315 2114 possum
1332 2089 1343 2110 ‚
1369 2053 1528 2114 inquis.
1556 2056 1673 2112 Ergo
1696 2053 1830 2097 habes

435 2124 556 2184 quod
578 2133 621 2168 et
640 2125 684 2168 in
703 2134 744 2168 te
767 2124 839 2168 alii
860 2125 1119 2170 sustineant.
1146 2144 1167 2167 «
1194 2125 1462 2169 Sustinentes
1485 2124 1671 2168 invicem
1689 2123 1736 2167 in
1760 2124 1831 2168 di-

438 2213 458 2235 »
483 2194 683 2239 lectione.
714 2213 734 2237 »
762 2198 828 2239 Tu
860 2195 1020 2239 deseris
1054 2211 1120 2239 res
1148 2196 1381 2250 humanas,
1407 2203 1451 2238 et
1472 2209 1667 2254 segregas
1689 2203 1731 2238 te
1749 2229 1760 2249 ‚
1780 2202 1831 2238 ut

436 2281 566 2310 nemo
589 2275 632 2310 te
653 2266 798 2311 videat
819 2285 828 2311 :
864 2266 935 2310 cui
958 2266 1183 2326 proderis?
1207 2269 1272 2310 Tu
1291 2265 1347 2310 ad
1378 2266 1460 2310 hoc
1483 2266 1769 2326 pervenisses,
1795 2265 1830 2309 si

436 2336 584 2381 nullus
608 2337 687 2381 tibi
716 2336 974 2397 profuisset?
995 2341 1065 2382 An
1085 2338 1186 2397 quia
1218 2336 1387 2382 veloces
1408 2336 1540 2397 pedes
1571 2336 1650 2380 tibi
1673 2335 1829 2380 videris

435 2407 638 2451 hahuisse
656 2407 712 2451 ad
734 2408 1048 2455 transeundum
1061 2443 1072 2463 ,
1097 2409 1354 2468 praecisurus
1377 2423 1420 2451 es
1438 2409 1643 2468 pontem?
1661 2407 1830 2452 Exhor-

437 2487 506 2521 tor
527 2493 697 2532 omnes‚
723 2493 804 2522 vox
834 2478 908 2521 -Dei
938 2494 1087 2523 omnes
1111 2479 1310 2524 hortatur
1332 2497 1340 2523 :
1366 2496 1386 2520 »
1414 2479 1680 2524 Sustinentes
1712 2477 1826 2523 invi-

440 2565 460 2589 »
496 2564 590 2593 cem
611 2548 658 2592 iu
679 2548 927 2593 dilectione.
958 2567 977 2590 »

487 2639 494 2656 ¹
524 2632 602 2664 Psal.
627 2643 690 2672 mv,
714 2632 828 2665 13-15.
850 2648 892 2655 —-·
912 2639 924 2655 ²
941 2632 988 2665 Id.
1003 2643 1115 2673 xxxin,
1135 2633 1166 2664 8.
1189 2649 1230 2656 —
1251 2630 1264 2656 3
1289 2631 1403 2676 Ephes.
1431 2643 1477 2674 iv,
1503 2641 1534 2665 2.

1909 0 1926 326 ι

1921 440 1924 500 1
