1926 3339
455 258 539 298 410
890 273 920 297 s.
959 269 1186 297 AUGUSTINI
1221 269 1398 295 Eriscori

453 335 532 380 etsi
554 336 611 379 ita
635 344 724 385 est,
746 335 950 393 ignoscite
973 353 981 379 :
1008 333 1145 392 primo
1160 368 1171 387 ‚
1200 333 1301 392 quia
1321 334 1464 392 jussus
1489 330 1594 390 feci3
1618 347 1717 376 nam
1747 334 1835 377 Do-

454 406 597 449 minus
622 408 734 450 Deus
759 413 904 447 noster
932 419 1009 462 per
1030 418 1102 447 eos
1130 403 1235 446 mihi
1262 402 1412 446 fratres
1439 402 1588 462 jussit,
1614 402 1658 444 in
1675 401 1835 461 quibus

452 475 636 519 habitat.
662 477 759 519 Non
787 474 901 516 enim
924 473 1051 532 jubet
1076 475 1213 525 Deus,
1247 472 1325 514 nisi
1354 471 1408 515 de
1430 471 1530 514 sede
1551 487 1642 515 sua.
1672 470 1837 517 Deinde

454 546 554 606 quia
577 553 746 588 tantum
779 543 892 586 avidi
916 541 1053 585 fuistis
1071 542 1232 595 nostri,
1253 542 1513 585 confitemur
1527 576 1538 595 ‚
1564 550 1607 585 et
1627 556 1705 585 nos
1723 540 1837 585 avidi

454 615 617 659 fuimus
635 613 779 657 vestri.
793 611 1052 656 Consoletur
1070 627 1169 669 ergo
1184 614 1295 654 Deus
1310 619 1454 654 noster
1476 610 1670 654 laborem
1687 611 1834 666 istum,

454 694 505 729 ut
521 683 652 728 sudor
672 684 751 727 istc
779 692 924 727 noster
946 682 1000 725 sit
1016 680 1140 725 vobis
1158 680 1202 724 in
1216 689 1478 739 provectum
1495 679 1641 724 salutis
1656 715 1667 734 ,
1683 696 1773 724 non
1794 681 1840 725 in

456 754 752 799 testimonium
776 751 1074 797 accusationis.
1095 754 1186 795 Hoc
1205 750 1318 805 dico,
1333 750 1499 805 fratres,
1516 760 1565 795 ut
1583 766 1634 794 ex
1655 766 1706 795 eo
1720 749 1842 811 quod

456 823 647 879 audistis,
666 823 895 885 proficiatis
911 858 922 878 ‚
948 832 991 866 et
1014 822 1238 865 ruminetis
1260 821 1486 865 vobiscum
1508 840 1516 865 :
1534 836 1622 865 non
1643 836 1718 865 vos
1739 836 1840 880 per-

456 894 635 939 mittatis
669 893 892 947 oblivisci,
933 909 1021 937 non
1055 892 1193 936 solum
1218 893 1296 937 ista
1329 892 1611 950 recogitando
1642 901 1682 935 et
1706 890 1843 936 collo-

458 964 663 1026 quendo,
689 964 764 1009 sed
786 965 915 1009 etiam
938 964 997 1007 ita
1025 963 1225 1007 vivendo.
1249 965 1367 1007 Bona
1400 963 1488 1006 vita
1516 963 1634 1006 enim
1662 978 1713 1006 ex
1735 978 1844 1022 prae-

459 1035 594 1094 ceptis
617 1036 693 1079 Dei
715 1051 814 1095 quae
837 1035 1002 1093 agitur,
1024 1043 1233 1094 tanquam
1256 1033 1393 1091 stylus
1416 1042 1500 1087 est,
1525 1032 1645 1093 quod
1669 1032 1844 1076 auditur

460 1106 651 1150 scribens
673 1106 717 1151 in
741 1105 885 1150 corde.
915 1105 957 1150 Si
982 1106 1024 1149 in
1042 1121 1137 1149 cera
1163 1105 1437 1159 scriberetur,
1454 1103 1579 1148 facile
1597 1102 1840 1147 deleretur:

460 1175 635 1220 scribite
655 1174 764 1219 illud
786 1175 830 1220 in
848 1174 1052 1220 cordibus
1075 1175 1240 1230 vestris,
1257 1175 1451 1220 moribus
1473 1174 1638 1229 vestris,
1663 1182 1706 1217 et
1727 1189 1845 1217 nun-

461 1262 594 1307 quam
612 1245 843 1290 delebitur.

982 1548 1065 1594 EN
1074 1546 1358 1594 ARRATiO

839 1708 899 1747 ιΝ
943 1707 1245 1748 PSALMUM
1302 1706 1466 1746 xclv.

1061 1874 1210 1917 Sermo
1221 1873 1250 1914 ¹.

525 2022 560 2064 Ῐ.
582 2022 675 2065 Eoo
696 2019 869 2074 vellem,
891 2019 1066 2076 fratres,
1089 2028 1136 2064 ut
1156 2028 1323 2080 patrem
1343 2027 1540 2063 nostrum
1563 2017 1708 2077 potius
1730 2016 1852 2062 audi·

466 2106 609 2135 remus
629 2110 637 2136 :
658 2090 734 2135 sed
755 2100 798 2135 et
819 2092 903 2135 hoc
927 2091 1091 2135 bonum
1117 2100 1180 2135 est
1194 2126 1204 2144 ‚
1235 2100 1285 2135 ut
1306 2090 1417 2149 patri
1438 2089 1708 2134 obediamus.
1739 2089 1851 2142 Quia

466 2177 568 2220 ergo
583 2162 711 2221 jussit
739 2162 864 2206 nobis
880 2197 890 2217 ‚
917 2162 993 2222 qui
1011 2161 1215 2219 dignatur
1237 2176 1359 2206 orare
1382 2176 1460 2220 pro
1477 2160 1602 2204 nobis
1621 2195 1631 2215 ,
1657 2159 1712 2203 de
1734 2175 1850 2219 prae-

465 2231 572 2275 senti
597 2232 765 2276 Psalmo
789 2231 909 2291 quod
933 2232 1143 2277 Dominus
1175 2235 1286 2276 Deus
1320 2231 1513 2275 omnium
1541 2239 1736 2274 nostrum
1767 2229 1850 2274 do-

466 2317 569 2346 nare
614 2301 867 2360 dignabitur
886 2337 897 2356 ,
937 2301 1091 2362 loquar
1125 2301 1333 2345 Charitati
1363 2303 1543 2344 Vestrae.
1586 2303 1663 2344 Est
1705 2309 1852 2344 autem

468 2373 624 2418 Psalmi
642 2372 794 2417 titulus
816 2392 825 2417 :
857 2391 876 2414 «
903 2375 1015 2416 Laus
1032 2371 1188 2416 cantici
1209 2372 1289 2431 ipsi
1313 2369 1464 2415 David.
1498 2373 1610 2414 Laus
1632 2369 1801 2414 Cantici
1827 2388 1847 2412 »

516 2487 523 2502 ¹
546 2481 656 2511 Sermo
675 2479 734 2511 iste
752 2479 878 2510 habitus
901 2483 951 2510 est
972 2479 1060 2519 jussu
1093 2477 1210 2510 Aurelii
1238 2478 1510 2519 Carthaginensis3
1534 2477 1584 2509 vel
1608 2476 1715 2518 potius
1737 2476 1851 2508 Valerii

467 2535 680 2577 Hipponensis
703 2535 842 2577 episcopi
860 2560 867 2571 ,
886 2535 1034 2576 adeoque
1052 2534 1224 2574 Augustino
1249 2544 1361 2565 recens
1382 2534 1534 2575 episcopo
1562 2538 1615 2564 aut
1634 2533 1737 2565 adbuc
1755 2543 1848 2575 pres-

468 2590 589 2621 bvtero.
