1926 3339
386 250 627 281 nunna-10
660 252 705 279 m
737 248 942 279 rsALMnM
973 252 1142 279 Lxxvn.
1376 244 1430 282 35

47 327 91 363 et
110 318 304 363 converti
318 317 364 362 in
380 316 450 361 die
469 316 604 372 belli,
629 316 711 360 nisi
727 316 951 360 attendere
972 325 1014 359 et
1030 315 1283 375 promittere
1296 316 1343 360 in
1362 317 1433 362 die

49 387 280 433 auditionis
294 423 306 443 ,
325 395 369 432 et
391 386 586 431 deserere
607 386 653 430 in
665 385 734 429 die
750 385 1002 430 tentationis
1021 404 1033 442 3
1049 385 1176 429 armis
1193 386 1314 445 quasi
1332 402 1436 445 pro·-

46 457 198 502 ludere
212 490 224 514 ‚
247 466 292 502 et
306 456 361 502 ad
378 457 530 501 horam
551 456 796 501 certaminis
814 455 932 500 nolle
949 456 1172 515 pugnare?
1189 456 1316 508 Quod
1331 472 1436 501 sane

47 524 107 572 ait
125 545 135 573 z
154 543 172 568 α
197 527 440 572 Tendentes
454 536 498 571 et
511 527 731 571 mittentes
743 541 867 571 arcus
888 545 899 571 ε
916 543 939 567 >1
955 541 1058 570 cum
1071 525 1271 570 debuisse
1292 525 1438 571 dicere

47 597 247 644 videatur
260 633 272 653 ‚
316 597 545 642 tendentes
582 613 706 642 arcus
724 632 736 653 ,
771 606 814 641 et
849 597 1072 642 mittentes
1104 596 1278 655 sagittas
1297 617 1308 655 3
1345 612 1437 642 non

48 668 164 713 enim
197 683 323 713 arcus
347 668 535 712 mittitur
552 704 565 724 ‚
590 667 666 712 sed
687 668 742 712 ab
779 683 883 712 arcu
917 666 1084 728 aliquid
1112 667 1302 712 mittitur
1326 686 1338 712 ε
1361 677 1436 713 aut

48 738 121 783 illa
143 738 307 783 locutio
323 748 390 783 est
416 737 472 782 de
493 754 579 799 qua
610 739 806 798 superius
829 738 1107 782 disseruimus
1123 772 1136 792 ,
1164 738 1243 781 ubi
1267 738 1436 782 dictum

48 818 113 853 est
136 827 146 853 ε
170 827 190 851 «
223 808 451 854 Suscitavit
480 808 806 863 testimonium,
840 826 861 849 »
895 808 997 868 quia
1019 807 1240 851 suscitavit
1272 806 1441 867 aliquid

47 879 296 924 testimonio
309 914 321 934 ‚
344 880 403 924 ita
422 889 465 924 et
481 880 550 924 hic
570 914 581 935 ,
610 898 631 921 «
655 879 877 924 Mittentes
895 895 1040 934 arcus,
1065 898 1083 920 τ)
1108 878 1213 938 quia
1229 878 1440 923 miserunt

48 949 214 1010 aliquid
238 948 426 994 arcubus
448 969 458 995 ι
493 959 570 994 aut
592 950 804 994 obscurus
835 949 943 994 ordo
964 950 1202 994 verborum
1224 958 1313 1005 est,
1336 964 1438 993 cum

49 1020 405 1078 praetermissione
416 1020 539 1065 verbi
554 1055 565 1075 ,
591 1019 713 1080 quod
730 1020 862 1064 etiam
884 1020 1064 1065 tacitum
1086 1019 1440 1064 subaudiendum

48 1099 136 1145 est,
161 1100 210 1134 ut
230 1091 309 1134 iste
331 1089 439 1135 ordo
453 1091 507 1134 sit
521 1125 533 1146 ,
562 1109 583 1132 «
608 1089 706 1134 Filii
727 1091 932 1149 Ephraem
954 1089 1230 1134 intendentes
1247 1106 1371 1135 arcus
1393 1100 1437 1135 et

51 1180 71 1203 »
106 1162 342 1216 mittentes,
363 1180 382 1204 »
400 1171 444 1206 et
456 1161 744 1206 subaudiatur
766 1162 958 1221 sagittas,
983 1161 1242 1221 pleniusque
1261 1162 1330 1217 sit,
1347 1171 1442 1206 ten-

50 1232 201 1276 dentes
223 1247 347 1276 arcus
368 1240 411 1276 et
434 1233 656 1276 mittentes
679 1231 856 1290 sagittas
882 1251 893 1277 z
919 1232 1023 1292 quia
1044 1232 1174 1275 etiam
1195 1232 1229 1275 si
1245 1231 1408 1277 diceret
1426 1252 1436 1278 :

54 1319 74 1345 «
87 1303 330 1346 Tendentes
343 1311 387 1346 et
396 1302 617 1346 mittentes
630 1303 822 1361 sagittas,
835 1321 854 1344 »
867 1318 957 1347 non
970 1303 1121 1363 utique
1135 1303 1365 1347 tendentes
1378 1319 1442 1348 sa-

51 1373 177 1432 gittas
197 1371 440 1432 intelligere
462 1371 742 1430 deberemus3
780 1371 857 1417 sed
884 1372 1034 1417 audito
1066 1388 1118 1416 eo
1149 1371 1271 1432 quod
1301 1373 1438 1430 dixit,

52 1443 278 1488 tendentes
292 1478 304 1498 ,
321 1441 556 1488 subaudire
577 1443 722 1502 potius
739 1458 910 1498 arcum,
935 1442 1132 1503 quamvis
1161 1443 1328 1487 dictum
1350 1459 1441 1489 non

51 1513 197 1558 fuerit.
238 1512 449 1560 Nonnulli
478 1527 582 1559 sane
623 1512 794 1558 codices
826 1514 954 1571 graeci
994 1512 1157 1557 habere
1195 1512 1404 1558 dicuntur
1424 1549 1436 1570 ,

55 1604 75 1627 «
112 1585 358 1629 Tendentes
381 1594 424 1629 et
451 1584 672 1628 mittentes
698 1584 912 1639 arcubus,
944 1604 960 1625 »
985 1593 1036 1627 ut
1054 1583 1144 1627 sine
1167 1582 1442 1630 dubitatione

52 1654 363 1700 subaudiamus
385 1655 572 1713 sagittas.
600 1654 728 1707 Quod
749 1670 852 1699 vero
873 1669 950 1714 per
980 1654 1092 1698 filios
1114 1655 1321 1714 Ephraem
1342 1656 1442 1700 uni·

50 1740 219 1770 versam
245 1724 365 1779 illam
395 1725 718 1783 generationem
744 1724 1052 1769 amaricantem
1074 1724 1257 1783 intelligi
1274 1725 1412 1770 voluit
1428 1762 1440 1782 ,
1497 1751 1502 1756 ‚

51 1797 216 1842 locutio
235 1806 300 1841 est
313 1812 336 1841 a
352 1805 475 1857 parte
488 1804 630 1841 totum
651 1796 912 1855 significans.
928 1799 984 1840 Et
997 1795 1096 1840 ideo
1110 1795 1290 1841 fortasse
1307 1798 1444 1843 electa

53 1877 118 1913 est
138 1868 218 1912 ista
234 1882 334 1928 pars
345 1902 356 1923 ,
382 1883 434 1911 ex
451 1883 538 1927 qua
553 1866 627 1910 ille
644 1866 835 1927 populus
848 1876 965 1911 totus
979 1866 1319 1925 significaretur,
1340 1870 1442 1929 quia

54 1937 108 1983 de
129 1939 195 1983 his
216 1937 488 1998 potissimum
517 1936 623 1981 boni
651 1936 818 1998 aliquid
846 1937 1168 1996 expectandum
1202 1937 1310 1997 fuit,
1342 1939 1444 2000 quia

54 2020 106 2053 ex
125 2005 201 2054 illo
219 2008 311 2053 nati
331 2017 458 2063 sunt,
483 2018 616 2068 quem
636 2017 843 2067 nepotem·
863 2020 991 2052 suum
1013 2006 1176 2064 Jacob,
1201 2011 1400 2069 quamvis
1417 2027 1443 2056 a

53 2089 178 2141 patre
198 2081 289 2141 ejus
320 2086 531 2140 tanquam
551 2079 766 2123 minorem
797 2078 852 2123 ad
879 2078 1096 2123 sinistram
1123 2079 1439 2139 constitutum,

55 2164 188 2195 manu
205 2160 350 2195 tamen
371 2150 545 2194 dextera
563 2147 816 2204 benedixit,
844 2162 1036 2208 eumque
1054 2149 1208 2210 majori
1228 2149 1352 2195 fratri
1368 2168 1440 2197 ar-

55 2233 161 2266 cana
176 2220 480 2266 benedictione
496 2220 733 2280 praeposuit
746 2222 759 2245 ¹
773 2238 785 2278 3
799 2228 850 2264 ut
866 2218 987 2280 quod
1010 2219 1070 2265 ita
1084 2219 1278 2266 hocloco
1300 2222 1441 2268 tribus

55 2293 129 2339 illa
149 2292 377 2353 culpatur,
417 2307 498 2336 nec
532 2292 778 2351 apparuisse
808 2292 855 2335 in
876 2307 925 2336 ea
947 2291 1068 2352 quod
1095 2291 1169 2336 illa
1194 2292 1442 2341 benedictio

57 2364 338 2424 promittebat
375 2361 617 2407 ostenditur
634 2397 645 2417 ,
684 2361 783 2406 satis
817 2361 1110 2419 intelligamus
1146 2362 1269 2422 quod
1310 2365 1441 2410 etiam

57 2444 163 2480 tunc
185 2450 236 2477 ex
251 2432 393 2477 verbis
415 2432 670 2492 patriarchae
694 2431 830 2476 Jacob
848 2431 977 2489 longe
999 2431 1119 2475 aliud
1139 2433 1434 2493 figurabatur,

59 2520 190 2567 quam
210 2503 441 2564 prudentia
461 2503 601 2548 carnis
623 2511 834 2563 expectat.
861 2502 1154 2562 Figurabatur
1180 2504 1297 2549 enim
1319 2508 1442 2566 quod

107 2596 117 2613 ¹
138 2591 219 2622 Gen.
235 2599 346 2629 nvm,
364 2587 415 2629 14.

1240 2647 1277 2684 3.
