1926 3339
365 288 608 317 ENARRATio
641 290 684 316 nv
718 288 919 315 PsALMUM
954 291 1132 316 Lxxxrv.
1362 283 1443 320 167

61 369 149 398 non
165 353 381 398 intellexit
397 390 408 409 ‚
433 352 656 414 quomodo
677 354 849 398 invocat
867 353 1171 398 liberatorem?
1188 373 1208 396 «
1227 355 1446 413 Operuisti

61 443 83 467 »
117 425 263 469 omnia
285 433 463 483 peccata
490 425 684 468 eorum¹.
710 442 731 465 »
766 423 880 476 Quid
900 433 990 478 cst,
1020 443 1040 466 «
1063 425 1313 483 Operuisti‘?
1336 443 1357 467 »
1390 429 1448 471 Ut

32 534 36 535 ⁷
59 510 148 539 non
169 494 242 538 illa
265 493 448 539 videres.
477 495 588 547 Quid
606 503 669 538 est
683 528 694 548 ,
720 502 770 537 ut
797 509 887 538 non
903 493 976 538 illa
994 494 1189 539 videres?
1212 497 1269 539 Ut
1290 511 1380 540 non
1401 496 1448 540 in

58 563 131 608 illa
151 563 407 608 vindicares.
421 563 606 609 Noluisti
624 563 770 607 videre
787 574 962 623 peccata
981 573 1128 608 nostra
1145 573 1210 609 :et
1231 564 1331 610 ideo
1357 581 1449 610 non

57 633 229 690 vidisti,
263 634 365 695 quia
387 634 479 694 ipsa
499 633 648 678 videre
669 633 863 679 noluisti.
895 654 914 676 «
938 635 1158 694 Operuisti
1181 636 1325 680 omnia
1343 651 1448 696 pec-

59 724 82 748 »
115 715 209 750 cata
243 721 410 750 eorum.
448 705 613 751 Sedasti
644 721 819 751 omnem
849 706 959 750 iram
984 715 1136 764 tuam3
1168 707 1360 752 avertisti
1392 708 1448 753 ab

60 794 81 818 »
114 776 176 820 ira
194 775 504 835 indignationis
523 778 658 820 tuae2.
687 794 707 818 »

114 848 191 891 VI.
208 849 265 891 Et
286 848 495 907 quoniam
517 846 572 891 de
590 845 741 891 futuro
758 847 837 891 ista
858 846 1082 902 dicuntur,
1098 848 1294 908 quamvis
1315 848 1450 893 verba

56 917 274 976 praeterita
295 926 453 961 sonent
471 951 483 973 ‚
503 917 724 977 sequitur,
747 925 790 961 et
810 916 916 961 dicit
937 937 946 962 2
975 936 995 959 «
1015 919 1230 962 Converte
1249 933 1344 974 nos,
1366 921 1451 964 Do-

59 1005 81 1030 »
115 988 232 1032 mine
268 987 504 1032 sanitatum
545 997 808 1032 nostrarum.
844 1006 865 1029 »
899 988 1029 1042 Quod
1068 988 1201 1033 modo
1245 990 1450 1034 narrabat

56 1059 178 1118 quasi
198 1056 362 1103 factum
382 1067 515 1113 esset,
541 1057 769 1118 quomodo
791 1067 886 1103 orat
907 1067 958 1102 ut
978 1059 1072 1113 fiat,
1087 1059 1169 1103 nisi
1190 1059 1294 1119 quia
1310 1060 1452 1105 voluit

56 1129 283 1175 ostendere
305 1130 525 1190 praeterita
551 1130 685 1174 verba
705 1145 750 1174 se
777 1130 824 1174 in
855 1130 1085 1190 prophetia
1107 1131 1297 1176 dixisse?
1328 1135 1449 1178 Non-

56 1200 164 1246 dum
186 1209 333 1245 autem
354 1198 520 1245 factum
549 1216 638 1244 esse
667 1199 788 1260 quod
814 1199 987 1245 dicebat
1009 1202 1100 1261 jam
1123 1199 1314 1257 sactum,
1345 1203 1449 1247 hinc

56 1271 249 1318 ostendit
265 1307 276 1327 ‚
306 1272 408 1332 quia
447 1281 541 1317 orat
561 1281 611 1316 ut
630 1272 721 1316 fiat.
752 1290 771 1313 «
797 1273 1014 1316 Converte
1035 1288 1135 1327 nos⁷
1160 1273 1344 1317 Domine
1378 1289 1448 1318 sa-

59 1361 82 1385 »
118 1343 306 1387 nitatum
330 1351 576 1387 nostrarum
601 1361 610 1387 ε
640 1351 684 1386 et
710 1352 854 1387 averte
881 1341 1150 1387 iracundiam
1177 1352 1298 1387 tuam
1321 1359 1345 1388 a
1367 1359 1450 1389 no·-

60 1433 82 1458 »
117 1415 367 1460 bis³.»Non
378 1416 467 1474 jam
481 1413 651 1458 dudum
673 1413 847 1458 dicebas
866 1434 876 1459 2
895 1415 1131 1459 «Avertisti
1152 1415 1448 1474 captivitatem

59 1503 80 1528 »
115 1484 276 1540 Jacob,
301 1484 511 1544 operuisti
533 1484 679 1528 omnia
701 1492 876 1543 peccata
896 1499 1071 1539 eorum,
1094 1483 1250 1528 sedasti
1272 1499 1448 1528 omnem

57 1574 80 1598 »
113 1555 219 1599 iram
246 1564 383 1610 tuam,
409 1570 582 1598 aversus
603 1570 647 1599 es
667 1554 722 1598 ab
744 1554 807 1599 ira
828 1554 1139 1613 indignationis
1159 1564 1246 1598 tuae
1261 1557 1279 1599 Ρ
1295 1573 1315 1596 »
1332 1557 1447 1608 Quo-

55 1626 187 1671 modo
207 1626 302 1681 hic,
331 1645 352 1669 «
373 1629 430 1670 Et
455 1635 598 1669 averte
627 1624 894 1669 iracundiam
917 1634 1039 1669 tuam
1064 1642 1087 1669 a
1110 1625 1266 1670 nobis?
1288 1644 1308 1666 »
1336 1628 1445 1669 Res-

55 1696 222 1757 pondet
249 1697 329 1742 tibi
355 1698 572 1756 Propheta
600 1715 609 1741 ι
635 1695 715 1740 Illa
745 1695 843 1741 dico
871 1697 994 1757 quasi
1027 1694 1141 1741 facta
1157 1731 1168 1751 ‚
1194 1697 1298 1757 quia
1317 1696 1446 1742 video

56 1767 236 1812 futura:
268 1768 369 1827 quia
389 1783 492 1811 vero
515 1767 715 1811 nondum
745 1766 860 1810 facta
890 1775 1018 1821 sunt,
1043 1782 1120 1811 oro
1155 1775 1207 1810 ut
1238 1766 1443 1822 veniant,

6 1847 14 1855 ¹
56 1854 158 1898 quae
173 1839 264 1898 jam
285 1837 391 1881 vidi.
418 1856 438 1879 «
463 1840 622 1881 Averte
639 1835 909 1881 iracundiam
932 1846 1055 1881 tuam
1071 1853 1095 1880 a
1117 1837 1257 1881 nobis.
1286 1855 1308 1878 »

115 1911 216 1952 VII.
247 1911 389 1954 «Non
416 1909 461 1951 in
493 1917 708 1952 aeternum
736 1906 928 1951 irascaris
961 1907 1102 1952 nobis.
1132 1926 1153 1949 »
1178 1910 1241 1952 De
1275 1907 1339 1951 ira
1369 1907 1449 1952 Dei

57 1980 175 2024 enim
200 1979 405 2024 mortales
427 1995 575 2024 sumus
590 2015 600 2034 ‚
627 1989 671 2023 et
689 1978 744 2023 de
773 1980 835 2024 ira
858 1979 936 2023 Dei
958 1979 1004 2023 in
1021 1979 1101 2023 ista
1123 1988 1237 2023 terra
1258 1979 1304 2023 in
1328 1994 1451 2037 eges-

57 2060 147 2095 tate
161 2059 205 2094 et
216 2050 363 2095 labore
384 2050 533 2095 vultus
551 2050 685 2094 nostri
700 2049 1016 2094 manducamus
1035 2065 1208 2109 panem.
1222 2052 1317 2094 Hoc
1334 2051 1451 2094 enim

59 2121 225 2167 audivit
242 2121 399 2177 Adam,
420 2121 599 2183 quando
620 2122 859 2181 peccavit4.
874 2125 932 2166 Et
946 2122 1086 2166 Adam
1109 2121 1182 2165 ille
1203 2137 1352 2165 omnes
1374 2136 1453 2166 nos

58 2207 255 2247 eramus,
279 2193 383 2253 quia
404 2192 451 2236 in
472 2193 613 2237 Adam
636 2207 787 2236 omnes
811 2192 1061 2236 moriuntur
1087 2211 1097 2237 z
1123 2192 1246 2252 quod
1275 2191 1348 2236 ille
1370 2208 1451 2236 au·-

59 2264 194 2322 divit3
217 2274 415 2308 secutum
437 2273 500 2308 est
519 2272 562 2307 et
584 2279 678 2308 nos.
696 2266 794 2308 Non
815 2263 932 2307 enim
955 2278 1126 2307 eramus
1141 2265 1230 2324 jam
1253 2279 1348 2318 nos,
1374 2263 1450 2309 sed

59 2350 230 2379 eramus
250 2336 297 2379 in
313 2336 470 2379 Adam.
499 2334 605 2379 Ideo
626 2334 845 2395 quidquid
868 2335 1014 2380 evenit
1034 2336 1115 2394 ipsi
1133 2335 1273 2380 Adam
1289 2371 1300 2390 ‚
1325 2351 1451 2380 secu-

59 2414 154 2450 tum
178 2416 242 2450 est
262 2415 306 2450 et
327 2421 406 2451 nos
422 2441 432 2460 ‚
459 2414 509 2449 ut
525 2421 794 2450 moreremur
821 2425 830 2450 z
855 2421 1005 2450 omnes
1027 2407 1190 2466 quippe
1210 2407 1257 2450 in
1277 2406 1354 2451 illo
1370 2407 1453 2451 fuiu

60 2491 171 2520 mus.
199 2479 261 2520 Ea
291 2477 404 2520 enim
430 2485 608 2535 peccata
636 2485 866 2535 parentum
892 2492 981 2521 non
999 2478 1221 2536 pertinent
1242 2477 1296 2521 ad
1314 2477 1448 2532 filios,

61 2562 160 2606 quae
182 2546 351 2591 faciunt
374 2555 574 2606 parentes
594 2548 678 2605 iani
702 2547 812 2591 natis
841 2547 954 2590 filiis.
982 2550 1078 2591 Jam
1112 2548 1230 2591 enim
1259 2549 1349 2592 nati
1370 2547 1454 2591 filii
1517 2577 1531 2581 ψ

108 2632 116 2647 ¹
142 2631 220 2663 psal.
242 2642 371 2668 mzxrxr,
392 2632 422 2672 4.
446 2650 483 2653 -
506 2639 517 2653 ²
533 2632 611 2663 Ibid.
632 2632 661 2663 5.
682 2649 720 2653 -—
743 2631 851 2662 311n‘d.
878 2633 909 2663 (3.
937 2650 975 2654 —
996 2631 1009 2656 (ι
1030 2626 1106 2664 0οη
1131 2644 1178 2667 Ῑιι,
1199 2644 1246 2674 ις),
