1926 3339
407 311 646 339 ΕΝΑηηΑΤῐο
679 313 723 339 m
758 312 960 338 PsALMUM
994 313 1106 339 xciv.
1359 303 1443 342 425

118 378 242 420 XIII.
269 379 412 430 Quare
435 376 576 420 dixisti
598 396 607 422 :
636 395 655 418 «
677 375 823 422 Nolite
840 375 1056 420 obdurare
1079 375 1210 420 corda
1231 382 1402 422 vestra?
1423 398 1443 420 »

59 446 171 499 Quia
189 447 443 490 meministis
465 447 572 507 quid
590 447 754 491 soleant
775 446 915 490 facere
939 456 1081 506 patres
1098 446 1242 490 vestri.
1264 466 1284 488 «
1303 447 1447 492 Nolite

64 537 81 558 »
118 517 335 561 obdurare
352 511 481 561 corda
500 527 640 562 vestra
661 538 668 562 :
690 517 1059 578 quemadmodum
1078 518 1123 561 in
1149 517 1222 562 illa
1246 518 1450 562 amarica-

61 605 81 628 η
117 588 257 642 tione,
285 587 526 632 secundum
549 588 662 632 diem
687 589 938 633 tentationis
960 588 1005 632 in
1023 588 1236 633 deserto1.
1263 607 1282 629 »
1309 592 1452 633 Reco-

58 657 143 701 litis
166 667 306 713 certe,
346 657 525 714 fratres,
564 658 685 719 quod
720 658 793 702 ille
829 658 1018 718 populus
1052 659 1230 702 tentarit
1258 662 1397 703 Deum
1412 661 1446 714 ²,

59 728 273 787 acceperit
294 727 582 788 disciplinam,
600 738 643 773 et·
667 739 808 774 rectus
830 730 884 773 sit
904 729 948 772 in
967 729 1138 774 deserto
1160 738 1369 790 tanquam
1393 730 1450 773 ab

58 799 224 858 optimo
247 815 433 854 sessore,
470 799 603 843 frenis
635 800 807 858 legum,
842 799 973 843 frenis
1000 809 1342 859 praeceptorum,
1367 815 1450 843 nec

58 870 112 914 sit
133 869 326 914 desertus
344 880 490 914 tamen
513 887 534 914 a
558 874 648 914 Deo
671 871 798 914 etiam
815 869 1075 925 indomitus,
1101 886 1189 914 non
1211 870 1351 914 solum
1371 872 1450 914 be-

59 940 224 984 neficiis
253 941 565 999 praesentibus,
597 940 673 984 sed
701 941 830 985 etiam
865 941 983 999 virga
1015 940 1331 986 emendationis
1360 958 1450 986 non

59 1010 305 1054 desistente.
338 1030 358 1053 «
382 1010 526 1055 Nolite
548 1026 650 1070 ergo
675 1011 891 1055 obdurare
924 1011 1053 1055 corda
1075 1021 1212 1055 vestra
1237 1031 1246 1056 :
1273 1012 1384 1056 sicut
1404 1013 1451 1056 in

62 1101 81 1122 »
117 1082 443 1136 amaricatione,
481 1081 720 1125 seeundum
755 1081 871 1125 diem
900 1082 1151 1125 tentationis
1179 1082 1224 1125 in
1248 1081 1448 1139 deserto,

62 1169 82 1192 »
117 1151 193 1194 ubi
217 1161 495 1196 tentaverunt
516 1167 586 1195 me
608 1161 750 1211 patres
783 1153 928 1196 vestri.
958 1171 977 1193 »
1004 1155 1102 1196 Jam
1124 1152 1229 1196 tales
1252 1169 1341 1197 non
1364 1153 1449 1197 sint

58 1231 199 1282 patres
215 1223 368 1278 vestri3
400 1221 536 1266 nolite
557 1238 628 1266 eos
650 1223 823 1266 imitari.
855 1226 1001 1266 Patres
1022 1223 1153 1266 vestri
1185 1233 1308 1266 erant
1335 1243 1343 1267 ε
1371 1222 1448 1267 sed

58 1293 91 1337 si
110 1309 199 1336 non
218 1293 373 1336 imitati
397 1291 577 1347 fueritis,
595 1302 736 1352 patres
758 1293 886 1337 vestri
906 1308 995 1336 non
1018 1302 1167 1336 erunt:
1186 1301 1331 1336 tamen
1344 1293 1447 1352 quia

58 1363 113 1407 de
134 1364 200 1407 his
222 1363 311 1407 nati
330 1364 428 1407 estis
444 1399 455 1418 ,
481 1372 622 1422 patres
645 1364 775 1407 vestri
798 1372 937 1407 erant.
965 1367 1021 1407 Et
1039 1363 1072 1407 si
1089 1365 1248 1407 Gentes
1270 1365 1450 1407 venien-

58 1445 121 1479 tes
139 1436 193 1479 ab
217 1445 408 1479 extremo
426 1445 552 1479 terrae
568 1470 578 1489 ,
605 1435 714 1479 sieut
737 1434 840 1478 dicit
859 1436 1087 1480 Jeremias:
1109 1455 1127 1477 «
1145 1435 1212 1479 Ad
1233 1445 1274 1478 te
1290 1436 1450 1479 Gentes

62 1525 82 1548 »
116 1506 292 1550 venient
314 1507 368 1550 ab
407 1515 597 1550 extremo
626 1515 751 1549 terrae
775 1541 784 1559 ,
816 1515 859 1549 et
887 1506 1035 1550 dicent
1061 1526 1069 1550 ;
1098 1509 1208 1550 Vere
1225 1505 1451 1550 mendacia

61 1595 82 1618 >1
117 1577 350 1621 coluerunt
364 1587 505 1636 patres
523 1578 675 1631 nostri,
695 1576 924 1621 simulacra
941 1578 985 1620 in
1003 1577 1163 1636 quibus
1182 1593 1270 1621 non
1287 1587 1351 1621 est
1364 1578 1452 1621 uti-

64 1668 82 1689 »
116 1647 240 1690 litas³
264 1666 271 1691 :
301 1665 321 1687 »
348 1647 380 1690 si
403 1649 563 1691 Gentes
586 1646 847 1690 dimiserunt
869 1647 1096 1691 simulacra
1119 1663 1194 1691 sua
1210 1683 1220 1699 ,
1246 1657 1296 1691 ut
1327 1648 1453 1692 veni-

59 1727 157 1761 rent
179 1717 233 1761 ad
264 1721 403 1761 Deum
431 1717 590 1774 Israel,
621 1733 729 1776 quos
754 1719 844 1776 ipse
878 1721 986 1761 Deus
1014 1717 1143 1761 Israel
1171 1717 1225 1760 de
1253 1720 1448 1777 AEgypto

59 1803 137 1847 per
158 1803 276 1832 mare
299 1788 500 1831 Rubrum
529 1788 676 1841 duxit,
702 1787 747 1830 in
778 1803 866 1847 quo
899 1788 1094 1831 inimicos
1123 1803 1273 1831 eorum
1303 1804 1456 1831 conse-

62 1867 244 1918 quentes
267 1859 462 1917 operuit⁴
477 1879 486 1914 3
502 1873 610 1917 quos
633 1858 678 1900 in
701 1857 920 1901 desertum
940 1857 1105 1911 eduxit,
1125 1874 1283 1901 manna
1298 1858 1452 1917 pavit⁵‚

62 1945 288 1989 nunquam
321 1929 486 1987 virgam
518 1943 638 1971 suam
668 1928 723 1971 ab
758 1944 909 1971 eorum
934 1927 1160 1986 disciplina
1184 1928 1305 1982 tulit,
1340 1944 1457 1971 nun-

61 2015 195 2059 quam
213 2000 423 2043 beneficia
448 1998 754 2042 misericordiae
776 1999 1008 2051 subtraxit,
1036 1999 1114 2058 ipsi
1145 1999 1308 2042 debent
1332 1997 1457 2042 dese—

0 2111 1 2116 ,
61 2086 155 2114 rere
189 2073 327 2113 Deum
360 2085 509 2123 suum,
546 2084 644 2112 eum
680 2070 839 2112 Gentes
871 2069 1071 2112 venerint,
1104 2068 1157 2111 ad
1184 2072 1319 2112 Deum
1344 2069 1458 2127 ipso-

63 2142 191 2184 rum?
218 2160 234 2179 «
265 2140 348 2184 Ubi
370 2148 651 2183 tentaverunt
673 2155 740 2182 me
768 2150 911 2198 patres
934 2140 1061 2183 vestri
1089 2159 1096 2183 z
1124 2140 1425 2198 probaverunt
1443 2174 1454 2195 ,

66 2230 86 2252 »
121 2221 164 2255 et
187 2211 392 2254 viderunt
418 2227 547 2269 opera
578 2225 684 2253 mea.
720 2229 738 2249 »
766 2209 1064 2268 Quadraginta
1098 2210 1220 2253 annis
1254 2210 1462 2254 viderunt

64 2297 192 2340 opera
215 2297 331 2335 mea,
362 2280 650 2340 quadraginta
679 2282 800 2324 annis
824 2281 1193 2324 exacerbaverunt
1221 2296 1304 2324 me.
1347 2284 1460 2324 Ante

0 2366 1 2395 1
63 2353 160 2396 illos
180 2351 384 2395 miracula
407 2353 449 2394 in
474 2367 605 2395 manu
629 2353 767 2410 Moysi
790 2350 1022 2406 faciebam,
1043 2361 1087 2396 et
1106 2353 1185 2411 ipsi
1208 2352 1343 2410 magis
1365 2367 1461 2395 ma-

67 2423 216 2483 gisque
234 2422 366 2467 eorda
384 2423 680 2466 obdurabant.

136 2495 253 2537 XIV.
291 2512 310 2534 «
346 2492 641 2549 Quadraginta
675 2493 798 2536 annis
831 2492 1054 2551 proximus
1090 2492 1155 2536 fui
1192 2492 1460 2550 generationi

114 2595 122 2610 ¹
143 2588 221 2619 psat.
247 2598 317 2619 κεῖν
334 2613 342 2628 ,
358 2600 389 2630 ς).
417 2605 458 2609 -
479 2595 490 2609 ²
514 2588 612 2618 Emd.
636 2599 714 2629 xw,
733 2597 766 2625 2,
787 2591 820 2618 et
835 2598 912 2627 xvn,
938 2587 972 2627 6,
993 2598 1023 2628 7.
1047 2605 1086 2610 ——
1107 2586 1254 2619 3Jerem.
1275 2598 1382 2628 xxxvi,
1405 2598 1455 2629 19.
1476 2596 1483 2602 ⁴

69 2662 109 2666 —-
129 2643 143 2673 4
166 2644 263 2675 Exod.
287 2655 352 2684 xiv,
371 2653 427 2681 ‘›‘›.‚
444 2648 475 2674 ot
493 2655 555 2683 wi,
580 2643 628 2684 [ᾗ.
654 2661 694 2665 ——
721 2642 735 2665 ⁵
761 2645 805 2674 111.
834 2654 901 2681 ΠΙ,
928 2644 1043 2674 13—36.
