<?xml version="1.0" encoding="UTF-8"?>
<!DOCTYPE html PUBLIC "-//W3C//DTD XHTML 1.0 Transitional//EN"
    "http://www.w3.org/TR/xhtml1/DTD/xhtml1-transitional.dtd">
<html xmlns="http://www.w3.org/1999/xhtml" xml:lang="en" lang="en">
 <head>
  <title>
</title>
<meta http-equiv="Content-Type" content="text/html;charset=utf-8" />
  <meta name='ocr-system' content='tesseract 3.04.00' />
  <meta name='ocr-capabilities' content='ocr_page ocr_carea ocr_par ocr_line ocrx_word'/>
</head>
<body>
  <div class='ocr_page' id='page_1' title='image "./operaomniaaccura10auguuoft_0049.png"; bbox 0 0 1926 3339; ppageno 0'>
   <div class='ocr_carea' id='block_1_1' title="bbox 66 264 1461 2579">
    <p class='ocr_par' dir='ltr' id='par_1_1' title="bbox 73 264 1455 465">
     <span class='ocr_line' id='line_1_1' title="bbox 419 264 1455 299; baseline -0.001 -1"><span class='ocrx_word' id='word_1_1' title='bbox 419 273 656 298; x_wconf 74' lang='lat' dir='ltr'>ENARRATIO</span> <span class='ocrx_word' id='word_1_2' title='bbox 691 273 731 297; x_wconf 69' lang='lat' dir='ltr'>m</span> <span class='ocrx_word' id='word_1_3' title='bbox 767 273 967 298; x_wconf 55' lang='lat' dir='ltr'>matum</span> <span class='ocrx_word' id='word_1_4' title='bbox 1002 272 1157 297; x_wconf 58' lang='lat' dir='ltr'>mxvii.</span> <span class='ocrx_word' id='word_1_5' title='bbox 1401 264 1455 299; x_wconf 71' lang='lat'>:³29</span> 
     </span>
     <span class='ocr_line' id='line_1_2' title="bbox 74 334 1455 396; baseline 0 -16"><span class='ocrx_word' id='word_1_6' title='bbox 74 337 118 380; x_wconf 89' lang='lat' dir='ltr'>in</span> <span class='ocrx_word' id='word_1_7' title='bbox 137 352 236 380; x_wconf 85' lang='lat' dir='ltr'>cum</span> <span class='ocrx_word' id='word_1_8' title='bbox 250 371 262 391; x_wconf 78' lang='lat'><strong>,</strong></span> <span class='ocrx_word' id='word_1_9' title='bbox 288 352 428 396; x_wconf 88' lang='lat' dir='ltr'>ncquc</span> <span class='ocrx_word' id='word_1_10' title='bbox 450 336 565 379; x_wconf 79' lang='lat' dir='ltr'>viam</span> <span class='ocrx_word' id='word_1_11' title='bbox 589 351 710 379; x_wconf 81' lang='lat' dir='ltr'>suam</span> <span class='ocrx_word' id='word_1_12' title='bbox 733 334 965 380; x_wconf 72' lang='lat' dir='ltr'>revelando</span> <span class='ocrx_word' id='word_1_13' title='bbox 983 338 1037 379; x_wconf 80' lang='lat' dir='ltr'>ad</span> <span class='ocrx_word' id='word_1_14' title='bbox 1059 351 1159 378; x_wconf 76' lang='lat' dir='ltr'>cuni</span> <span class='ocrx_word' id='word_1_15' title='bbox 1181 344 1222 378; x_wconf 82' lang='lat' dir='ltr'>ct</span> <span class='ocrx_word' id='word_1_16' title='bbox 1242 338 1455 395; x_wconf 79' lang='lat' dir='ltr'>sperando</span> 
     </span>
     <span class='ocr_line' id='line_1_3' title="bbox 73 406 649 465; baseline -0.002 -15"><span class='ocrx_word' id='word_1_17' title='bbox 73 407 120 450; x_wconf 90' lang='lat' dir='ltr'>in</span> <span class='ocrx_word' id='word_1_18' title='bbox 141 422 241 451; x_wconf 87' lang='lat' dir='ltr'>eum</span> <span class='ocrx_word' id='word_1_19' title='bbox 258 442 270 461; x_wconf 91' lang='lat'><strong>‚</strong></span> <span class='ocrx_word' id='word_1_20' title='bbox 289 416 339 450; x_wconf 93' lang='lat' dir='ltr'>ut</span> <span class='ocrx_word' id='word_1_21' title='bbox 360 407 450 465; x_wconf 84' lang='lat' dir='ltr'>ipse</span> <span class='ocrx_word' id='word_1_22' title='bbox 472 406 649 450; x_wconf 84' lang='lat' dir='ltr'>faceret.</span> 
     </span>
    </p>

    <p class='ocr_par' dir='ltr' id='par_1_2' title="bbox 66 475 1461 2579">
     <span class='ocr_line' id='line_1_4' title="bbox 131 475 1456 535; baseline -0.001 -15"><span class='ocrx_word' id='word_1_23' title='bbox 131 478 210 520; x_wconf 89' lang='lat' dir='ltr'>XI.</span> <span class='ocrx_word' id='word_1_24' title='bbox 239 494 260 517; x_wconf 86' lang='lat'>«</span> <span class='ocrx_word' id='word_1_25' title='bbox 291 479 347 520; x_wconf 91' lang='lat' dir='ltr'>Et</span> <span class='ocrx_word' id='word_1_26' title='bbox 375 475 499 519; x_wconf 82' lang='lat' dir='ltr'>obliti</span> <span class='ocrx_word' id='word_1_27' title='bbox 522 485 623 519; x_wconf 89' lang='lat' dir='ltr'>sunt</span> <span class='ocrx_word' id='word_1_28' title='bbox 646 475 958 519; x_wconf 83' lang='lat' dir='ltr'>beneficiorum</span> <span class='ocrx_word' id='word_1_29' title='bbox 982 475 1072 535; x_wconf 86' lang='lat' dir='ltr'>ejus</span> <span class='ocrx_word' id='word_1_30' title='bbox 1089 510 1099 530; x_wconf 85' lang='lat'>‚</span> <span class='ocrx_word' id='word_1_31' title='bbox 1127 483 1169 518; x_wconf 91' lang='lat' dir='ltr'>et</span> <span class='ocrx_word' id='word_1_32' title='bbox 1191 475 1456 519; x_wconf 80' lang='lat' dir='ltr'>mirabilium</span> 
     </span>
     <span class='ocr_line' id='line_1_5' title="bbox 75 544 1458 606; baseline 0.001 -18"><span class='ocrx_word' id='word_1_33' title='bbox 75 565 96 588; x_wconf 83' lang='lat'>&gt;›</span> <span class='ocrx_word' id='word_1_34' title='bbox 130 548 222 606; x_wconf 87' lang='lat' dir='ltr'>ejus</span> <span class='ocrx_word' id='word_1_35' title='bbox 238 562 337 605; x_wconf 84' lang='lat' dir='ltr'>quae</span> <span class='ocrx_word' id='word_1_36' title='bbox 360 545 552 590; x_wconf 81' lang='lat' dir='ltr'>ostendit</span> <span class='ocrx_word' id='word_1_37' title='bbox 572 547 647 600; x_wconf 84' lang='lat' dir='ltr'>eis⁷</span> <span class='ocrx_word' id='word_1_38' title='bbox 672 562 818 590; x_wconf 86' lang='lat' dir='ltr'>coram</span> <span class='ocrx_word' id='word_1_39' title='bbox 840 545 1036 605; x_wconf 85' lang='lat' dir='ltr'>patribus</span> <span class='ocrx_word' id='word_1_40' title='bbox 1059 561 1210 589; x_wconf 90' lang='lat' dir='ltr'>eorum</span> <span class='ocrx_word' id='word_1_41' title='bbox 1233 562 1331 605; x_wconf 78' lang='lat' dir='ltr'>quae</span> <span class='ocrx_word' id='word_1_42' title='bbox 1354 544 1458 590; x_wconf 85' lang='lat' dir='ltr'>fecit</span> 
     </span>
     <span class='ocr_line' id='line_1_6' title="bbox 74 614 1453 676; baseline 0.001 -19"><span class='ocrx_word' id='word_1_43' title='bbox 74 633 95 657; x_wconf 92' lang='lat'>»</span> <span class='ocrx_word' id='word_1_44' title='bbox 129 615 388 659; x_wconf 80' lang='lat' dir='ltr'>mirabilia1.</span> <span class='ocrx_word' id='word_1_45' title='bbox 404 614 553 669; x_wconf 90' lang='lat' dir='ltr'>»Quid</span> <span class='ocrx_word' id='word_1_46' title='bbox 569 616 622 659; x_wconf 88' lang='lat' dir='ltr'>sit</span> <span class='ocrx_word' id='word_1_47' title='bbox 642 616 726 660; x_wconf 88' lang='lat' dir='ltr'>hoc</span> <span class='ocrx_word' id='word_1_48' title='bbox 743 651 754 671; x_wconf 81' lang='lat'>,</span> <span class='ocrx_word' id='word_1_49' title='bbox 780 632 869 660; x_wconf 88' lang='lat' dir='ltr'>non</span> <span class='ocrx_word' id='word_1_50' title='bbox 887 625 950 660; x_wconf 88' lang='lat' dir='ltr'>est</span> <span class='ocrx_word' id='word_1_51' title='bbox 971 616 1152 676; x_wconf 82' lang='lat' dir='ltr'>quaestio</span> <span class='ocrx_word' id='word_1_52' title='bbox 1176 614 1453 674; x_wconf 83' lang='lat' dir='ltr'>negligenda.</span> 
     </span>
     <span class='ocr_line' id='line_1_7' title="bbox 71 683 1457 746; baseline 0 -17"><span class='ocrx_word' id='word_1_53' title='bbox 71 689 134 730; x_wconf 85' lang='lat' dir='ltr'>De</span> <span class='ocrx_word' id='word_1_54' title='bbox 156 686 257 745; x_wconf 91' lang='lat' dir='ltr'>ipsis</span> <span class='ocrx_word' id='word_1_55' title='bbox 279 685 475 745; x_wconf 86' lang='lat' dir='ltr'>patribus</span> <span class='ocrx_word' id='word_1_56' title='bbox 499 686 630 745; x_wconf 85' lang='lat' dir='ltr'>paulo</span> <span class='ocrx_word' id='word_1_57' title='bbox 652 695 753 730; x_wconf 89' lang='lat' dir='ltr'>ante</span> <span class='ocrx_word' id='word_1_58' title='bbox 780 686 979 741; x_wconf 87' lang='lat' dir='ltr'>dicebat,</span> <span class='ocrx_word' id='word_1_59' title='bbox 1005 685 1128 746; x_wconf 88' lang='lat' dir='ltr'>quod</span> <span class='ocrx_word' id='word_1_60' title='bbox 1156 683 1306 730; x_wconf 85' lang='lat' dir='ltr'>fuisset</span> <span class='ocrx_word' id='word_1_61' title='bbox 1328 700 1457 744; x_wconf 81' lang='lat' dir='ltr'>gene-</span> 
     </span>
     <span class='ocr_line' id='line_1_8' title="bbox 70 756 1457 816; baseline -0.001 -14"><span class='ocrx_word' id='word_1_62' title='bbox 70 756 180 802; x_wconf 87' lang='lat' dir='ltr'>ratio</span> <span class='ocrx_word' id='word_1_63' title='bbox 202 772 333 815; x_wconf 89' lang='lat' dir='ltr'>prava</span> <span class='ocrx_word' id='word_1_64' title='bbox 361 765 404 800; x_wconf 91' lang='lat' dir='ltr'>et</span> <span class='ocrx_word' id='word_1_65' title='bbox 425 756 678 801; x_wconf 84' lang='lat' dir='ltr'>amaricans.</span> <span class='ocrx_word' id='word_1_66' title='bbox 709 776 729 798; x_wconf 87' lang='lat'>«</span> <span class='ocrx_word' id='word_1_67' title='bbox 748 759 810 802; x_wconf 91' lang='lat' dir='ltr'>Ne</span> <span class='ocrx_word' id='word_1_68' title='bbox 832 757 962 811; x_wconf 86' lang='lat' dir='ltr'>fiant,</span> <span class='ocrx_word' id='word_1_69' title='bbox 987 756 1153 816; x_wconf 84' lang='lat' dir='ltr'>inquit,</span> <span class='ocrx_word' id='word_1_70' title='bbox 1183 757 1292 800; x_wconf 89' lang='lat' dir='ltr'>sicut</span> <span class='ocrx_word' id='word_1_71' title='bbox 1313 766 1457 816; x_wconf 83' lang='lat' dir='ltr'>patres</span> 
     </span>
     <span class='ocr_line' id='line_1_9' title="bbox 72 825 1457 886; baseline 0 -17"><span class='ocrx_word' id='word_1_72' title='bbox 72 843 94 869; x_wconf 86' lang='lat'>»</span> <span class='ocrx_word' id='word_1_73' title='bbox 129 841 281 870; x_wconf 88' lang='lat' dir='ltr'>eorum</span> <span class='ocrx_word' id='word_1_74' title='bbox 309 826 528 884; x_wconf 79' lang='lat' dir='ltr'>generatio</span> <span class='ocrx_word' id='word_1_75' title='bbox 564 842 695 886; x_wconf 86' lang='lat' dir='ltr'>prava</span> <span class='ocrx_word' id='word_1_76' title='bbox 728 836 772 871; x_wconf 89' lang='lat' dir='ltr'>et</span> <span class='ocrx_word' id='word_1_77' title='bbox 804 826 1042 871; x_wconf 87' lang='lat' dir='ltr'>amaricans</span> <span class='ocrx_word' id='word_1_78' title='bbox 1075 845 1084 871; x_wconf 89' lang='lat'><strong>:</strong></span> <span class='ocrx_word' id='word_1_79' title='bbox 1116 825 1335 884; x_wconf 84' lang='lat' dir='ltr'>generatio</span> <span class='ocrx_word' id='word_1_80' title='bbox 1357 842 1457 886; x_wconf 83' lang='lat' dir='ltr'>quae</span> 
     </span>
     <span class='ocr_line' id='line_1_10' title="bbox 72 894 1459 956; baseline 0.001 -18"><span class='ocrx_word' id='word_1_81' title='bbox 72 914 93 939; x_wconf 86' lang='lat'>»</span> <span class='ocrx_word' id='word_1_82' title='bbox 128 911 218 940; x_wconf 90' lang='lat' dir='ltr'>non</span> <span class='ocrx_word' id='word_1_83' title='bbox 241 895 396 940; x_wconf 86' lang='lat' dir='ltr'>direxit</span> <span class='ocrx_word' id='word_1_84' title='bbox 427 911 502 940; x_wconf 90' lang='lat' dir='ltr'>cor</span> <span class='ocrx_word' id='word_1_85' title='bbox 530 911 658 939; x_wconf 93' lang='lat' dir='ltr'>suum</span> <span class='ocrx_word' id='word_1_86' title='bbox 674 930 685 951; x_wconf 87' lang='lat'>‚</span> <span class='ocrx_word' id='word_1_87' title='bbox 713 913 734 937; x_wconf 84' lang='lat'>»</span> <span class='ocrx_word' id='word_1_88' title='bbox 760 904 803 940; x_wconf 91' lang='lat' dir='ltr'>et</span> <span class='ocrx_word' id='word_1_89' title='bbox 824 905 979 940; x_wconf 85' lang='lat' dir='ltr'>caetera</span> <span class='ocrx_word' id='word_1_90' title='bbox 1009 912 1107 956; x_wconf 86' lang='lat' dir='ltr'>quae</span> <span class='ocrx_word' id='word_1_91' title='bbox 1130 894 1275 941; x_wconf 87' lang='lat' dir='ltr'>adhuc</span> <span class='ocrx_word' id='word_1_92' title='bbox 1297 895 1351 940; x_wconf 90' lang='lat' dir='ltr'>de</span> <span class='ocrx_word' id='word_1_93' title='bbox 1367 896 1459 956; x_wconf 89' lang='lat' dir='ltr'>ipsa</span> 
     </span>
     <span class='ocr_line' id='line_1_11' title="bbox 70 965 1458 1026; baseline 0 -15"><span class='ocrx_word' id='word_1_94' title='bbox 70 966 348 1026; x_wconf 82' lang='lat' dir='ltr'>generatione</span> <span class='ocrx_word' id='word_1_95' title='bbox 364 966 594 1022; x_wconf 87' lang='lat' dir='ltr'>dicuntur,</span> <span class='ocrx_word' id='word_1_96' title='bbox 619 968 742 1026; x_wconf 86' lang='lat' dir='ltr'>cujus</span> <span class='ocrx_word' id='word_1_97' title='bbox 763 967 1051 1012; x_wconf 89' lang='lat' dir='ltr'>imitationem</span> <span class='ocrx_word' id='word_1_98' title='bbox 1070 982 1122 1011; x_wconf 90' lang='lat' dir='ltr'>eo</span> <span class='ocrx_word' id='word_1_99' title='bbox 1143 965 1276 1011; x_wconf 91' lang='lat' dir='ltr'>modo</span> <span class='ocrx_word' id='word_1_100' title='bbox 1297 982 1458 1012; x_wconf 83' lang='lat' dir='ltr'>caven-</span> 
     </span>
     <span class='ocr_line' id='line_1_12' title="bbox 68 1035 1461 1098; baseline 0.001 -18"><span class='ocrx_word' id='word_1_101' title='bbox 68 1035 172 1082; x_wconf 85' lang='lat' dir='ltr'>dam</span> <span class='ocrx_word' id='word_1_102' title='bbox 210 1035 406 1096; x_wconf 84' lang='lat' dir='ltr'>praecipit</span> <span class='ocrx_word' id='word_1_103' title='bbox 444 1036 568 1080; x_wconf 84' lang='lat' dir='ltr'>alteri</span> <span class='ocrx_word' id='word_1_104' title='bbox 603 1037 895 1097; x_wconf 87' lang='lat' dir='ltr'>generationi,</span> <span class='ocrx_word' id='word_1_105' title='bbox 933 1056 953 1080; x_wconf 70' lang='grc' dir='ltr'>ι(</span> <span class='ocrx_word' id='word_1_106' title='bbox 988 1039 1046 1081; x_wconf 90' lang='lat' dir='ltr'>Ut</span> <span class='ocrx_word' id='word_1_107' title='bbox 1088 1045 1256 1098; x_wconf 85' lang='lat' dir='ltr'>ponant</span> <span class='ocrx_word' id='word_1_108' title='bbox 1288 1036 1333 1080; x_wconf 92' lang='lat' dir='ltr'>in</span> <span class='ocrx_word' id='word_1_109' title='bbox 1370 1039 1461 1081; x_wconf 88' lang='lat' dir='ltr'>Deo</span> 
     </span>
     <span class='ocr_line' id='line_1_13' title="bbox 71 1106 1460 1166; baseline 0.001 -18"><span class='ocrx_word' id='word_1_110' title='bbox 71 1124 93 1148; x_wconf 89' lang='lat'>»</span> <span class='ocrx_word' id='word_1_111' title='bbox 128 1121 248 1166; x_wconf 90' lang='lat' dir='ltr'>spem</span> <span class='ocrx_word' id='word_1_112' title='bbox 270 1122 391 1150; x_wconf 88' lang='lat' dir='ltr'>suam</span> <span class='ocrx_word' id='word_1_113' title='bbox 412 1141 422 1161; x_wconf 85' lang='lat'>,</span> <span class='ocrx_word' id='word_1_114' title='bbox 449 1115 492 1150; x_wconf 90' lang='lat' dir='ltr'>et</span> <span class='ocrx_word' id='word_1_115' title='bbox 517 1121 609 1151; x_wconf 91' lang='lat' dir='ltr'>non</span> <span class='ocrx_word' id='word_1_116' title='bbox 630 1106 941 1151; x_wconf 81' lang='lat' dir='ltr'>obliviscantur</span> <span class='ocrx_word' id='word_1_117' title='bbox 963 1122 1145 1166; x_wconf 89' lang='lat' dir='ltr'>operum</span> <span class='ocrx_word' id='word_1_118' title='bbox 1168 1106 1260 1162; x_wconf 89' lang='lat' dir='ltr'>Dei,</span> <span class='ocrx_word' id='word_1_119' title='bbox 1282 1116 1324 1151; x_wconf 89' lang='lat' dir='ltr'>et</span> <span class='ocrx_word' id='word_1_120' title='bbox 1340 1121 1460 1151; x_wconf 89' lang='lat' dir='ltr'>man-</span> 
     </span>
     <span class='ocr_line' id='line_1_14' title="bbox 71 1175 1458 1238; baseline 0.002 -21"><span class='ocrx_word' id='word_1_121' title='bbox 71 1194 93 1218; x_wconf 86' lang='lat'>»</span> <span class='ocrx_word' id='word_1_122' title='bbox 127 1176 228 1222; x_wconf 87' lang='lat' dir='ltr'>data</span> <span class='ocrx_word' id='word_1_123' title='bbox 251 1177 342 1236; x_wconf 89' lang='lat' dir='ltr'>ejus</span> <span class='ocrx_word' id='word_1_124' title='bbox 364 1176 593 1236; x_wconf 79' lang='lat' dir='ltr'>exquirant</span> <span class='ocrx_word' id='word_1_125' title='bbox 614 1195 623 1221; x_wconf 88' lang='lat'>:</span> <span class='ocrx_word' id='word_1_126' title='bbox 652 1194 672 1217; x_wconf 84' lang='lat'>»</span> <span class='ocrx_word' id='word_1_127' title='bbox 699 1175 754 1220; x_wconf 91' lang='lat' dir='ltr'>de</span> <span class='ocrx_word' id='word_1_128' title='bbox 779 1177 938 1237; x_wconf 83' lang='lat' dir='ltr'>quibus</span> <span class='ocrx_word' id='word_1_129' title='bbox 956 1178 1048 1238; x_wconf 87' lang='lat' dir='ltr'>jam</span> <span class='ocrx_word' id='word_1_130' title='bbox 1065 1177 1165 1221; x_wconf 81' lang='lat' dir='ltr'>satis</span> <span class='ocrx_word' id='word_1_131' title='bbox 1183 1175 1304 1237; x_wconf 91' lang='lat' dir='ltr'>quod</span> <span class='ocrx_word' id='word_1_132' title='bbox 1318 1177 1458 1221; x_wconf 89' lang='lat' dir='ltr'>visum</span> 
     </span>
     <span class='ocr_line' id='line_1_15' title="bbox 69 1246 1459 1308; baseline 0 -17"><span class='ocrx_word' id='word_1_133' title='bbox 69 1255 132 1291; x_wconf 89' lang='lat' dir='ltr'>est</span> <span class='ocrx_word' id='word_1_134' title='bbox 161 1246 455 1292; x_wconf 87' lang='lat' dir='ltr'>disseruimus.</span> <span class='ocrx_word' id='word_1_135' title='bbox 481 1246 598 1300; x_wconf 88' lang='lat' dir='ltr'>Quid</span> <span class='ocrx_word' id='word_1_136' title='bbox 619 1247 702 1291; x_wconf 89' lang='lat' dir='ltr'>sibi</span> <span class='ocrx_word' id='word_1_137' title='bbox 724 1262 825 1306; x_wconf 80' lang='lat' dir='ltr'>ergo</span> <span class='ocrx_word' id='word_1_138' title='bbox 841 1248 967 1303; x_wconf 83' lang='lat' dir='ltr'>vult,</span> <span class='ocrx_word' id='word_1_139' title='bbox 1002 1263 1104 1292; x_wconf 90' lang='lat' dir='ltr'>cum</span> <span class='ocrx_word' id='word_1_140' title='bbox 1127 1248 1182 1292; x_wconf 91' lang='lat' dir='ltr'>de</span> <span class='ocrx_word' id='word_1_141' title='bbox 1202 1248 1293 1308; x_wconf 84' lang='lat' dir='ltr'>ipsa</span> <span class='ocrx_word' id='word_1_142' title='bbox 1324 1262 1459 1306; x_wconf 81' lang='lat' dir='ltr'>gene-</span> 
     </span>
     <span class='ocr_line' id='line_1_16' title="bbox 69 1317 1458 1378; baseline -0.001 -16"><span class='ocrx_word' id='word_1_143' title='bbox 69 1318 236 1363; x_wconf 85' lang='lat' dir='ltr'>ratione</span> <span class='ocrx_word' id='word_1_144' title='bbox 257 1333 390 1377; x_wconf 90' lang='lat' dir='ltr'>prava</span> <span class='ocrx_word' id='word_1_145' title='bbox 412 1317 645 1378; x_wconf 84' lang='lat' dir='ltr'>loquatur,</span> <span class='ocrx_word' id='word_1_146' title='bbox 670 1317 919 1378; x_wconf 87' lang='lat' dir='ltr'>quomodo,</span> <span class='ocrx_word' id='word_1_147' title='bbox 957 1338 977 1361; x_wconf 87' lang='lat'>«</span> <span class='ocrx_word' id='word_1_148' title='bbox 1002 1318 1140 1362; x_wconf 91' lang='lat' dir='ltr'>Obliti</span> <span class='ocrx_word' id='word_1_149' title='bbox 1162 1327 1265 1363; x_wconf 87' lang='lat' dir='ltr'>sunt</span> <span class='ocrx_word' id='word_1_150' title='bbox 1289 1317 1458 1361; x_wconf 82' lang='lat' dir='ltr'>benefi-</span> 
     </span>
     <span class='ocr_line' id='line_1_17' title="bbox 70 1387 1460 1450; baseline 0.001 -20"><span class='ocrx_word' id='word_1_151' title='bbox 70 1406 92 1430; x_wconf 87' lang='lat'>»</span> <span class='ocrx_word' id='word_1_152' title='bbox 127 1389 293 1432; x_wconf 87' lang='lat' dir='ltr'>ciorum</span> <span class='ocrx_word' id='word_1_153' title='bbox 305 1387 399 1442; x_wconf 79' lang='lat' dir='ltr'>Dei,</span> <span class='ocrx_word' id='word_1_154' title='bbox 419 1396 463 1431; x_wconf 91' lang='lat' dir='ltr'>et</span> <span class='ocrx_word' id='word_1_155' title='bbox 484 1387 750 1432; x_wconf 87' lang='lat' dir='ltr'>mirabilium</span> <span class='ocrx_word' id='word_1_156' title='bbox 770 1389 861 1449; x_wconf 83' lang='lat' dir='ltr'>ejus</span> <span class='ocrx_word' id='word_1_157' title='bbox 877 1404 977 1450; x_wconf 80' lang='lat' dir='ltr'>quae</span> <span class='ocrx_word' id='word_1_158' title='bbox 999 1388 1190 1433; x_wconf 87' lang='lat' dir='ltr'>ostendit</span> <span class='ocrx_word' id='word_1_159' title='bbox 1210 1388 1285 1443; x_wconf 81' lang='lat' dir='ltr'>eis,</span> <span class='ocrx_word' id='word_1_160' title='bbox 1300 1405 1321 1429; x_wconf 68' lang='lat'>³)</span> <span class='ocrx_word' id='word_1_161' title='bbox 1338 1387 1460 1448; x_wconf 87' lang='lat' dir='ltr'>quod</span> 
     </span>
     <span class='ocr_line' id='line_1_18' title="bbox 68 1456 1458 1519; baseline 0 -16"><span class='ocrx_word' id='word_1_162' title='bbox 68 1457 238 1503; x_wconf 88' lang='lat' dir='ltr'>addidit</span> <span class='ocrx_word' id='word_1_163' title='bbox 263 1467 307 1502; x_wconf 86' lang='lat' dir='ltr'>et</span> <span class='ocrx_word' id='word_1_164' title='bbox 334 1457 441 1503; x_wconf 90' lang='lat' dir='ltr'>dicit</span> <span class='ocrx_word' id='word_1_165' title='bbox 462 1476 471 1503; x_wconf 73' lang='grc' dir='ltr'>ε</span> <span class='ocrx_word' id='word_1_166' title='bbox 501 1477 522 1500; x_wconf 88' lang='lat'>«</span> <span class='ocrx_word' id='word_1_167' title='bbox 545 1459 703 1502; x_wconf 90' lang='lat' dir='ltr'>Coram</span> <span class='ocrx_word' id='word_1_168' title='bbox 725 1457 923 1517; x_wconf 89' lang='lat' dir='ltr'>patribus</span> <span class='ocrx_word' id='word_1_169' title='bbox 944 1473 1097 1506; x_wconf 89' lang='lat' dir='ltr'>eorum</span> <span class='ocrx_word' id='word_1_170' title='bbox 1119 1473 1218 1519; x_wconf 87' lang='lat' dir='ltr'>quae</span> <span class='ocrx_word' id='word_1_171' title='bbox 1240 1456 1345 1501; x_wconf 87' lang='lat' dir='ltr'>fecit</span> <span class='ocrx_word' id='word_1_172' title='bbox 1372 1457 1458 1504; x_wconf 89' lang='lat' dir='ltr'>mi-</span> 
     </span>
     <span class='ocr_line' id='line_1_19' title="bbox 70 1527 1455 1587; baseline 0 -16"><span class='ocrx_word' id='word_1_173' title='bbox 70 1547 91 1571; x_wconf 85' lang='lat'>»</span> <span class='ocrx_word' id='word_1_174' title='bbox 126 1527 297 1574; x_wconf 87' lang='lat' dir='ltr'>rabilia.</span> <span class='ocrx_word' id='word_1_175' title='bbox 327 1546 347 1569; x_wconf 89' lang='lat'>»</span> <span class='ocrx_word' id='word_1_176' title='bbox 381 1528 550 1581; x_wconf 88' lang='lat' dir='ltr'>Quibus</span> <span class='ocrx_word' id='word_1_177' title='bbox 583 1527 806 1587; x_wconf 88' lang='lat' dir='ltr'>patribus,</span> <span class='ocrx_word' id='word_1_178' title='bbox 837 1543 939 1572; x_wconf 88' lang='lat' dir='ltr'>cum</span> <span class='ocrx_word' id='word_1_179' title='bbox 967 1528 1038 1572; x_wconf 88' lang='lat' dir='ltr'>isti</span> <span class='ocrx_word' id='word_1_180' title='bbox 1069 1527 1150 1587; x_wconf 89' lang='lat' dir='ltr'>ipsi</span> <span class='ocrx_word' id='word_1_181' title='bbox 1170 1527 1257 1571; x_wconf 90' lang='lat' dir='ltr'>sint</span> <span class='ocrx_word' id='word_1_182' title='bbox 1282 1536 1455 1587; x_wconf 87' lang='lat' dir='ltr'>patres,</span> 
     </span>
     <span class='ocr_line' id='line_1_20' title="bbox 66 1596 1458 1660; baseline 0.002 -18"><span class='ocrx_word' id='word_1_183' title='bbox 66 1613 256 1659; x_wconf 88' lang='lat' dir='ltr'>quorum</span> <span class='ocrx_word' id='word_1_184' title='bbox 284 1613 374 1643; x_wconf 90' lang='lat' dir='ltr'>non</span> <span class='ocrx_word' id='word_1_185' title='bbox 395 1597 492 1643; x_wconf 88' lang='lat' dir='ltr'>vult</span> <span class='ocrx_word' id='word_1_186' title='bbox 513 1613 604 1644; x_wconf 88' lang='lat' dir='ltr'>esse</span> <span class='ocrx_word' id='word_1_187' title='bbox 627 1607 819 1660; x_wconf 86' lang='lat' dir='ltr'>posteros</span> <span class='ocrx_word' id='word_1_188' title='bbox 840 1598 1031 1645; x_wconf 76' lang='lat' dir='ltr'>similes?</span> <span class='ocrx_word' id='word_1_189' title='bbox 1055 1598 1099 1644; x_wconf 91' lang='lat' dir='ltr'>Si</span> <span class='ocrx_word' id='word_1_190' title='bbox 1119 1596 1216 1642; x_wconf 89' lang='lat' dir='ltr'>illos</span> <span class='ocrx_word' id='word_1_191' title='bbox 1237 1598 1458 1658; x_wconf 85' lang='lat' dir='ltr'>acceperi-</span> 
     </span>
     <span class='ocr_line' id='line_1_21' title="bbox 67 1669 1459 1730; baseline 0.001 -17"><span class='ocrx_word' id='word_1_192' title='bbox 67 1685 163 1713; x_wconf 90' lang='lat' dir='ltr'>mus</span> <span class='ocrx_word' id='word_1_193' title='bbox 193 1685 245 1716; x_wconf 77' lang='lat' dir='ltr'>ex</span> <span class='ocrx_word' id='word_1_194' title='bbox 282 1669 443 1730; x_wconf 88' lang='lat' dir='ltr'>quibus</span> <span class='ocrx_word' id='word_1_195' title='bbox 464 1669 534 1713; x_wconf 91' lang='lat' dir='ltr'>isti</span> <span class='ocrx_word' id='word_1_196' title='bbox 563 1670 655 1715; x_wconf 88' lang='lat' dir='ltr'>nati</span> <span class='ocrx_word' id='word_1_197' title='bbox 680 1681 830 1726; x_wconf 87' lang='lat' dir='ltr'>erant,</span> <span class='ocrx_word' id='word_1_198' title='bbox 855 1669 977 1714; x_wconf 89' lang='lat' dir='ltr'>velut</span> <span class='ocrx_word' id='word_1_199' title='bbox 997 1669 1243 1725; x_wconf 85' lang='lat' dir='ltr'>Abraham,</span> <span class='ocrx_word' id='word_1_200' title='bbox 1269 1672 1389 1714; x_wconf 89' lang='lat' dir='ltr'>Isaac</span> <span class='ocrx_word' id='word_1_201' title='bbox 1414 1679 1459 1715; x_wconf 88' lang='lat' dir='ltr'>et</span> 
     </span>
     <span class='ocr_line' id='line_1_22' title="bbox 67 1739 1458 1802; baseline 0.001 -18"><span class='ocrx_word' id='word_1_202' title='bbox 67 1739 205 1785; x_wconf 87' lang='lat' dir='ltr'>Jacob</span> <span class='ocrx_word' id='word_1_203' title='bbox 225 1775 235 1796; x_wconf 86' lang='lat'>‚</span> <span class='ocrx_word' id='word_1_204' title='bbox 252 1741 343 1800; x_wconf 86' lang='lat' dir='ltr'>jam</span> <span class='ocrx_word' id='word_1_205' title='bbox 362 1739 467 1784; x_wconf 90' lang='lat' dir='ltr'>olim</span> <span class='ocrx_word' id='word_1_206' title='bbox 490 1739 757 1785; x_wconf 83' lang='lat' dir='ltr'>dormierant</span> <span class='ocrx_word' id='word_1_207' title='bbox 770 1776 780 1796; x_wconf 86' lang='lat'>‚</span> <span class='ocrx_word' id='word_1_208' title='bbox 818 1740 996 1802; x_wconf 88' lang='lat' dir='ltr'>quando</span> <span class='ocrx_word' id='word_1_209' title='bbox 1017 1740 1232 1784; x_wconf 87' lang='lat' dir='ltr'>mirabilia</span> <span class='ocrx_word' id='word_1_210' title='bbox 1253 1743 1368 1785; x_wconf 90' lang='lat' dir='ltr'>Deus</span> <span class='ocrx_word' id='word_1_211' title='bbox 1386 1756 1458 1786; x_wconf 89' lang='lat' dir='ltr'>os-</span> 
     </span>
     <span class='ocr_line' id='line_1_23' title="bbox 67 1811 1459 1872; baseline 0 -16"><span class='ocrx_word' id='word_1_212' title='bbox 67 1811 210 1856; x_wconf 84' lang='lat' dir='ltr'>tendit</span> <span class='ocrx_word' id='word_1_213' title='bbox 230 1812 276 1855; x_wconf 90' lang='lat' dir='ltr'>in</span> <span class='ocrx_word' id='word_1_214' title='bbox 292 1815 501 1871; x_wconf 82' lang='lat' dir='ltr'>AEgypto.</span> <span class='ocrx_word' id='word_1_215' title='bbox 531 1813 736 1872; x_wconf 88' lang='lat' dir='ltr'>Sequitur</span> <span class='ocrx_word' id='word_1_216' title='bbox 757 1813 874 1856; x_wconf 86' lang='lat' dir='ltr'>enim</span> <span class='ocrx_word' id='word_1_217' title='bbox 898 1832 907 1857; x_wconf 96' lang='lat'>:</span> <span class='ocrx_word' id='word_1_218' title='bbox 938 1831 958 1855; x_wconf 71' lang='grc' dir='ltr'>ι(</span> <span class='ocrx_word' id='word_1_219' title='bbox 978 1815 1030 1856; x_wconf 93' lang='lat' dir='ltr'>In</span> <span class='ocrx_word' id='word_1_220' title='bbox 1047 1821 1161 1856; x_wconf 89' lang='lat' dir='ltr'>terra</span> <span class='ocrx_word' id='word_1_221' title='bbox 1181 1812 1386 1871; x_wconf 73' lang='lat' dir='ltr'>AEgypfi,</span> <span class='ocrx_word' id='word_1_222' title='bbox 1413 1812 1459 1857; x_wconf 88' lang='lat' dir='ltr'>in</span> 
     </span>
     <span class='ocr_line' id='line_1_24' title="bbox 71 1881 1459 1941; baseline 0 -16"><span class='ocrx_word' id='word_1_223' title='bbox 71 1899 91 1924; x_wconf 72' lang='lat'>³&gt;</span> <span class='ocrx_word' id='word_1_224' title='bbox 125 1897 281 1941; x_wconf 91' lang='lat' dir='ltr'>campo</span> <span class='ocrx_word' id='word_1_225' title='bbox 313 1883 510 1926; x_wconf 88' lang='lat' dir='ltr'>Thaneos</span> <span class='ocrx_word' id='word_1_226' title='bbox 541 1902 550 1928; x_wconf 73' lang='grc' dir='ltr'>ε</span> <span class='ocrx_word' id='word_1_227' title='bbox 589 1899 610 1924; x_wconf 88' lang='lat'>»</span> <span class='ocrx_word' id='word_1_228' title='bbox 644 1883 721 1927; x_wconf 91' lang='lat' dir='ltr'>ubi</span> <span class='ocrx_word' id='word_1_229' title='bbox 757 1882 916 1927; x_wconf 87' lang='lat' dir='ltr'>dicitur</span> <span class='ocrx_word' id='word_1_230' title='bbox 947 1881 1185 1927; x_wconf 88' lang='lat' dir='ltr'>ostendisse</span> <span class='ocrx_word' id='word_1_231' title='bbox 1207 1885 1347 1926; x_wconf 87' lang='lat' dir='ltr'>Deum</span> <span class='ocrx_word' id='word_1_232' title='bbox 1365 1882 1459 1928; x_wconf 86' lang='lat' dir='ltr'>istis</span> 
     </span>
     <span class='ocr_line' id='line_1_25' title="bbox 67 1951 1459 2012; baseline -0.001 -16"><span class='ocrx_word' id='word_1_233' title='bbox 67 1952 282 1997; x_wconf 81' lang='lat' dir='ltr'>mirabilia</span> <span class='ocrx_word' id='word_1_234' title='bbox 315 1968 462 1997; x_wconf 89' lang='lat' dir='ltr'>coram</span> <span class='ocrx_word' id='word_1_235' title='bbox 499 1953 697 2012; x_wconf 86' lang='lat' dir='ltr'>patribus</span> <span class='ocrx_word' id='word_1_236' title='bbox 722 1968 889 1997; x_wconf 89' lang='lat' dir='ltr'>eorum.</span> <span class='ocrx_word' id='word_1_237' title='bbox 920 1955 990 1997; x_wconf 89' lang='lat' dir='ltr'>An</span> <span class='ocrx_word' id='word_1_238' title='bbox 1014 1951 1130 1997; x_wconf 88' lang='lat' dir='ltr'>forte</span> <span class='ocrx_word' id='word_1_239' title='bbox 1157 1952 1311 2012; x_wconf 86' lang='lat' dir='ltr'>spiritu</span> <span class='ocrx_word' id='word_1_240' title='bbox 1344 1968 1459 2012; x_wconf 81' lang='lat' dir='ltr'>prae-</span> 
     </span>
     <span class='ocr_line' id='line_1_26' title="bbox 66 2021 1456 2084; baseline -0.001 -15"><span class='ocrx_word' id='word_1_241' title='bbox 66 2033 208 2069; x_wconf 90' lang='lat' dir='ltr'>sentes</span> <span class='ocrx_word' id='word_1_242' title='bbox 239 2026 397 2068; x_wconf 79' lang='lat' dir='ltr'>erant?</span> <span class='ocrx_word' id='word_1_243' title='bbox 428 2024 531 2084; x_wconf 89' lang='lat' dir='ltr'>quia</span> <span class='ocrx_word' id='word_1_244' title='bbox 564 2024 620 2068; x_wconf 88' lang='lat' dir='ltr'>de</span> <span class='ocrx_word' id='word_1_245' title='bbox 652 2024 753 2083; x_wconf 86' lang='lat' dir='ltr'>ipsis</span> <span class='ocrx_word' id='word_1_246' title='bbox 784 2024 995 2068; x_wconf 91' lang='lat' dir='ltr'>Dominus</span> <span class='ocrx_word' id='word_1_247' title='bbox 1024 2023 1068 2067; x_wconf 92' lang='lat' dir='ltr'>in</span> <span class='ocrx_word' id='word_1_248' title='bbox 1100 2021 1339 2082; x_wconf 84' lang='lat' dir='ltr'>Evangelio</span> <span class='ocrx_word' id='word_1_249' title='bbox 1362 2023 1421 2068; x_wconf 89' lang='lat' dir='ltr'>ait</span> <span class='ocrx_word' id='word_1_250' title='bbox 1446 2042 1456 2068; x_wconf 73' lang='grc' dir='ltr'>ε</span> 
     </span>
     <span class='ocr_line' id='line_1_27' title="bbox 72 2093 1460 2153; baseline 0 -16"><span class='ocrx_word' id='word_1_251' title='bbox 72 2114 92 2137; x_wconf 87' lang='lat'>«</span> <span class='ocrx_word' id='word_1_252' title='bbox 126 2096 288 2140; x_wconf 88' lang='lat' dir='ltr'>Omnes</span> <span class='ocrx_word' id='word_1_253' title='bbox 305 2095 424 2138; x_wconf 89' lang='lat' dir='ltr'>enim</span> <span class='ocrx_word' id='word_1_254' title='bbox 437 2094 701 2139; x_wconf 76' lang='lat' dir='ltr'>illivivunt2.</span> <span class='ocrx_word' id='word_1_255' title='bbox 722 2113 742 2137; x_wconf 88' lang='lat'>»</span> <span class='ocrx_word' id='word_1_256' title='bbox 758 2098 827 2140; x_wconf 89' lang='lat' dir='ltr'>An</span> <span class='ocrx_word' id='word_1_257' title='bbox 839 2093 1209 2139; x_wconf 86' lang='lat' dir='ltr'>accommodatius</span> <span class='ocrx_word' id='word_1_258' title='bbox 1227 2093 1460 2153; x_wconf 85' lang='lat' dir='ltr'>accipimus</span> 
     </span>
     <span class='ocr_line' id='line_1_28' title="bbox 66 2164 1459 2226; baseline 0.001 -16"><span class='ocrx_word' id='word_1_259' title='bbox 66 2175 210 2226; x_wconf 89' lang='lat' dir='ltr'>patres</span> <span class='ocrx_word' id='word_1_260' title='bbox 236 2168 420 2224; x_wconf 86' lang='lat' dir='ltr'>Moysen</span> <span class='ocrx_word' id='word_1_261' title='bbox 451 2174 496 2210; x_wconf 87' lang='lat' dir='ltr'>et</span> <span class='ocrx_word' id='word_1_262' title='bbox 527 2168 698 2220; x_wconf 85' lang='lat' dir='ltr'>Aaron,</span> <span class='ocrx_word' id='word_1_263' title='bbox 733 2166 928 2225; x_wconf 86' lang='lat' dir='ltr'>aliosque</span> <span class='ocrx_word' id='word_1_264' title='bbox 956 2164 1146 2209; x_wconf 88' lang='lat' dir='ltr'>seniores</span> <span class='ocrx_word' id='word_1_265' title='bbox 1167 2164 1243 2225; x_wconf 89' lang='lat' dir='ltr'>qui</span> <span class='ocrx_word' id='word_1_266' title='bbox 1268 2179 1459 2211; x_wconf 80' lang='lat' dir='ltr'>comme-</span> 
     </span>
     <span class='ocr_line' id='line_1_29' title="bbox 67 2234 1457 2296; baseline 0 -15"><span class='ocrx_word' id='word_1_267' title='bbox 67 2244 295 2281; x_wconf 88' lang='lat' dir='ltr'>morantur</span> <span class='ocrx_word' id='word_1_268' title='bbox 324 2236 370 2279; x_wconf 91' lang='lat' dir='ltr'>in</span> <span class='ocrx_word' id='word_1_269' title='bbox 397 2235 551 2280; x_wconf 88' lang='lat' dir='ltr'>eadem</span> <span class='ocrx_word' id='word_1_270' title='bbox 587 2236 810 2296; x_wconf 86' lang='lat' dir='ltr'>Scriptura</span> <span class='ocrx_word' id='word_1_271' title='bbox 838 2235 969 2280; x_wconf 85' lang='lat' dir='ltr'>etiam</span> <span class='ocrx_word' id='word_1_272' title='bbox 991 2235 1191 2295; x_wconf 87' lang='lat' dir='ltr'>spiritum</span> <span class='ocrx_word' id='word_1_273' title='bbox 1220 2234 1457 2296; x_wconf 79' lang='lat' dir='ltr'>accepisse,</span> 
     </span>
     <span class='ocr_line' id='line_1_30' title="bbox 67 2305 1459 2367; baseline -0.001 -14"><span class='ocrx_word' id='word_1_274' title='bbox 67 2306 186 2353; x_wconf 92' lang='lat' dir='ltr'>unde</span> <span class='ocrx_word' id='word_1_275' title='bbox 220 2316 444 2367; x_wconf 88' lang='lat' dir='ltr'>acceperat</span> <span class='ocrx_word' id='word_1_276' title='bbox 475 2316 520 2351; x_wconf 92' lang='lat' dir='ltr'>et</span> <span class='ocrx_word' id='word_1_277' title='bbox 546 2310 719 2365; x_wconf 89' lang='lat' dir='ltr'>Moyses</span> <span class='ocrx_word' id='word_1_278' title='bbox 736 2342 748 2363; x_wconf 89' lang='lat'>‚</span> <span class='ocrx_word' id='word_1_279' title='bbox 773 2316 823 2352; x_wconf 92' lang='lat' dir='ltr'>ut</span> <span class='ocrx_word' id='word_1_280' title='bbox 849 2323 951 2352; x_wconf 88' lang='lat' dir='ltr'>eum</span> <span class='ocrx_word' id='word_1_281' title='bbox 974 2305 1232 2367; x_wconf 84' lang='lat' dir='ltr'>adjuvarent</span> <span class='ocrx_word' id='word_1_282' title='bbox 1256 2305 1311 2352; x_wconf 88' lang='lat' dir='ltr'>ad</span> <span class='ocrx_word' id='word_1_283' title='bbox 1333 2320 1459 2352; x_wconf 86' lang='lat' dir='ltr'>eum-</span> 
     </span>
     <span class='ocr_line' id='line_1_31' title="bbox 67 2376 1460 2437; baseline -0.002 -14"><span class='ocrx_word' id='word_1_284' title='bbox 67 2377 169 2423; x_wconf 91' lang='lat' dir='ltr'>dem</span> <span class='ocrx_word' id='word_1_285' title='bbox 196 2377 411 2437; x_wconf 91' lang='lat' dir='ltr'>populum</span> <span class='ocrx_word' id='word_1_286' title='bbox 434 2377 674 2436; x_wconf 83' lang='lat' dir='ltr'>regendum</span> <span class='ocrx_word' id='word_1_287' title='bbox 707 2394 756 2423; x_wconf 89' lang='lat' dir='ltr'>ac</span> <span class='ocrx_word' id='word_1_288' title='bbox 781 2376 1074 2422; x_wconf 76' lang='lat' dir='ltr'>ferendum3‘?</span> <span class='ocrx_word' id='word_1_289' title='bbox 1103 2379 1194 2422; x_wconf 92' lang='lat' dir='ltr'>Cur</span> <span class='ocrx_word' id='word_1_290' title='bbox 1225 2377 1341 2421; x_wconf 88' lang='lat' dir='ltr'>enim</span> <span class='ocrx_word' id='word_1_291' title='bbox 1370 2392 1460 2420; x_wconf 93' lang='lat' dir='ltr'>non</span> 
     </span>
     <span class='ocr_line' id='line_1_32' title="bbox 68 2447 1461 2508; baseline -0.001 -16"><span class='ocrx_word' id='word_1_292' title='bbox 68 2448 390 2508; x_wconf 85' lang='lat' dir='ltr'>appellarentur</span> <span class='ocrx_word' id='word_1_293' title='bbox 423 2450 596 2508; x_wconf 79' lang='lat' dir='ltr'>patres?</span> <span class='ocrx_word' id='word_1_294' title='bbox 617 2451 715 2494; x_wconf 92' lang='lat' dir='ltr'>Non</span> <span class='ocrx_word' id='word_1_295' title='bbox 737 2449 849 2492; x_wconf 91' lang='lat' dir='ltr'>sicut</span> <span class='ocrx_word' id='word_1_296' title='bbox 876 2451 991 2493; x_wconf 90' lang='lat' dir='ltr'>Deus</span> <span class='ocrx_word' id='word_1_297' title='bbox 1013 2451 1140 2492; x_wconf 88' lang='lat' dir='ltr'>Pater</span> <span class='ocrx_word' id='word_1_298' title='bbox 1162 2463 1275 2491; x_wconf 87' lang='lat' dir='ltr'>unus</span> <span class='ocrx_word' id='word_1_299' title='bbox 1300 2456 1363 2491; x_wconf 90' lang='lat' dir='ltr'>est</span> <span class='ocrx_word' id='word_1_300' title='bbox 1385 2447 1461 2506; x_wconf 87' lang='lat' dir='ltr'>qui</span> 
     </span>
     <span class='ocr_line' id='line_1_33' title="bbox 68 2517 1457 2579; baseline -0.001 -17"><span class='ocrx_word' id='word_1_301' title='bbox 68 2528 293 2576; x_wconf 83' lang='lat' dir='ltr'>regenerat</span> <span class='ocrx_word' id='word_1_302' title='bbox 320 2519 482 2578; x_wconf 89' lang='lat' dir='ltr'>Spiritu</span> <span class='ocrx_word' id='word_1_303' title='bbox 500 2535 601 2571; x_wconf 89' lang='lat' dir='ltr'>suo,</span> <span class='ocrx_word' id='word_1_304' title='bbox 625 2535 735 2579; x_wconf 87' lang='lat' dir='ltr'>quos</span> <span class='ocrx_word' id='word_1_305' title='bbox 752 2518 858 2564; x_wconf 84' lang='lat' dir='ltr'>facit</span> <span class='ocrx_word' id='word_1_306' title='bbox 881 2518 991 2563; x_wconf 88' lang='lat' dir='ltr'>filios</span> <span class='ocrx_word' id='word_1_307' title='bbox 1015 2517 1070 2562; x_wconf 87' lang='lat' dir='ltr'>ad</span> <span class='ocrx_word' id='word_1_308' title='bbox 1090 2526 1298 2562; x_wconf 83' lang='lat' dir='ltr'>aeternam</span> <span class='ocrx_word' id='word_1_309' title='bbox 1316 2518 1457 2561; x_wconf 79' lang='lat' dir='ltr'>haere-</span> 
     </span>
    </p>
   </div>
   <div class='ocr_carea' id='block_1_2' title="bbox 118 2600 1191 2644">
    <p class='ocr_par' dir='ltr' id='par_1_3' title="bbox 118 2600 1191 2644">
     <span class='ocr_line' id='line_1_34' title="bbox 118 2600 1191 2644; baseline -0.001 -11"><span class='ocrx_word' id='word_1_310' title='bbox 118 2609 125 2624; x_wconf 92' lang='lat'><em>¹</em></span> <span class='ocrx_word' id='word_1_311' title='bbox 148 2602 227 2634; x_wconf 78' lang='lat' dir='ltr'>Psal.</span> <span class='ocrx_word' id='word_1_312' title='bbox 248 2613 365 2642; x_wconf 64' lang='lat' dir='ltr'>mxvn,</span> <span class='ocrx_word' id='word_1_313' title='bbox 389 2614 440 2643; x_wconf 88' lang='lat'>11,</span> <span class='ocrx_word' id='word_1_314' title='bbox 464 2614 513 2635; x_wconf 83' lang='lat'>12.</span> <span class='ocrx_word' id='word_1_315' title='bbox 538 2620 578 2626; x_wconf 91' lang='lat'>—-—</span> <span class='ocrx_word' id='word_1_316' title='bbox 595 2610 607 2624; x_wconf 79' lang='lat'><strong>²</strong></span> <span class='ocrx_word' id='word_1_317' title='bbox 628 2605 704 2634; x_wconf 90' lang='lat' dir='ltr'>Luc.</span> <span class='ocrx_word' id='word_1_318' title='bbox 722 2613 774 2642; x_wconf 66' lang='lat' dir='ltr'>XX,</span> <span class='ocrx_word' id='word_1_319' title='bbox 793 2602 910 2644; x_wconf 63' lang='lat'><strong>38.;-</strong></span> <span class='ocrx_word' id='word_1_320' title='bbox 932 2601 944 2625; x_wconf 84' lang='lat'><em>³</em></span> <span class='ocrx_word' id='word_1_321' title='bbox 963 2603 1055 2634; x_wconf 82' lang='lat' dir='ltr'>Num.</span> <span class='ocrx_word' id='word_1_322' title='bbox 1073 2600 1191 2644; x_wconf 55' lang='grc' dir='ltr'>Χιξζιδ.</span> 
     </span>
    </p>
   </div>
  </div>
 </body>
</html>
