1926 3339
453 287 537 326 222
879 298 913 324 s.
948 294 1174 326 AUGUSTim
1204 295 1388 323 EPIscom

453 362 625 407 omnia:
645 362 691 406 in
708 375 836 406 cruce
854 361 970 405 enim
993 360 1158 420 positus
1177 358 1343 419 accepit.
1361 356 1533 402 acetum
1543 355 1766 410 ultimum,
1788 364 1834 403 et

450 431 531 487 ait,
560 451 581 474 «
601 431 847 476 Perfectum
859 440 937 475 est.
958 433 1015 475 Et
1031 429 1238 474 inclinato
1253 428 1394 488 capite
1410 426 1549 471 emisit
1559 425 1830 485 spiritum¹.»

449 502 563 556 Quid
584 511 669 557 est,
699 521 719 543 «
751 500 999 546 Perfectum
1028 510 1091 544 est
1103 502 1120 541 ἱ)
1152 504 1249 544 Jam
1273 499 1329 544 de
1358 513 1557 543 mensura
1583 497 1833 556 passionum

447 572 557 616 nihil
578 572 685 616 mihi
699 571 841 629 deest3
867 571 1012 615 omnia
1033 586 1133 630 quae
1155 569 1209 614 de
1233 584 1301 613 me
1323 568 1534 628 praedicta
1555 576 1679 622 sunt,
1713 581 1834 611 com·-

446 642 562 701 pleta
593 650 696 685 sunt
723 660 732 685 2
764 650 973 699 tanquam
998 639 1096 684 ideo
1130 648 1375 698 expectaret
1405 647 1456 682 ut
1490 637 1832 696 complerentur.

451 714 557 765 Quis
578 720 641 755 est
673 712 750 770 qui
781 711 841 754 sic
872 710 1190 770 proficiscatur,
1224 707 1446 769 quomodo
1482 706 1556 750 ille
1577 706 1632 750 de
1655 720 1834 765 corpore

449 797 641 840 egressus
664 783 753 825 est?
777 780 861 825 Sed
882 780 978 840 quis
1002 788 1066 824 est
1093 779 1171 841 qui
1199 780 1283 824 hoc
1303 778 1472 838 potuit?
1500 778 1584 830 Qui
1605 777 1746 836 primo
1767 776 1837 821 ‹li-

448 862 586 907 xerat,
616 871 637 894 «
666 855 929 896 Potestatem
957 850 1100 894 habeo
1131 849 1324 909 ponendi
1356 848 1545 893 animam
1588 862 1731 895 meam
1749 881 1761 902 ‚
1791 855 1836 891 et

453 940 473 964 »
509 930 766 981 potestatem
779 920 1088 965 habeoiterum
1111 918 1309 964 sumendi
1329 934 1424 963 eam
1443 937 1451 963 :
1468 932 1597 962 nemo
1609 915 1725 961 tollit
1740 931 1836 961 eam

453 1012 473 1034 »
510 1009 534 1037 a
553 1008 645 1051 me3
671 991 746 1036 sed
766 1006 847 1050 ego
868 1006 985 1051 pono
1007 1006 1103 1034 eam
1123 1007 1146 1034 a
1164 1006 1258 1046 me,
1273 999 1318 1034 et
1335 989 1492 1033 iterum
1512 1003 1637 1033 sumo
1655 989 1790 1031 eam2.
1811 1004 1832 1029 »

452 1063 601 1107 Posuit
617 1061 795 1123 quando
807 1061 963 1116 voluit,
979 1060 1163 1120 sumpsit
1176 1060 1354 1121 quando
1366 1059 1506 1105 voluit
1525 1073 1677 1105 :nemo
1692 1057 1839 1102 abstu-

449 1135 514 1189 lit,
527 1149 655 1178 nemo
671 1133 861 1178 extorsit.
873 1136 990 1191 Ergo
1005 1131 1195 1191 impletae
1211 1141 1335 1176 erant
1345 1146 1494 1176 omnes
1509 1129 1744 1190 passiones,
1761 1128 1838 1174 sed

450 1205 496 1249 in
517 1205 654 1262 capite
680 1224 689 1249 :
718 1203 939 1248 restabant
960 1203 1104 1247 adhuc
1135 1203 1295 1247 Christi
1317 1203 1535 1262 passiones
1567 1201 1613 1245 in
1635 1214 1832 1259 corpore.

455 1295 475 1319 «
510 1279 597 1320 Vos
620 1284 766 1319 autem
788 1274 888 1318 estis
924 1289 1080 1333 corpus
1108 1273 1265 1318 Christi
1294 1282 1338 1317 et
1372 1273 1613 1316 membra³.
1641 1290 1662 1313 »
1696 1274 1749 1316 In
1771 1269 1838 1315 his

451 1361 552 1404 ergo
568 1345 771 1389 membris
784 1360 886 1389 cum
903 1353 1014 1388 esset
1029 1343 1278 1403 Apostolus,
1297 1342 1406 1388 dixit
1428 1363 1437 1388 ε
1457 1363 1477 1385 (ι
1503 1345 1560 1387 Ut
1577 1340 1840 1401 adimpleam

456 1435 476 1458 »
511 1432 610 1476 quae
632 1415 792 1459 desunt
813 1429 1111 1474 pressurarum
1127 1414 1287 1459 Christi
1306 1413 1350 1458 in
1368 1429 1497 1458 carne
1514 1414 1650 1457 mea4.
1677 1430 1698 1454 »
1723 1415 1840 1471 Ergo

451 1488 557 1532 illuc
577 1487 689 1531 imus
707 1502 795 1546 quo
812 1486 1008 1531 Christus
1031 1486 1270 1545 praecessit,
1293 1494 1336 1529 et
1357 1486 1502 1529 adhuc
1522 1485 1717 1530 Christus
1734 1483 1840 1529 illuc
1897 1487 1901 1490 ’

451 1558 593 1618 pergit
613 1573 702 1618 quo
723 1556 955 1616 praecessit.
993 1556 1215 1600 Praecessit
1232 1556 1347 1600 enim
1375 1556 1572 1601 Christus
1594 1556 1640 1599 in
1670 1554 1833 1614 capite,

452 1629 648 1690 sequitur
673 1629 721 1672 in
742 1642 939 1687 corpore.
970 1630 1028 1672 Et
1055 1626 1198 1672 adhuc
1229 1627 1426 1672 Christus
1454 1627 1524 1671 hic
1559 1625 1730 1670 laborat
1756 1644 1765 1670 :
1796 1633 1840 1670 et

451 1702 648 1746 Christus
670 1699 742 1743 hic
772 1699 1019 1757 patiebatur
1042 1714 1064 1742 a
1091 1698 1241 1754 Saulo,
1261 1697 1439 1757 quando
1462 1695 1629 1741 audivit
1660 1695 1836 1750 Saulus,

455 1790 474 1812 «
512 1769 660 1824 Saule,
684 1768 833 1824 Saule,
868 1767 976 1828 quid
998 1783 1066 1811 me
1092 1767 1400 1827 persequerisf‘.
1433 1786 1450 1808 »
1476 1766 1709 1820 Quomodo
1731 1766 1842 1812 solet

449 1841 598 1898 lingua
625 1839 768 1884 dicere
789 1838 955 1883 calcato
985 1840 1120 1898 pede,
1161 1838 1311 1883 Calcas
1331 1853 1416 1882 me.
1453 1838 1669 1897 Linguam
1689 1837 1839 1882 nullus

450 1911 592 1969 tetigit
615 1926 625 1952 ε
646 1910 941 1970 compassione
957 1909 1139 1964 clamat,
1157 1924 1246 1953 non
1263 1909 1499 1953 attritione.
1516 1908 1672 1953 Adhuc
1693 1908 1844 1953 Chris-

450 1991 520 2026 tus
560 1981 632 2025 hic
661 1989 786 2038 eget,
823 1980 1018 2025 Christus
1056 1980 1125 2023 hic
1160 1979 1461 2038 peregrinatur
1481 2014 1493 2034 ,
1537 1979 1733 2024 Christus
1766 1979 1839 2024 hic

451 2061 653 2112 aegrotat,
679 2052 874 2097 Christus
900 2051 972 2095 hic
1000 2051 1047 2094 in
1082 2065 1251 2094 carcere
1286 2050 1541 2095 includitur.
1567 2050 1779 2110 Injuriam
1801 2050 1841 2094 ei

451 2122 655 2176 facimus,
696 2123 729 2166 si
760 2137 850 2165 non
870 2119 962 2180 ipse
993 2121 1098 2164 dixit
1128 2140 1137 2165 ε
1175 2139 1195 2163 «
1226 2121 1421 2175 Esurivi,
1448 2130 1491 2166 et
1526 2120 1704 2166 dedistis
1731 2120 1841 2164 mihi

450 2213 471 2237 »
496 2194 762 2239 manducare
779 2212 788 2236 ι
805 2192 940 2247 sitivi,
965 2201 1008 2235 et
1029 2191 1206 2250 potastis
1227 2207 1297 2236 me
1317 2211 1326 2236 :
1347 2193 1518 2252 hospes,
1540 2201 1584 2236 et
1605 2190 1836 2251 collegistis

452 2284 471 2306 »
505 2279 576 2308 me
602 2283 612 2309 ι
633 2263 800 2317 nudus,
825 2271 869 2306 et
889 2261 1072 2306 vestistis
1092 2276 1160 2305 me
1183 2281 1192 2308 ;
1216 2277 1353 2320 aeger,
1379 2271 1423 2305 et
1443 2262 1644 2306 visitastis
1665 2277 1750 2305 me.
1778 2263 1837 2306 Et

450 2354 470 2378 »
505 2334 592 2387 illi,
618 2333 806 2387 Quando
834 2341 877 2376 te
907 2330 1096 2376 vidimus
1128 2332 1223 2376 haec
1251 2332 1509 2391 patientem,
1541 2341 1586 2377 et
1619 2332 1839 2376 ministra-

451 2424 472 2447 »
499 2405 640 2450 vimus
662 2404 766 2448 tibi?
787 2406 844 2447 Et
864 2402 958 2457 ille,
986 2404 1099 2447 Cum
1121 2403 1197 2446 uni
1225 2418 1275 2446 ex
1306 2403 1493 2446 minimis
1517 2403 1622 2448 meis
1649 2400 1830 2458 fecistis,

453 2495 475 2519 »
509 2476 617 2521 mihi
644 2476 802 2520 fecistis
820 2477 853 2519 ⁶.
883 2493 903 2516 »
942 2477 1058 2533 Ergo
1088 2474 1355 2518 aedificemur
1383 2476 1429 2519 in
1456 2473 1677 2520 Christum
1709 2489 1839 2533 super

501 2580 511 2596 ¹
532 2575 626 2604 Joan.
651 2582 704 2604 xix
721 2596 729 2612 ,
755 2572 808 2603 30.
826 2587 867 2593 —
885 2577 898 2592 2
917 2570 964 2602 Id.
980 2580 1018 2608 x,
1040 2581 1092 2612 17,
1117 2569 1169 2601 18.
1193 2586 1234 2592 —-
1257 2567 1270 2591 3
1296 2581 1308 2602 1
1330 2571 1402 2603 Cor.
1431 2581 1472 2602 xn
1489 2595 1498 2611 ‚
1529 2580 1582 2612 27.
1611 2587 1653 2593 —-
1673 2569 1691 2601 4
1715 2569 1834 2603 Coloss.

454 2640 481 2671 1,
499 2627 554 2670 24.
571 2645 614 2651 -
629 2625 646 2651 5
665 2629 740 2660 Act.
758 2637 805 2669 nr,
824 2625 856 2668 4.
876 2643 918 2649 -
936 2623 951 2647 6
968 2625 1080 2658 Matth.
1098 2635 1170 2667 xxv,
1191 2624 1306 2667 35-40.
