1926 3339
407 323 648 353 ENAnnAno
681 325 725 352 m
758 324 960 352 PsALMUM
993 326 1169 353 mxxxiii.
1404 316 1486 354 149

161 394 282 436 VIII.
320 390 404 436 Sed
430 391 501 435 hic
537 391 680 435 nudus
703 400 792 446 est,
823 400 866 435 et
897 391 969 435 hic
997 391 1308 450 peregrinatio,
1344 401 1387 435 et
1413 394 1485 437 hic

103 462 335 522 suspirium
350 497 360 517 ,
386 471 429 506 et
445 462 516 506 hic
537 462 689 505 tritura
705 497 715 516 ,
741 461 870 505 ethic
887 476 1103 520 pressura,
1125 461 1225 522 quia
1241 462 1313 506 hic
1334 471 1486 506 torcu-

101 531 167 578 lar
193 553 201 578 :
229 533 336 593 quid
363 542 426 577 est
450 542 595 576 autem
623 531 744 592 quod
777 531 1022 577 desiderat?
1048 532 1155 593 quid
1191 534 1483 592 concupiscit3

102 619 191 664 quo
212 604 272 648 it?
292 620 380 665 quo
406 603 547 648 tendit
580 602 839 647 desiderium
862 606 1093 648 nostrum?
1122 620 1209 664 quo
1240 620 1318 648 nos
1346 604 1488 664 rapit?

102 674 183 718 Hic
199 674 362 734 positus
375 673 448 718 illa
471 673 720 728 meditatur,
746 675 909 733 positus
931 674 1044 719 inter
1066 675 1346 729 tentationes,
1373 674 1490 734 posi-

101 753 171 788 tus
192 745 305 789 inter
330 760 572 804 pressuras,
606 745 770 804 positus
793 745 837 788 in
861 745 1171 798 torcularibus,
1203 746 1420 805 suspirans
1443 746 1490 789 in

102 830 288 874 superna
300 815 534 874 promissa3
557 815 679 875 quasi
694 814 800 875 quid
820 815 881 859 ibi
904 825 1101 870 acturus,
1118 817 1207 873 jam
1221 816 1490 875 praemedita-

102 895 175 931 tur
204 885 362 945 gaudia
393 889 553 930 futura.
584 886 766 939 «Beati,
787 886 949 945 inquit⁷
974 886 1051 946 qui
1071 887 1271 929 habitant
1291 887 1335 929 in
1358 887 1490 932 domo

104 975 125 998 »
160 959 276 1001 tua1.
299 975 318 997 »
342 957 466 1001 Unde
484 956 626 1000 beati?
648 956 766 1009 Quid
782 956 976 1000 habituri
994 956 1133 1017 Pquid
1153 957 1491 1001 acturiPOmnes

102 1028 178 1088 qui
198 1027 316 1071 beati
338 1026 545 1071 dicuntur
562 1027 607 1070 in
629 1036 765 1078 terra,
790 1027 956 1071 habent
977 1026 1164 1087 aliquid,
1190 1037 1233 1072 et
1255 1037 1391 1086 agunt
1414 1027 1493 1088 ali-

101 1097 223 1158 quid.
255 1100 411 1140 Beatus
443 1107 507 1141 est
535 1097 668 1141 homo
702 1096 799 1152 ille,
827 1107 892 1142 tot
924 1097 1119 1157 praediis,
1149 1106 1268 1142 tanta
1296 1097 1488 1153 familia,

102 1177 224 1226 tanto
243 1183 349 1213 auro
371 1177 414 1211 et
431 1177 610 1227 argento
627 1167 853 1214 :habendo
868 1168 1021 1213 beatus
1042 1168 1215 1213 dicitur.
1236 1171 1393 1212 Beatus
1408 1178 1487 1224 est,

103 1237 158 1282 ad
179 1237 274 1282 illos
296 1238 483 1281 honores
506 1239 730 1297 pervenit,
758 1238 814 1282 ad
834 1238 1190 1298 proconsulatum
1209 1273 1219 1293 ,
1245 1238 1299 1281 ad
1314 1236 1491 1297 praefec-

103 1318 245 1353 turam
278 1328 286 1352 :
317 1308 483 1366 agendo
521 1309 671 1353 beatus
706 1308 881 1353 dicitur.
921 1312 1038 1367 Ergo
1071 1318 1146 1352 aut
1166 1307 1395 1363 habendo,
1416 1317 1491 1351 aut

103 1378 286 1437 agendo.
307 1378 432 1423 Unde
450 1388 593 1423 autem
615 1379 676 1422 ibi
687 1378 802 1424 beati
816 1381 833 1421 ἶ)
847 1379 961 1433 Quid
975 1378 1308 1438 habiturquuid
1323 1379 1492 1422 acturi?

102 1448 219 1503 Quid
245 1449 457 1504 habituri,
488 1451 576 1509 jam
606 1465 734 1508 supra
757 1449 843 1493 dixi
870 1469 878 1494 :
909 1470 929 1492 «
956 1450 1076 1494 Beati
1103 1450 1180 1509 qui
1212 1449 1412 1493 habitant
1446 1449 1494 1492 in

104 1539 126 1562 n
161 1520 292 1564 domo
314 1529 403 1564 tua.
423 1523 647 1564 »Domum
670 1530 788 1564 tuam
815 1521 849 1564 si
870 1521 1089 1575 habueris,
1121 1536 1286 1580 pauper
1315 1537 1381 1576 es,
1408 1519 1491 1564 do-

102 1606 225 1635 mum
258 1590 336 1635 Dei
365 1591 398 1635 si
430 1590 634 1634 habueris
651 1626 661 1646 ,
693 1590 811 1635 dives
832 1606 890 1634 es.
929 1594 980 1635 In
1002 1590 1133 1635 domo
1152 1600 1225 1635 tua
1242 1591 1413 1635 timebis
1430 1591 1495 1634 la-

102 1670 269 1716 trones,
305 1660 456 1706 domui
478 1660 556 1705 Dei
588 1677 738 1705 murus
759 1661 850 1721 ipse
871 1664 986 1705 Deus
1020 1671 1098 1706 est.
1121 1682 1140 1704 «
1160 1661 1280 1706 Beati
1299 1677 1400 1720 ergo
1417 1663 1495 1722 qui

105 1751 126 1774 »
159 1732 360 1777 habitant
381 1733 427 1776 in
444 1732 575 1777 domo
598 1741 687 1776 tua.
716 1751 736 1774 »
762 1732 987 1777 Possident
1009 1732 1249 1777 Jerusalem
1271 1731 1495 1777 coelestem

104 1804 194 1848 sine
221 1804 415 1861 angustia
431 1839 442 1858 ,
467 1804 558 1847 sine
579 1818 777 1863 pressura
793 1839 804 1858 ,
835 1804 926 1846 sine
951 1803 1196 1848 diversitate
1219 1812 1263 1847 et
1285 1802 1490 1848 divisione

102 1874 294 1918 limitum
320 1892 329 1917 ε
355 1889 505 1918 omnes
531 1874 696 1917 habent
723 1889 842 1928 eam,
877 1882 920 1917 et
955 1873 1113 1932 singuli
1145 1874 1310 1918 habent
1338 1883 1493 1921 totam.

103 1948 276 2004 Magnae
308 1944 394 1988 illae
427 1944 603 1988 divitiae.
640 1947 737 1989 Non
763 1952 975 2002 ‘angustat
997 1943 1131 1988 frater
1148 1943 1348 1998 fratrem,
1374 1945 1496 1990 nulla

103 2015 165 2058 ibi
186 2014 428 2074 indigentia
445 2024 523 2058 est.
549 2013 663 2067 Quid
685 2029 786 2072 ergo
808 2014 870 2057 ibi
893 2014 1280 2058 acturiPOmnium
1296 2016 1411 2059 enim
1425 2032 1499 2060 ac-

104 2086 276 2130 tionum
297 2086 591 2129 humanarum
614 2093 752 2128 mater
770 2085 1012 2129 necessitas.
1035 2088 1132 2129 Jam
1146 2121 1161 2140 ,
1186 2084 1340 2130 fratres
1355 2121 1366 2141 ,
1392 2087 1496 2130 bre-

104 2158 214 2202 viter
229 2156 316 2200 dixi
336 2157 534 2201 :Currite
549 2157 693 2200 animo
705 2172 784 2216 per
800 2155 1018 2216 quaslibet
1032 2157 1221 2201 actiones
1239 2193 1249 2212 ,
1269 2157 1415 2201 videte
1432 2193 1442 2213 ,
1462 2159 1497 2202 si

106 2244 176 2272 eas
206 2229 345 2288 parit,
379 2228 460 2272 nisi
493 2228 737 2272 necessitas.
777 2231 887 2287 Ipsae
920 2228 1225 2272 memorabiles
1259 2238 1370 2273 artes
1397 2245 1497 2289 quae

106 2315 275 2358 magnae
298 2299 504 2344 videntur
524 2300 569 2344 in
592 2299 1163 2359 subveniendo,patrocinia
1181 2299 1343 2359 linguae
1357 2310 1400 2345 et
1418 2301 1497 2345 ad-

101 2370 262 2430 jutoria
277 2369 528 2426 medicinae3
544 2371 647 2429 ipsae
661 2379 762 2414 sunt
773 2369 887 2413 enim
902 2371 947 2413 in
968 2371 1052 2414 hoc
1068 2370 1228 2414 saeculo
1241 2369 1498 2415 excellentes

108 2441 297 2485 actiones
324 2460 332 2485 :
359 2441 464 2484 tolle
490 2440 724 2498 litigatores
743 2477 753 2495 ,
780 2441 938 2501 quibus
969 2441 1208 2500 opitulatur
1236 2440 1500 2485 advocatus?

109 2511 214 2555 tolle
238 2511 418 2555 vulnera
442 2523 484 2555 et
509 2512 680 2556 morbos
699 2547 708 2565 ‚
741 2511 848 2571 quid
882 2521 1004 2556 curat
1033 2511 1252 2556 medic-us?
1273 2516 1326 2555 Et
1350 2528 1499 2556 omnes

108 2582 200 2626 istae
220 2582 409 2626 actiones
434 2591 592 2626 nostr-‘e
616 2582 670 2626 ad
688 2581 983 2641 quotidianam
1007 2583 1137 2626 vitam
1155 2599 1253 2642 quae
1268 2583 1502 2641 exiguntur

159 2673 166 2688 ¹
192 2666 260 2697 Psal
296 2677 423 2706 ruzin,
446 2667 472 2695 Γ),
