<?xml version="1.0" encoding="UTF-8"?>
<!DOCTYPE html PUBLIC "-//W3C//DTD XHTML 1.0 Transitional//EN"
    "http://www.w3.org/TR/xhtml1/DTD/xhtml1-transitional.dtd">
<html xmlns="http://www.w3.org/1999/xhtml" xml:lang="en" lang="en">
 <head>
  <title>
</title>
<meta http-equiv="Content-Type" content="text/html;charset=utf-8" />
  <meta name='ocr-system' content='tesseract 3.04.00' />
  <meta name='ocr-capabilities' content='ocr_page ocr_carea ocr_par ocr_line ocrx_word'/>
</head>
<body>
  <div class='ocr_page' id='page_1' title='image "./operaomniaaccura10auguuoft_0606.png"; bbox 0 0 1926 3339; ppageno 0'>
   <div class='ocr_carea' id='block_1_1' title="bbox 467 245 1436 286">
    <p class='ocr_par' dir='ltr' id='par_1_1' title="bbox 467 245 1436 286">
     <span class='ocr_line' id='line_1_1' title="bbox 467 245 1436 286; baseline -0.005 0"><span class='ocrx_word' id='word_1_1' title='bbox 467 245 552 286; x_wconf 81' lang='lat'>494</span> <span class='ocrx_word' id='word_1_2' title='bbox 928 252 961 282; x_wconf 93' lang='lat' dir='ltr'>s.</span> <span class='ocrx_word' id='word_1_3' title='bbox 996 252 1225 282; x_wconf 70' lang='lat' dir='ltr'>Auens-mu</span> <span class='ocrx_word' id='word_1_4' title='bbox 1255 254 1436 283; x_wconf 74' lang='lat' dir='ltr'>Emscon</span> 
     </span>
    </p>
   </div>
   <div class='ocr_carea' id='block_1_2' title="bbox 439 318 1848 2648">
    <p class='ocr_par' dir='ltr' id='par_1_2' title="bbox 451 318 1848 1426">
     <span class='ocr_line' id='line_1_2' title="bbox 465 318 1847 381; baseline -0.001 -14"><span class='ocrx_word' id='word_1_5' title='bbox 465 320 720 367; x_wconf 90' lang='lat' dir='ltr'>memoravit</span> <span class='ocrx_word' id='word_1_6' title='bbox 740 319 865 375; x_wconf 83' lang='lat' dir='ltr'>istOS,</span> <span class='ocrx_word' id='word_1_7' title='bbox 889 319 991 378; x_wconf 88' lang='lat' dir='ltr'>quia</span> <span class='ocrx_word' id='word_1_8' title='bbox 1006 319 1052 363; x_wconf 91' lang='lat' dir='ltr'>in</span> <span class='ocrx_word' id='word_1_9' title='bbox 1077 319 1279 364; x_wconf 89' lang='lat' dir='ltr'>columna</span> <span class='ocrx_word' id='word_1_10' title='bbox 1297 319 1426 364; x_wconf 88' lang='lat' dir='ltr'>nubis</span> <span class='ocrx_word' id='word_1_11' title='bbox 1444 318 1499 363; x_wconf 88' lang='lat' dir='ltr'>ad</span> <span class='ocrx_word' id='word_1_12' title='bbox 1520 318 1615 364; x_wconf 89' lang='lat' dir='ltr'>illos</span> <span class='ocrx_word' id='word_1_13' title='bbox 1635 319 1847 381; x_wconf 86' lang='lat' dir='ltr'>loqueba-</span> 
     </span>
     <span class='ocr_line' id='line_1_3' title="bbox 464 389 1846 451; baseline -0.001 -14"><span class='ocrx_word' id='word_1_14' title='bbox 464 402 537 437; x_wconf 85' lang='lat' dir='ltr'>tur</span> <span class='ocrx_word' id='word_1_15' title='bbox 566 395 694 437; x_wconf 88' lang='lat' dir='ltr'>Deus.</span> <span class='ocrx_word' id='word_1_16' title='bbox 722 389 841 444; x_wconf 85' lang='lat' dir='ltr'><strong>Quid</strong></span> <span class='ocrx_word' id='word_1_17' title='bbox 866 399 950 445; x_wconf 88' lang='lat' dir='ltr'>est,</span> <span class='ocrx_word' id='word_1_18' title='bbox 981 409 1002 433; x_wconf 89' lang='lat'>«</span> <span class='ocrx_word' id='word_1_19' title='bbox 1025 393 1078 434; x_wconf 94' lang='lat' dir='ltr'>In</span> <span class='ocrx_word' id='word_1_20' title='bbox 1103 389 1305 435; x_wconf 90' lang='lat' dir='ltr'>columna</span> <span class='ocrx_word' id='word_1_21' title='bbox 1329 389 1487 434; x_wconf 73' lang='lat' dir='ltr'>nubis?</span> <span class='ocrx_word' id='word_1_22' title='bbox 1514 407 1533 431; x_wconf 90' lang='lat'>»</span> <span class='ocrx_word' id='word_1_23' title='bbox 1566 392 1846 451; x_wconf 86' lang='lat' dir='ltr'>Loquebatur</span> 
     </span>
     <span class='ocr_line' id='line_1_4' title="bbox 463 459 1845 523; baseline -0.001 -16"><span class='ocrx_word' id='word_1_24' title='bbox 463 479 549 523; x_wconf 55' lang='lat' dir='ltr'>per«</span> <span class='ocrx_word' id='word_1_25' title='bbox 560 464 731 522; x_wconf 85' lang='lat' dir='ltr'>figuras.</span> <span class='ocrx_word' id='word_1_26' title='bbox 752 461 794 506; x_wconf 91' lang='lat' dir='ltr'>Si</span> <span class='ocrx_word' id='word_1_27' title='bbox 812 460 927 504; x_wconf 91' lang='lat' dir='ltr'>enim</span> <span class='ocrx_word' id='word_1_28' title='bbox 941 459 987 503; x_wconf 85' lang='lat' dir='ltr'>in</span> <span class='ocrx_word' id='word_1_29' title='bbox 1003 459 1193 520; x_wconf 88' lang='lat' dir='ltr'>quadam</span> <span class='ocrx_word' id='word_1_30' title='bbox 1213 460 1432 505; x_wconf 89' lang='lat' dir='ltr'>nubecula</span> <span class='ocrx_word' id='word_1_31' title='bbox 1452 460 1737 521; x_wconf 86' lang='lat' dir='ltr'>loquebatur,</span> <span class='ocrx_word' id='word_1_32' title='bbox 1761 462 1845 506; x_wconf 92' lang='lat' dir='ltr'>ob-</span> 
     </span>
     <span class='ocr_line' id='line_1_5' title="bbox 462 531 1842 592; baseline -0.001 -14"><span class='ocrx_word' id='word_1_33' title='bbox 462 549 587 578; x_wconf 88' lang='lat' dir='ltr'>scura</span> <span class='ocrx_word' id='word_1_34' title='bbox 613 532 688 576; x_wconf 87' lang='lat' dir='ltr'>illa</span> <span class='ocrx_word' id='word_1_35' title='bbox 715 531 830 576; x_wconf 88' lang='lat' dir='ltr'>dicta</span> <span class='ocrx_word' id='word_1_36' title='bbox 858 531 1002 575; x_wconf 90' lang='lat' dir='ltr'>nescio</span> <span class='ocrx_word' id='word_1_37' title='bbox 1035 546 1166 590; x_wconf 90' lang='lat' dir='ltr'>quem</span> <span class='ocrx_word' id='word_1_38' title='bbox 1199 531 1478 576; x_wconf 85' lang='lat' dir='ltr'>manifestum</span> <span class='ocrx_word' id='word_1_39' title='bbox 1503 532 1842 592; x_wconf 83' lang='lat' dir='ltr'>praesignabant.</span> 
     </span>
     <span class='ocr_line' id='line_1_6' title="bbox 463 602 1848 664; baseline 0 -16"><span class='ocrx_word' id='word_1_40' title='bbox 463 604 543 648; x_wconf 92' lang='lat' dir='ltr'>Ille</span> <span class='ocrx_word' id='word_1_41' title='bbox 565 614 711 648; x_wconf 92' lang='lat' dir='ltr'>autem</span> <span class='ocrx_word' id='word_1_42' title='bbox 734 602 878 646; x_wconf 87' lang='lat' dir='ltr'>nescio</span> <span class='ocrx_word' id='word_1_43' title='bbox 901 602 1019 662; x_wconf 91' lang='lat' dir='ltr'>quis,</span> <span class='ocrx_word' id='word_1_44' title='bbox 1039 603 1129 662; x_wconf 87' lang='lat' dir='ltr'>jam</span> <span class='ocrx_word' id='word_1_45' title='bbox 1148 617 1238 646; x_wconf 90' lang='lat' dir='ltr'>non</span> <span class='ocrx_word' id='word_1_46' title='bbox 1259 611 1323 646; x_wconf 89' lang='lat' dir='ltr'>est</span> <span class='ocrx_word' id='word_1_47' title='bbox 1339 603 1483 647; x_wconf 89' lang='lat' dir='ltr'>nescio</span> <span class='ocrx_word' id='word_1_48' title='bbox 1500 604 1624 663; x_wconf 68' lang='lat' dir='ltr'>quis,</span> <span class='ocrx_word' id='word_1_49' title='bbox 1647 604 1748 664; x_wconf 90' lang='lat' dir='ltr'>quia</span> <span class='ocrx_word' id='word_1_50' title='bbox 1763 604 1848 648; x_wconf 90' lang='lat' dir='ltr'>sci-</span> 
     </span>
     <span class='ocr_line' id='line_1_7' title="bbox 463 673 1846 731; baseline 0 -13"><span class='ocrx_word' id='word_1_51' title='bbox 463 684 533 718; x_wconf 90' lang='lat' dir='ltr'>tur</span> <span class='ocrx_word' id='word_1_52' title='bbox 555 691 577 719; x_wconf 91' lang='lat' dir='ltr'>a</span> <span class='ocrx_word' id='word_1_53' title='bbox 605 674 753 728; x_wconf 87' lang='lat' dir='ltr'>nobis,</span> <span class='ocrx_word' id='word_1_54' title='bbox 778 673 983 717; x_wconf 88' lang='lat' dir='ltr'>Dominus</span> <span class='ocrx_word' id='word_1_55' title='bbox 1006 681 1152 717; x_wconf 91' lang='lat' dir='ltr'>noster</span> <span class='ocrx_word' id='word_1_56' title='bbox 1173 675 1295 717; x_wconf 88' lang='lat' dir='ltr'>Jesus</span> <span class='ocrx_word' id='word_1_57' title='bbox 1323 673 1533 718; x_wconf 87' lang='lat' dir='ltr'>Christus.</span> <span class='ocrx_word' id='word_1_58' title='bbox 1564 692 1585 715; x_wconf 85' lang='lat'>«</span> <span class='ocrx_word' id='word_1_59' title='bbox 1610 676 1781 731; x_wconf 87' lang='lat' dir='ltr'>Moyses</span> <span class='ocrx_word' id='word_1_60' title='bbox 1802 682 1846 718; x_wconf 90' lang='lat' dir='ltr'>et</span> 
     </span>
     <span class='ocr_line' id='line_1_8' title="bbox 463 742 1844 803; baseline 0.003 -18"><span class='ocrx_word' id='word_1_61' title='bbox 463 762 484 785; x_wconf 89' lang='lat'>»</span> <span class='ocrx_word' id='word_1_62' title='bbox 518 748 664 789; x_wconf 86' lang='lat' dir='ltr'>Aaron</span> <span class='ocrx_word' id='word_1_63' title='bbox 684 745 730 787; x_wconf 91' lang='lat' dir='ltr'>in</span> <span class='ocrx_word' id='word_1_64' title='bbox 749 742 1045 788; x_wconf 87' lang='lat' dir='ltr'>sacerdotibus</span> <span class='ocrx_word' id='word_1_65' title='bbox 1067 743 1179 802; x_wconf 86' lang='lat' dir='ltr'>ejus,</span> <span class='ocrx_word' id='word_1_66' title='bbox 1210 752 1254 787; x_wconf 90' lang='lat' dir='ltr'>et</span> <span class='ocrx_word' id='word_1_67' title='bbox 1277 742 1450 788; x_wconf 76' lang='lat' dir='ltr'>Samuel</span> <span class='ocrx_word' id='word_1_68' title='bbox 1466 743 1513 788; x_wconf 88' lang='lat' dir='ltr'>in</span> <span class='ocrx_word' id='word_1_69' title='bbox 1533 742 1600 788; x_wconf 88' lang='lat' dir='ltr'>his</span> <span class='ocrx_word' id='word_1_70' title='bbox 1623 743 1699 803; x_wconf 92' lang='lat' dir='ltr'>qui</span> <span class='ocrx_word' id='word_1_71' title='bbox 1717 743 1844 789; x_wconf 87' lang='lat' dir='ltr'>invo-</span> 
     </span>
     <span class='ocr_line' id='line_1_9' title="bbox 461 814 1845 875; baseline 0.001 -19"><span class='ocrx_word' id='word_1_72' title='bbox 461 834 481 857; x_wconf 91' lang='lat'>»</span> <span class='ocrx_word' id='word_1_73' title='bbox 516 825 617 860; x_wconf 88' lang='lat' dir='ltr'>cant</span> <span class='ocrx_word' id='word_1_74' title='bbox 638 830 798 860; x_wconf 90' lang='lat' dir='ltr'>nomen</span> <span class='ocrx_word' id='word_1_75' title='bbox 819 816 924 875; x_wconf 75' lang='lat' dir='ltr'>ejus,</span> <span class='ocrx_word' id='word_1_76' title='bbox 952 815 1223 859; x_wconf 87' lang='lat' dir='ltr'>Invocabant</span> <span class='ocrx_word' id='word_1_77' title='bbox 1250 815 1484 859; x_wconf 81' lang='lat' dir='ltr'>Dominum</span> <span class='ocrx_word' id='word_1_78' title='bbox 1499 850 1510 870; x_wconf 90' lang='lat'>,</span> <span class='ocrx_word' id='word_1_79' title='bbox 1536 823 1579 859; x_wconf 90' lang='lat' dir='ltr'>et</span> <span class='ocrx_word' id='word_1_80' title='bbox 1599 814 1691 874; x_wconf 91' lang='lat' dir='ltr'>ipse</span> <span class='ocrx_word' id='word_1_81' title='bbox 1712 829 1845 859; x_wconf 84' lang='lat' dir='ltr'>exau-</span> 
     </span>
     <span class='ocr_line' id='line_1_10' title="bbox 460 884 1845 946; baseline 0.001 -19"><span class='ocrx_word' id='word_1_82' title='bbox 460 905 480 927; x_wconf 91' lang='lat'>»</span> <span class='ocrx_word' id='word_1_83' title='bbox 517 886 666 931; x_wconf 86' lang='lat' dir='ltr'>diebat</span> <span class='ocrx_word' id='word_1_84' title='bbox 686 902 786 944; x_wconf 65' lang='lat' dir='ltr'>eos,</span> <span class='ocrx_word' id='word_1_85' title='bbox 808 886 855 929; x_wconf 92' lang='lat' dir='ltr'>in</span> <span class='ocrx_word' id='word_1_86' title='bbox 871 884 1075 930; x_wconf 88' lang='lat' dir='ltr'>columna</span> <span class='ocrx_word' id='word_1_87' title='bbox 1097 885 1226 930; x_wconf 90' lang='lat' dir='ltr'>nubis</span> <span class='ocrx_word' id='word_1_88' title='bbox 1244 885 1508 946; x_wconf 80' lang='lat' dir='ltr'>loquebatur</span> <span class='ocrx_word' id='word_1_89' title='bbox 1525 884 1581 929; x_wconf 91' lang='lat' dir='ltr'>ad</span> <span class='ocrx_word' id='word_1_90' title='bbox 1605 900 1691 929; x_wconf 88' lang='lat' dir='ltr'>eos.</span> <span class='ocrx_word' id='word_1_91' title='bbox 1716 903 1736 926; x_wconf 86' lang='lat'>»</span> <span class='ocrx_word' id='word_1_92' title='bbox 1758 885 1845 938; x_wconf 92' lang='lat' dir='ltr'>Qui</span> 
     </span>
     <span class='ocr_line' id='line_1_11' title="bbox 458 954 1845 1016; baseline -0.001 -15"><span class='ocrx_word' id='word_1_93' title='bbox 458 957 599 1016; x_wconf 85' lang='lat' dir='ltr'>primo</span> <span class='ocrx_word' id='word_1_94' title='bbox 616 956 882 1016; x_wconf 78' lang='lat' dir='ltr'>loquebatur</span> <span class='ocrx_word' id='word_1_95' title='bbox 897 956 945 999; x_wconf 90' lang='lat' dir='ltr'>in</span> <span class='ocrx_word' id='word_1_96' title='bbox 961 955 1168 1000; x_wconf 90' lang='lat' dir='ltr'>columna</span> <span class='ocrx_word' id='word_1_97' title='bbox 1186 956 1313 1000; x_wconf 88' lang='lat' dir='ltr'>nubis</span> <span class='ocrx_word' id='word_1_98' title='bbox 1325 955 1440 1016; x_wconf 86' lang='lat' dir='ltr'>,ipse</span> <span class='ocrx_word' id='word_1_99' title='bbox 1454 955 1578 1000; x_wconf 90' lang='lat' dir='ltr'>nobis</span> <span class='ocrx_word' id='word_1_100' title='bbox 1593 954 1766 1000; x_wconf 89' lang='lat' dir='ltr'>locutus</span> <span class='ocrx_word' id='word_1_101' title='bbox 1781 965 1845 1000; x_wconf 89' lang='lat' dir='ltr'>est</span> 
     </span>
     <span class='ocr_line' id='line_1_12' title="bbox 457 1025 1840 1086; baseline -0.001 -16"><span class='ocrx_word' id='word_1_102' title='bbox 457 1027 503 1071; x_wconf 90' lang='lat' dir='ltr'>in</span> <span class='ocrx_word' id='word_1_103' title='bbox 524 1027 712 1072; x_wconf 88' lang='lat' dir='ltr'>scabello</span> <span class='ocrx_word' id='word_1_104' title='bbox 734 1026 896 1086; x_wconf 87' lang='lat' dir='ltr'>pedum</span> <span class='ocrx_word' id='word_1_105' title='bbox 907 1042 1102 1082; x_wconf 84' lang='lat' dir='ltr'>suorum,</span> <span class='ocrx_word' id='word_1_106' title='bbox 1116 1025 1162 1070; x_wconf 91' lang='lat' dir='ltr'>id</span> <span class='ocrx_word' id='word_1_107' title='bbox 1179 1036 1242 1071; x_wconf 87' lang='lat' dir='ltr'>est</span> <span class='ocrx_word' id='word_1_108' title='bbox 1253 1062 1264 1081; x_wconf 88' lang='lat'>,</span> <span class='ocrx_word' id='word_1_109' title='bbox 1284 1027 1329 1070; x_wconf 91' lang='lat' dir='ltr'>in</span> <span class='ocrx_word' id='word_1_110' title='bbox 1338 1036 1450 1070; x_wconf 88' lang='lat' dir='ltr'>terra</span> <span class='ocrx_word' id='word_1_111' title='bbox 1466 1035 1682 1086; x_wconf 88' lang='lat' dir='ltr'>assumpta</span> <span class='ocrx_word' id='word_1_112' title='bbox 1695 1041 1840 1081; x_wconf 84' lang='lat' dir='ltr'>carne,</span> 
     </span>
     <span class='ocr_line' id='line_1_13' title="bbox 454 1096 1844 1158; baseline -0.001 -17"><span class='ocrx_word' id='word_1_113' title='bbox 454 1098 573 1142; x_wconf 89' lang='lat' dir='ltr'>unde</span> <span class='ocrx_word' id='word_1_114' title='bbox 596 1098 825 1142; x_wconf 82' lang='lat' dir='ltr'>adoramus</span> <span class='ocrx_word' id='word_1_115' title='bbox 852 1096 1090 1141; x_wconf 79' lang='lat' dir='ltr'>scabellum</span> <span class='ocrx_word' id='word_1_116' title='bbox 1112 1096 1276 1157; x_wconf 87' lang='lat' dir='ltr'>pedum</span> <span class='ocrx_word' id='word_1_117' title='bbox 1302 1098 1415 1157; x_wconf 83' lang='lat' dir='ltr'>ejus,</span> <span class='ocrx_word' id='word_1_118' title='bbox 1441 1097 1649 1158; x_wconf 88' lang='lat' dir='ltr'>quoniam</span> <span class='ocrx_word' id='word_1_119' title='bbox 1671 1105 1844 1141; x_wconf 89' lang='lat' dir='ltr'>sanctus</span> 
     </span>
     <span class='ocr_line' id='line_1_14' title="bbox 454 1167 1844 1229; baseline 0 -17"><span class='ocrx_word' id='word_1_120' title='bbox 454 1179 531 1214; x_wconf 88' lang='lat' dir='ltr'>cst.</span> <span class='ocrx_word' id='word_1_121' title='bbox 555 1173 651 1229; x_wconf 89' lang='lat' dir='ltr'>Ipse</span> <span class='ocrx_word' id='word_1_122' title='bbox 673 1168 728 1214; x_wconf 92' lang='lat' dir='ltr'>de</span> <span class='ocrx_word' id='word_1_123' title='bbox 745 1169 863 1213; x_wconf 87' lang='lat' dir='ltr'>nube</span> <span class='ocrx_word' id='word_1_124' title='bbox 884 1168 1172 1229; x_wconf 78' lang='lat' dir='ltr'>loquebatur,</span> <span class='ocrx_word' id='word_1_125' title='bbox 1197 1167 1318 1229; x_wconf 87' lang='lat' dir='ltr'>quod</span> <span class='ocrx_word' id='word_1_126' title='bbox 1336 1178 1442 1213; x_wconf 91' lang='lat' dir='ltr'>tunc</span> <span class='ocrx_word' id='word_1_127' title='bbox 1463 1184 1553 1213; x_wconf 91' lang='lat' dir='ltr'>non</span> <span class='ocrx_word' id='word_1_128' title='bbox 1570 1167 1844 1226; x_wconf 87' lang='lat' dir='ltr'>intelligeba-</span> 
     </span>
     <span class='ocr_line' id='line_1_15' title="bbox 452 1238 1843 1299; baseline -0.001 -15"><span class='ocrx_word' id='word_1_129' title='bbox 452 1249 525 1284; x_wconf 88' lang='lat' dir='ltr'>tur</span> <span class='ocrx_word' id='word_1_130' title='bbox 545 1260 553 1285; x_wconf 89' lang='lat'>:</span> <span class='ocrx_word' id='word_1_131' title='bbox 574 1239 746 1285; x_wconf 82' lang='lat' dir='ltr'>locutus</span> <span class='ocrx_word' id='word_1_132' title='bbox 775 1249 838 1284; x_wconf 87' lang='lat' dir='ltr'>est</span> <span class='ocrx_word' id='word_1_133' title='bbox 860 1239 906 1282; x_wconf 89' lang='lat' dir='ltr'>in</span> <span class='ocrx_word' id='word_1_134' title='bbox 931 1238 1117 1284; x_wconf 90' lang='lat' dir='ltr'>scabello</span> <span class='ocrx_word' id='word_1_135' title='bbox 1139 1238 1302 1299; x_wconf 86' lang='lat' dir='ltr'>pedum</span> <span class='ocrx_word' id='word_1_136' title='bbox 1329 1255 1507 1285; x_wconf 86' lang='lat' dir='ltr'>suorum</span> <span class='ocrx_word' id='word_1_137' title='bbox 1522 1274 1533 1295; x_wconf 93' lang='lat'>,</span> <span class='ocrx_word' id='word_1_138' title='bbox 1557 1247 1600 1283; x_wconf 91' lang='lat' dir='ltr'>et</span> <span class='ocrx_word' id='word_1_139' title='bbox 1621 1238 1843 1283; x_wconf 87' lang='lat' dir='ltr'>intellecta</span> 
     </span>
     <span class='ocr_line' id='line_1_16' title="bbox 451 1308 1843 1372; baseline -0.001 -17"><span class='ocrx_word' id='word_1_140' title='bbox 451 1320 553 1355; x_wconf 82' lang='lat' dir='ltr'>sunt</span> <span class='ocrx_word' id='word_1_141' title='bbox 573 1312 704 1356; x_wconf 82' lang='lat' dir='ltr'>verba</span> <span class='ocrx_word' id='word_1_142' title='bbox 725 1311 856 1356; x_wconf 89' lang='lat' dir='ltr'>nubis</span> <span class='ocrx_word' id='word_1_143' title='bbox 877 1312 983 1372; x_wconf 85' lang='lat' dir='ltr'>ejus.</span> <span class='ocrx_word' id='word_1_144' title='bbox 1008 1330 1028 1354; x_wconf 86' lang='lat'>«</span> <span class='ocrx_word' id='word_1_145' title='bbox 1053 1313 1106 1355; x_wconf 89' lang='lat' dir='ltr'>In</span> <span class='ocrx_word' id='word_1_146' title='bbox 1126 1309 1332 1356; x_wconf 89' lang='lat' dir='ltr'>columna</span> <span class='ocrx_word' id='word_1_147' title='bbox 1348 1310 1478 1355; x_wconf 86' lang='lat' dir='ltr'>nubis</span> <span class='ocrx_word' id='word_1_148' title='bbox 1499 1309 1763 1371; x_wconf 86' lang='lat' dir='ltr'>loquebatur</span> <span class='ocrx_word' id='word_1_149' title='bbox 1786 1308 1843 1354; x_wconf 91' lang='lat' dir='ltr'>ad</span> 
     </span>
     <span class='ocr_line' id='line_1_17' title="bbox 453 1397 656 1426; baseline -0.015 0"><span class='ocrx_word' id='word_1_150' title='bbox 453 1399 474 1423; x_wconf 90' lang='grc'>))</span> <span class='ocrx_word' id='word_1_151' title='bbox 511 1397 596 1426; x_wconf 79' lang='lat' dir='ltr'>eos.</span> <span class='ocrx_word' id='word_1_152' title='bbox 636 1400 656 1423; x_wconf 88' lang='grc'>))</span> 
     </span>
    </p>

    <p class='ocr_par' dir='ltr' id='par_1_3' title="bbox 439 1450 1840 2648">
     <span class='ocr_line' id='line_1_18' title="bbox 508 1450 1840 1512; baseline -0.002 -14"><span class='ocrx_word' id='word_1_153' title='bbox 508 1456 588 1498; x_wconf 82' lang='grc' dir='ltr'>ΧΙ.</span> <span class='ocrx_word' id='word_1_154' title='bbox 614 1453 905 1500; x_wconf 84' lang='lat' dir='ltr'>Attendamus</span> <span class='ocrx_word' id='word_1_155' title='bbox 939 1468 1062 1512; x_wconf 83' lang='lat' dir='ltr'>ergo,</span> <span class='ocrx_word' id='word_1_156' title='bbox 1098 1451 1275 1497; x_wconf 86' lang='lat' dir='ltr'>fratres:</span> <span class='ocrx_word' id='word_1_157' title='bbox 1306 1451 1452 1497; x_wconf 88' lang='lat' dir='ltr'>videte</span> <span class='ocrx_word' id='word_1_158' title='bbox 1479 1466 1589 1511; x_wconf 85' lang='lat' dir='ltr'>quos</span> <span class='ocrx_word' id='word_1_159' title='bbox 1620 1460 1664 1495; x_wconf 90' lang='lat' dir='ltr'>et</span> <span class='ocrx_word' id='word_1_160' title='bbox 1689 1450 1840 1511; x_wconf 90' lang='lat' dir='ltr'>quales</span> 
     </span>
     <span class='ocr_line' id='line_1_19' title="bbox 449 1522 1840 1583; baseline -0.002 -15"><span class='ocrx_word' id='word_1_161' title='bbox 449 1534 619 1569; x_wconf 85' lang='lat' dir='ltr'>sanctos</span> <span class='ocrx_word' id='word_1_162' title='bbox 642 1525 947 1570; x_wconf 86' lang='lat' dir='ltr'>nominaverit.</span> <span class='ocrx_word' id='word_1_163' title='bbox 984 1545 1004 1566; x_wconf 87' lang='lat'>«</span> <span class='ocrx_word' id='word_1_164' title='bbox 1039 1523 1358 1568; x_wconf 88' lang='lat' dir='ltr'>Custodiebant</span> <span class='ocrx_word' id='word_1_165' title='bbox 1384 1522 1630 1567; x_wconf 87' lang='lat' dir='ltr'>testimonia</span> <span class='ocrx_word' id='word_1_166' title='bbox 1652 1523 1770 1583; x_wconf 88' lang='lat' dir='ltr'>ejus,</span> <span class='ocrx_word' id='word_1_167' title='bbox 1797 1531 1840 1566; x_wconf 90' lang='lat' dir='ltr'>et</span> 
     </span>
     <span class='ocr_line' id='line_1_20' title="bbox 448 1592 1839 1656; baseline -0.001 -18"><span class='ocrx_word' id='word_1_168' title='bbox 448 1605 666 1655; x_wconf 84' lang='lat' dir='ltr'>praecepta</span> <span class='ocrx_word' id='word_1_169' title='bbox 687 1597 777 1656; x_wconf 86' lang='lat' dir='ltr'>ejus</span> <span class='ocrx_word' id='word_1_170' title='bbox 795 1612 894 1655; x_wconf 82' lang='lat' dir='ltr'>quae</span> <span class='ocrx_word' id='word_1_171' title='bbox 918 1593 1039 1639; x_wconf 88' lang='lat' dir='ltr'>dedit</span> <span class='ocrx_word' id='word_1_172' title='bbox 1060 1595 1134 1638; x_wconf 90' lang='lat' dir='ltr'>eis.</span> <span class='ocrx_word' id='word_1_173' title='bbox 1155 1612 1175 1635; x_wconf 88' lang='lat'>»</span> <span class='ocrx_word' id='word_1_174' title='bbox 1201 1592 1516 1639; x_wconf 86' lang='lat' dir='ltr'>Custodiebant</span> <span class='ocrx_word' id='word_1_175' title='bbox 1532 1601 1649 1637; x_wconf 88' lang='lat' dir='ltr'>certe</span> <span class='ocrx_word' id='word_1_176' title='bbox 1662 1627 1673 1647; x_wconf 93' lang='lat'>,</span> <span class='ocrx_word' id='word_1_177' title='bbox 1692 1593 1839 1636; x_wconf 89' lang='lat' dir='ltr'>inten-</span> 
     </span>
     <span class='ocr_line' id='line_1_21' title="bbox 449 1664 1838 1725; baseline -0.003 -15"><span class='ocrx_word' id='word_1_178' title='bbox 449 1667 552 1710; x_wconf 86' lang='lat' dir='ltr'>dite.</span> <span class='ocrx_word' id='word_1_179' title='bbox 580 1685 600 1708; x_wconf 89' lang='lat'>«</span> <span class='ocrx_word' id='word_1_180' title='bbox 619 1666 938 1711; x_wconf 87' lang='lat' dir='ltr'>Custodiebant</span> <span class='ocrx_word' id='word_1_181' title='bbox 953 1664 1198 1709; x_wconf 86' lang='lat' dir='ltr'>testimonia</span> <span class='ocrx_word' id='word_1_182' title='bbox 1216 1666 1324 1725; x_wconf 85' lang='lat' dir='ltr'>ejus,</span> <span class='ocrx_word' id='word_1_183' title='bbox 1342 1674 1385 1708; x_wconf 88' lang='lat' dir='ltr'>et</span> <span class='ocrx_word' id='word_1_184' title='bbox 1398 1672 1613 1723; x_wconf 83' lang='lat' dir='ltr'>praecepta</span> <span class='ocrx_word' id='word_1_185' title='bbox 1627 1664 1718 1723; x_wconf 88' lang='lat' dir='ltr'>ejus</span> <span class='ocrx_word' id='word_1_186' title='bbox 1738 1678 1838 1723; x_wconf 87' lang='lat' dir='ltr'>quae</span> 
     </span>
     <span class='ocr_line' id='line_1_22' title="bbox 450 1734 1836 1795; baseline 0.001 -18"><span class='ocrx_word' id='word_1_187' title='bbox 450 1755 469 1778; x_wconf 85' lang='lat'>»</span> <span class='ocrx_word' id='word_1_188' title='bbox 507 1737 627 1782; x_wconf 85' lang='lat' dir='ltr'>dedit</span> <span class='ocrx_word' id='word_1_189' title='bbox 649 1738 723 1781; x_wconf 91' lang='lat' dir='ltr'>eis.</span> <span class='ocrx_word' id='word_1_190' title='bbox 743 1756 763 1778; x_wconf 85' lang='lat'>»</span> <span class='ocrx_word' id='word_1_191' title='bbox 781 1739 875 1781; x_wconf 91' lang='lat' dir='ltr'>Hoc</span> <span class='ocrx_word' id='word_1_192' title='bbox 896 1736 1022 1792; x_wconf 86' lang='lat' dir='ltr'>dicit,</span> <span class='ocrx_word' id='word_1_193' title='bbox 1039 1746 1082 1780; x_wconf 90' lang='lat' dir='ltr'>et</span> <span class='ocrx_word' id='word_1_194' title='bbox 1098 1736 1244 1794; x_wconf 84' lang='lat' dir='ltr'>negari</span> <span class='ocrx_word' id='word_1_195' title='bbox 1261 1751 1352 1780; x_wconf 91' lang='lat' dir='ltr'>non</span> <span class='ocrx_word' id='word_1_196' title='bbox 1369 1745 1525 1795; x_wconf 88' lang='lat' dir='ltr'>potest.</span> <span class='ocrx_word' id='word_1_197' title='bbox 1542 1734 1738 1780; x_wconf 88' lang='lat' dir='ltr'>Nihil-ne</span> <span class='ocrx_word' id='word_1_198' title='bbox 1754 1735 1836 1779; x_wconf 87' lang='lat' dir='ltr'>ha-</span> 
     </span>
     <span class='ocr_line' id='line_1_23' title="bbox 447 1805 1836 1868; baseline -0.001 -17"><span class='ocrx_word' id='word_1_199' title='bbox 447 1808 611 1852; x_wconf 87' lang='lat' dir='ltr'>bebant</span> <span class='ocrx_word' id='word_1_200' title='bbox 624 1809 812 1868; x_wconf 79' lang='lat' dir='ltr'>peccati?</span> <span class='ocrx_word' id='word_1_201' title='bbox 827 1807 1081 1861; x_wconf 81' lang='lat' dir='ltr'>Quomodo?</span> <span class='ocrx_word' id='word_1_202' title='bbox 1099 1807 1283 1861; x_wconf 83' lang='lat' dir='ltr'>Quando</span> <span class='ocrx_word' id='word_1_203' title='bbox 1296 1805 1604 1851; x_wconf 87' lang='lat' dir='ltr'>custodiebant</span> <span class='ocrx_word' id='word_1_204' title='bbox 1621 1814 1836 1865; x_wconf 86' lang='lat' dir='ltr'>praecepta</span> 
     </span>
     <span class='ocr_line' id='line_1_24' title="bbox 446 1874 1836 1938; baseline -0.001 -16"><span class='ocrx_word' id='word_1_205' title='bbox 446 1880 536 1938; x_wconf 86' lang='lat' dir='ltr'>ejus</span> <span class='ocrx_word' id='word_1_206' title='bbox 552 1914 563 1934; x_wconf 84' lang='lat'>,</span> <span class='ocrx_word' id='word_1_207' title='bbox 589 1878 894 1924; x_wconf 84' lang='lat' dir='ltr'>custodiebant</span> <span class='ocrx_word' id='word_1_208' title='bbox 916 1878 1160 1923; x_wconf 85' lang='lat' dir='ltr'>testimonia</span> <span class='ocrx_word' id='word_1_209' title='bbox 1177 1879 1213 1938; x_wconf 88' lang='lat' dir='ltr'>ej</span> <span class='ocrx_word' id='word_1_210' title='bbox 1221 1893 1284 1922; x_wconf 91' lang='lat' dir='ltr'>us.</span> <span class='ocrx_word' id='word_1_211' title='bbox 1301 1877 1457 1922; x_wconf 87' lang='lat' dir='ltr'>Videte</span> <span class='ocrx_word' id='word_1_212' title='bbox 1474 1876 1624 1937; x_wconf 84' lang='lat' dir='ltr'>quales</span> <span class='ocrx_word' id='word_1_213' title='bbox 1639 1892 1717 1921; x_wconf 91' lang='lat' dir='ltr'>nos</span> <span class='ocrx_word' id='word_1_214' title='bbox 1729 1874 1836 1921; x_wconf 85' lang='lat' dir='ltr'>velit</span> 
     </span>
     <span class='ocr_line' id='line_1_25' title="bbox 444 1949 1833 2010; baseline -0.001 -16"><span class='ocrx_word' id='word_1_215' title='bbox 444 1949 647 2006; x_wconf 88' lang='lat' dir='ltr'>formari,</span> <span class='ocrx_word' id='word_1_216' title='bbox 672 1967 728 1995; x_wconf 92' lang='lat' dir='ltr'>ne</span> <span class='ocrx_word' id='word_1_217' title='bbox 750 1951 873 2010; x_wconf 85' lang='lat' dir='ltr'>quasi</span> <span class='ocrx_word' id='word_1_218' title='bbox 895 1950 950 1995; x_wconf 91' lang='lat' dir='ltr'>de</span> <span class='ocrx_word' id='word_1_219' title='bbox 971 1950 1164 2010; x_wconf 87' lang='lat' dir='ltr'>perfecta</span> <span class='ocrx_word' id='word_1_220' title='bbox 1181 1949 1348 2009; x_wconf 88' lang='lat' dir='ltr'>justitia</span> <span class='ocrx_word' id='word_1_221' title='bbox 1371 1964 1696 2009; x_wconf 70' lang='lat' dir='ltr'>praesumamus.</span> <span class='ocrx_word' id='word_1_222' title='bbox 1719 1950 1833 1992; x_wconf 90' lang='lat' dir='ltr'>Ecce</span> 
     </span>
     <span class='ocr_line' id='line_1_26' title="bbox 444 2019 1833 2080; baseline -0.001 -15"><span class='ocrx_word' id='word_1_223' title='bbox 444 2024 616 2080; x_wconf 82' lang='lat' dir='ltr'>Moyses</span> <span class='ocrx_word' id='word_1_224' title='bbox 634 2031 677 2066; x_wconf 90' lang='lat' dir='ltr'>et</span> <span class='ocrx_word' id='word_1_225' title='bbox 693 2024 839 2066; x_wconf 81' lang='lat' dir='ltr'>Aaron</span> <span class='ocrx_word' id='word_1_226' title='bbox 860 2022 905 2065; x_wconf 92' lang='lat' dir='ltr'>in</span> <span class='ocrx_word' id='word_1_227' title='bbox 927 2020 1223 2066; x_wconf 88' lang='lat' dir='ltr'>sacerdotibus</span> <span class='ocrx_word' id='word_1_228' title='bbox 1241 2021 1347 2080; x_wconf 83' lang='lat' dir='ltr'>ejus,</span> <span class='ocrx_word' id='word_1_229' title='bbox 1363 2029 1407 2065; x_wconf 89' lang='lat' dir='ltr'>et</span> <span class='ocrx_word' id='word_1_230' title='bbox 1426 2019 1600 2066; x_wconf 74' lang='lat' dir='ltr'>Samuel</span> <span class='ocrx_word' id='word_1_231' title='bbox 1612 2019 1658 2063; x_wconf 90' lang='lat' dir='ltr'>in</span> <span class='ocrx_word' id='word_1_232' title='bbox 1674 2019 1741 2063; x_wconf 86' lang='lat' dir='ltr'>his</span> <span class='ocrx_word' id='word_1_233' title='bbox 1755 2019 1833 2079; x_wconf 91' lang='lat' dir='ltr'>qui</span> 
     </span>
     <span class='ocr_line' id='line_1_27' title="bbox 443 2090 1831 2152; baseline 0 -17"><span class='ocrx_word' id='word_1_234' title='bbox 443 2092 649 2137; x_wconf 87' lang='lat' dir='ltr'>invocant</span> <span class='ocrx_word' id='word_1_235' title='bbox 669 2107 830 2136; x_wconf 83' lang='lat' dir='ltr'>nomen</span> <span class='ocrx_word' id='word_1_236' title='bbox 848 2093 938 2152; x_wconf 87' lang='lat' dir='ltr'>ejus</span> <span class='ocrx_word' id='word_1_237' title='bbox 951 2127 961 2147; x_wconf 79' lang='lat'>,</span> <span class='ocrx_word' id='word_1_238' title='bbox 985 2092 1039 2136; x_wconf 90' lang='lat' dir='ltr'>ad</span> <span class='ocrx_word' id='word_1_239' title='bbox 1051 2106 1162 2152; x_wconf 90' lang='lat' dir='ltr'>quos</span> <span class='ocrx_word' id='word_1_240' title='bbox 1179 2091 1234 2135; x_wconf 90' lang='lat' dir='ltr'>de</span> <span class='ocrx_word' id='word_1_241' title='bbox 1250 2091 1455 2135; x_wconf 88' lang='lat' dir='ltr'>columna</span> <span class='ocrx_word' id='word_1_242' title='bbox 1471 2090 1603 2135; x_wconf 90' lang='lat' dir='ltr'>nubis</span> <span class='ocrx_word' id='word_1_243' title='bbox 1620 2090 1831 2150; x_wconf 88' lang='lat' dir='ltr'>loqueba-</span> 
     </span>
     <span class='ocr_line' id='line_1_28' title="bbox 443 2160 1830 2223; baseline -0.002 -16"><span class='ocrx_word' id='word_1_244' title='bbox 443 2172 530 2218; x_wconf 86' lang='lat' dir='ltr'>tur,</span> <span class='ocrx_word' id='word_1_245' title='bbox 546 2172 692 2223; x_wconf 88' lang='lat' dir='ltr'>aperte</span> <span class='ocrx_word' id='word_1_246' title='bbox 708 2162 803 2207; x_wconf 90' lang='lat' dir='ltr'>illos</span> <span class='ocrx_word' id='word_1_247' title='bbox 822 2162 1095 2218; x_wconf 81' lang='lat' dir='ltr'>exaudiebat,</span> <span class='ocrx_word' id='word_1_248' title='bbox 1116 2162 1193 2223; x_wconf 89' lang='lat' dir='ltr'>qui</span> <span class='ocrx_word' id='word_1_249' title='bbox 1207 2161 1512 2206; x_wconf 86' lang='lat' dir='ltr'>custodiebant</span> <span class='ocrx_word' id='word_1_250' title='bbox 1527 2160 1774 2205; x_wconf 89' lang='lat' dir='ltr'>testimonia</span> <span class='ocrx_word' id='word_1_251' title='bbox 1787 2169 1830 2205; x_wconf 91' lang='lat' dir='ltr'>et</span> 
     </span>
     <span class='ocr_line' id='line_1_29' title="bbox 442 2233 1830 2295; baseline -0.001 -16"><span class='ocrx_word' id='word_1_252' title='bbox 442 2245 657 2295; x_wconf 76' lang='lat' dir='ltr'>praecepta</span> <span class='ocrx_word' id='word_1_253' title='bbox 680 2236 770 2295; x_wconf 87' lang='lat' dir='ltr'>ejus</span> <span class='ocrx_word' id='word_1_254' title='bbox 788 2250 887 2294; x_wconf 86' lang='lat' dir='ltr'>quae</span> <span class='ocrx_word' id='word_1_255' title='bbox 905 2234 1025 2278; x_wconf 88' lang='lat' dir='ltr'>dedit</span> <span class='ocrx_word' id='word_1_256' title='bbox 1046 2234 1119 2278; x_wconf 89' lang='lat' dir='ltr'>eis.</span> <span class='ocrx_word' id='word_1_257' title='bbox 1151 2253 1171 2276; x_wconf 91' lang='lat'>«</span> <span class='ocrx_word' id='word_1_258' title='bbox 1191 2234 1396 2288; x_wconf 79' lang='lat' dir='ltr'>Domine,</span> <span class='ocrx_word' id='word_1_259' title='bbox 1415 2233 1580 2293; x_wconf 86' lang='lat' dir='ltr'>inquit,</span> <span class='ocrx_word' id='word_1_260' title='bbox 1598 2236 1712 2277; x_wconf 92' lang='lat' dir='ltr'>Deus</span> <span class='ocrx_word' id='word_1_261' title='bbox 1727 2248 1830 2277; x_wconf 91' lang='lat' dir='ltr'>nos-</span> 
     </span>
     <span class='ocr_line' id='line_1_30' title="bbox 445 2302 1828 2364; baseline 0.002 -18"><span class='ocrx_word' id='word_1_262' title='bbox 445 2323 465 2346; x_wconf 88' lang='lat'>»</span> <span class='ocrx_word' id='word_1_263' title='bbox 501 2315 581 2361; x_wconf 76' lang='lat' dir='ltr'>ter,</span> <span class='ocrx_word' id='word_1_264' title='bbox 597 2315 646 2349; x_wconf 83' lang='lat' dir='ltr'>tu</span> <span class='ocrx_word' id='word_1_265' title='bbox 660 2305 868 2349; x_wconf 82' lang='lat' dir='ltr'>exaudisti</span> <span class='ocrx_word' id='word_1_266' title='bbox 890 2320 961 2349; x_wconf 91' lang='lat' dir='ltr'>eos</span> <span class='ocrx_word' id='word_1_267' title='bbox 973 2340 983 2357; x_wconf 84' lang='lat'><strong>‚</strong></span> <span class='ocrx_word' id='word_1_268' title='bbox 1000 2308 1113 2349; x_wconf 91' lang='lat' dir='ltr'>Deus</span> <span class='ocrx_word' id='word_1_269' title='bbox 1134 2314 1183 2349; x_wconf 91' lang='lat' dir='ltr'>tu</span> <span class='ocrx_word' id='word_1_270' title='bbox 1205 2304 1416 2364; x_wconf 86' lang='lat' dir='ltr'>propitius</span> <span class='ocrx_word' id='word_1_271' title='bbox 1433 2303 1553 2348; x_wconf 88' lang='lat' dir='ltr'>fuisti</span> <span class='ocrx_word' id='word_1_272' title='bbox 1570 2302 1668 2348; x_wconf 86' lang='lat' dir='ltr'>illis.</span> <span class='ocrx_word' id='word_1_273' title='bbox 1687 2321 1707 2345; x_wconf 92' lang='lat'>»</span> <span class='ocrx_word' id='word_1_274' title='bbox 1725 2307 1828 2349; x_wconf 87' lang='lat' dir='ltr'>Pro-</span> 
     </span>
     <span class='ocr_line' id='line_1_31' title="bbox 440 2374 1821 2436; baseline -0.001 -17"><span class='ocrx_word' id='word_1_275' title='bbox 440 2376 572 2436; x_wconf 88' lang='lat' dir='ltr'>pitius</span> <span class='ocrx_word' id='word_1_276' title='bbox 593 2392 680 2420; x_wconf 90' lang='lat' dir='ltr'>non</span> <span class='ocrx_word' id='word_1_277' title='bbox 699 2376 857 2420; x_wconf 82' lang='lat' dir='ltr'>dicitur</span> <span class='ocrx_word' id='word_1_278' title='bbox 870 2378 983 2419; x_wconf 89' lang='lat' dir='ltr'>Deus</span> <span class='ocrx_word' id='word_1_279' title='bbox 995 2411 1004 2429; x_wconf 82' lang='lat'>,</span> <span class='ocrx_word' id='word_1_280' title='bbox 1022 2375 1103 2419; x_wconf 91' lang='lat' dir='ltr'>nisi</span> <span class='ocrx_word' id='word_1_281' title='bbox 1122 2376 1304 2434; x_wconf 89' lang='lat' dir='ltr'>peccatis</span> <span class='ocrx_word' id='word_1_282' title='bbox 1322 2374 1523 2435; x_wconf 89' lang='lat' dir='ltr'>:quando</span> <span class='ocrx_word' id='word_1_283' title='bbox 1545 2375 1620 2419; x_wconf 90' lang='lat' dir='ltr'>dat</span> <span class='ocrx_word' id='word_1_284' title='bbox 1633 2374 1821 2431; x_wconf 87' lang='lat' dir='ltr'>veniam,</span> 
     </span>
     <span class='ocr_line' id='line_1_32' title="bbox 440 2444 1824 2507; baseline -0.001 -16"><span class='ocrx_word' id='word_1_285' title='bbox 440 2457 546 2492; x_wconf 90' lang='lat' dir='ltr'>tunc</span> <span class='ocrx_word' id='word_1_286' title='bbox 563 2448 722 2492; x_wconf 88' lang='lat' dir='ltr'>dicitur</span> <span class='ocrx_word' id='word_1_287' title='bbox 743 2447 971 2507; x_wconf 48' lang='lat' dir='ltr'>propitius</span> <span class='ocrx_word' id='word_1_288' title='bbox 995 2449 1052 2490; x_wconf 90' lang='lat' dir='ltr'>Et</span> <span class='ocrx_word' id='word_1_289' title='bbox 1069 2445 1176 2506; x_wconf 92' lang='lat' dir='ltr'>quid</span> <span class='ocrx_word' id='word_1_290' title='bbox 1199 2446 1392 2490; x_wconf 86' lang='lat' dir='ltr'>habebat</span> <span class='ocrx_word' id='word_1_291' title='bbox 1412 2447 1458 2489; x_wconf 86' lang='lat' dir='ltr'>in</span> <span class='ocrx_word' id='word_1_292' title='bbox 1480 2446 1569 2490; x_wconf 91' lang='lat' dir='ltr'>istis</span> <span class='ocrx_word' id='word_1_293' title='bbox 1591 2444 1712 2506; x_wconf 89' lang='lat' dir='ltr'>quod</span> <span class='ocrx_word' id='word_1_294' title='bbox 1732 2445 1824 2489; x_wconf 89' lang='lat' dir='ltr'>vin-</span> 
     </span>
     <span class='ocr_line' id='line_1_33' title="bbox 439 2514 1824 2577; baseline -0.001 -16"><span class='ocrx_word' id='word_1_295' title='bbox 439 2516 623 2573; x_wconf 81' lang='lat' dir='ltr'>dicaret,</span> <span class='ocrx_word' id='word_1_296' title='bbox 646 2526 696 2562; x_wconf 91' lang='lat' dir='ltr'>ut</span> <span class='ocrx_word' id='word_1_297' title='bbox 723 2526 831 2561; x_wconf 84' lang='lat' dir='ltr'>esset</span> <span class='ocrx_word' id='word_1_298' title='bbox 851 2516 1064 2577; x_wconf 88' lang='lat' dir='ltr'>propitius</span> <span class='ocrx_word' id='word_1_299' title='bbox 1086 2516 1376 2576; x_wconf 77' lang='lat' dir='ltr'>ignoscendo?</span> <span class='ocrx_word' id='word_1_300' title='bbox 1397 2516 1613 2575; x_wconf 87' lang='lat' dir='ltr'>Propitius</span> <span class='ocrx_word' id='word_1_301' title='bbox 1633 2524 1724 2559; x_wconf 87' lang='lat' dir='ltr'>erat</span> <span class='ocrx_word' id='word_1_302' title='bbox 1741 2514 1824 2560; x_wconf 91' lang='lat' dir='ltr'>do-</span> 
     </span>
     <span class='ocr_line' id='line_1_34' title="bbox 439 2584 1820 2648; baseline -0.001 -16"><span class='ocrx_word' id='word_1_303' title='bbox 439 2587 584 2633; x_wconf 86' lang='lat' dir='ltr'>nando</span> <span class='ocrx_word' id='word_1_304' title='bbox 606 2597 805 2648; x_wconf 87' lang='lat' dir='ltr'>peccata,</span> <span class='ocrx_word' id='word_1_305' title='bbox 832 2586 1045 2648; x_wconf 81' lang='lat' dir='ltr'>propitius</span> <span class='ocrx_word' id='word_1_306' title='bbox 1074 2595 1166 2632; x_wconf 84' lang='lat' dir='ltr'>erat</span> <span class='ocrx_word' id='word_1_307' title='bbox 1192 2595 1235 2632; x_wconf 83' lang='lat' dir='ltr'>et</span> <span class='ocrx_word' id='word_1_308' title='bbox 1256 2585 1535 2632; x_wconf 88' lang='lat' dir='ltr'>vindicando.</span> <span class='ocrx_word' id='word_1_309' title='bbox 1566 2584 1683 2640; x_wconf 86' lang='lat' dir='ltr'>Quid</span> <span class='ocrx_word' id='word_1_310' title='bbox 1703 2585 1820 2631; x_wconf 88' lang='lat' dir='ltr'>enim</span> 
     </span>
    </p>
   </div>
  </div>
 </body>
</html>
