1926 3339
493 263 576 302 414
925 273 958 302 S.
996 275 1224 302 AUGUSTINI
1258 276 1437 303 Emscom

491 340 566 399 qui
582 338 772 400 jubilant
793 339 837 382 in
855 338 1078 383 cantilenis
1100 339 1361 400 quibusque,
1377 348 1420 383 et
1437 339 1560 399 quasi
1575 339 1621 382 in
1638 340 1874 384 certamine

490 403 683 470 quodam
703 409 866 453 laetitiae
898 408 1112 452 saecularis
1133 430 1144 466 3
1181 419 1224 453 et
1247 410 1398 454 videtis
1421 410 1543 469 quasi
1565 410 1678 453 inter
1710 410 1875 454 cantica

488 480 633 524 verbis
667 495 862 539 expressa
899 478 1164 523 exundantes
1194 479 1372 534 laetitia,
1397 480 1468 524 cui
1504 479 1650 538 lingua
1689 478 1875 523 dicendo

492 564 581 595 non
601 549 782 604 sufficit,
808 548 1177 609 quemadmodum
1196 549 1409 609 jubilent,
1429 560 1479 594 ut
1493 566 1569 610 per
1589 549 1706 594 illam
1725 564 1876 594 vocem

490 619 706 664 indicetur
735 620 866 663 animi
903 619 1111 672 affectus,
1142 619 1285 663 verbis
1319 619 1531 679 explicare
1568 636 1658 663 non
1692 619 1876 664 valentis

489 689 611 749 quod
631 689 763 733 corde
795 689 1054 748 concipitur.
1079 688 1121 733 Si
1144 704 1245 746 ergo
1266 688 1328 733 illi
1352 688 1406 732 de
1430 689 1587 747 gaudio
1609 699 1782 734 terreno
1799 691 1876 749 ju·-

490 760 632 804 bilant
662 779 671 804 :
707 776 786 804 nos
820 761 875 804 de
911 759 1068 818 gaudio
1098 759 1263 804 coelesti
1293 759 1481 820 jubilare
1511 776 1601 804 non
1635 760 1872 815 debemus,

489 830 610 891 quod
631 845 730 874 vere
747 830 890 874 verbis
912 816 1124 889 explicare
1143 845 1230 873 non
1252 832 1509 889 possumus?

551 903 626 945 IV.
657 920 675 940 α
702 904 1060 960 Praeoccupemus
1083 899 1237 945 faciem
1261 901 1350 960 ejus
1367 901 1412 945 in
1429 900 1712 945 confessione.
1728 901 1879 944 »Con-

491 970 617 1015 fessio
642 970 820 1031 quidem
850 970 1021 1016 duobus
1047 971 1187 1015 modis
1209 971 1419 1031 accipitur
1450 972 1495 1015 in
1531 970 1775 1030 Scripturis.
1800 972 1879 1016 Est

490 1041 701 1086 confessio
723 1041 957 1096 laudantis,
983 1052 1046 1086 est
1063 1041 1274 1086 confessio
1293 1043 1518 1101 gementis.
1533 1040 1757 1087 Confessio
1783 1040 1878 1085 lau-

491 1113 653 1167 dantis,
675 1113 730 1156 ad
747 1115 958 1157 honorem
979 1114 1167 1173 pertinet
1188 1115 1278 1174 ejus
1301 1114 1378 1174 qui
1400 1113 1604 1158 laudatur
1629 1133 1638 1158 ε
1665 1112 1878 1158 confessio

491 1183 724 1241 gementis,
763 1183 818 1226 ad
851 1184 1154 1242 poenitentiam
1176 1184 1362 1243 pertinet
1392 1185 1483 1244 ejus
1520 1184 1597 1244 qui
1625 1183 1874 1228 confitetur.

491 1253 768 1297 Confitentur
785 1253 899 1297 enim
922 1254 1134 1309 homines,
1160 1254 1460 1299 cumlaudant
1481 1258 1644 1299 Deum:
1670 1254 1880 1298 confiten-

493 1333 563 1367 tur
580 1358 591 1378 ,
616 1338 715 1367 cum
740 1333 945 1368 accusant
966 1340 1010 1368 se
1025 1359 1035 1378 ,
1062 1333 1105 1368 et
1126 1324 1236 1368 nihil
1265 1325 1437 1383 dignius
1461 1323 1564 1369 facit
1579 1323 1741 1382 lingua.
1769 1325 1902 1374 Vere>

492 1403 600 1452 puto
618 1394 739 1453 quod
755 1394 846 1454 ipsa
863 1395 948 1438 sint
966 1404 1066 1439 vota
1083 1431 1093 1450 ,
1119 1394 1174 1438 de
1195 1396 1356 1456 quibus
1374 1394 1478 1439 dicit
1497 1395 1543 1439 in
1565 1394 1650 1439 alio
1676 1393 1845 1438 Psalmo
1867 1413 1876 1439 :

496 1483 515 1505 «
550 1464 748 1508 Reddam
765 1466 844 1509 tibi
866 1474 965 1510 vota
986 1480 1080 1510 mea
1098 1502 1108 1518 ‚
1131 1482 1231 1526 quae
1252 1466 1542 1510 distinxerunt
1559 1464 1674 1509 labia
1696 1467 1831 1509 mea1.
1855 1483 1876 1506 »

491 1534 609 1579 Nihil
629 1535 708 1580 ista
730 1535 1005 1581 distinctione
1021 1537 1271 1592 sublimius,
1297 1536 1405 1581 nihil
1428 1547 1516 1580 tam
1533 1535 1820 1580 necessarium
1838 1543 1882 1579 et

494 1604 549 1649 ad
564 1605 897 1664 intelligendum
920 1616 963 1651 et
984 1607 1038 1651 ad
1060 1606 1324 1652 faciendum.
1343 1607 1574 1661 Quomodo
1598 1622 1702 1665 ergo
1723 1606 1880 1650 distin-

493 1676 585 1733 guis
607 1685 707 1720 vota
723 1711 734 1731 ,
758 1693 856 1736 quae
879 1677 1022 1721 reddis
1049 1679 1168 1722 Deo?
1193 1681 1249 1722 Ut
1269 1677 1391 1721 illum
1414 1676 1586 1732 laudes,
1607 1686 1649 1721 te
1677 1691 1848 1721 accuses
1868 1693 1876 1720 :

492 1746 593 1804 quia
625 1745 740 1790 illius
771 1756 836 1790 est
863 1747 1181 1802 misericordia,
1213 1757 1262 1791 ut
1284 1757 1458 1807 peccata
1492 1756 1636 1792 nostra
1672 1745 1876 1791 dimittat.

492 1818 600 1860 Nam
634 1817 667 1860 si
687 1817 820 1861 vellet
841 1832 921 1876 pro
943 1818 1105 1862 meritis
1138 1833 1286 1877 agere,
1312 1833 1401 1862 non
1427 1817 1641 1862 inveniret
1662 1816 1744 1861 nisi
1772 1831 1881 1877 quos

493 1885 734 1930 damnaret.
778 1905 798 1928 «
823 1888 1001 1943 Venite,
1024 1907 1044 1929 »
1078 1903 1180 1946 ergo
1215 1887 1344 1943 dixit,
1375 1896 1425 1931 ut
1459 1887 1711 1932 recedamus
1736 1887 1826 1946 jam
1857 1900 1882 1930 a

493 1957 680 2015 peccatis
704 1958 858 2002 nostris
876 1993 887 2013 ,
927 1967 970 2002 et
1006 1974 1096 2003 non
1127 1958 1355 2002 nobiscum
1378 1957 1567 2002 deducat
1592 1958 1805 2001 rationem
1826 1955 1882 2000 de

493 2027 722 2086 praeteritis
739 2048 750 2084 3
769 2027 845 2071 sed
862 2037 1071 2088 tanquam
1093 2027 1256 2072 tabulae
1274 2043 1399 2072 novae
1420 2028 1527 2071 fiant
1538 2063 1554 2083 ,
1579 2027 1762 2071 incensis
1784 2041 1881 2071 om-

493 2098 623 2141 nibus
655 2099 951 2159 chirographis
984 2099 1234 2144 debitorum
1278 2108 1542 2143 nostrorum.
1581 2102 1750 2152 Quanta
1777 2113 1882 2158 ergo

492 2167 608 2212 illius
628 2168 738 2223 laus,
763 2179 925 2229 quanta
952 2169 1258 2224 misericordia,
1281 2169 1568 2214 confiteamur
1582 2204 1593 2225 ,
1618 2170 1770 2229 utique
1786 2168 1883 2212 lau-

493 2238 661 2283 dantes.
700 2243 809 2284 Nam
840 2240 875 2284 si
911 2256 1080 2299 semper
1102 2239 1313 2285 confessio
1336 2240 1590 2298 poenitentis
1613 2248 1751 2295 esset,
1790 2254 1881 2283 non

493 2308 710 2354 diceretur
747 2310 793 2354 in
824 2310 1061 2369 Evangelio
1097 2309 1152 2354 de
1182 2311 1276 2369 ipso
1306 2309 1491 2354 Domino
1516 2329 1524 2354 :
1551 2329 1571 2351 «
1597 2312 1649 2353 In
1678 2309 1751 2354 illa
1774 2310 1881 2354 hora

496 2397 517 2420 n
553 2379 762 2424 exultavit
785 2383 909 2424 Jesus
925 2381 971 2424 in
995 2381 1156 2440 Spiritu
1174 2390 1338 2435 sancto,
1360 2390 1403 2425 et
1429 2381 1488 2424 ait
1508 2380 1758 2425 :Confiteor
1781 2379 1877 2435 tibi,

498 2468 518 2490 »
555 2453 703 2505 Pater,
729 2452 912 2495 Domine
947 2451 1046 2495 coeli
1075 2460 1118 2495 et
1140 2460 1291 2506 terrae,
1324 2452 1425 2511 quia
1452 2450 1714 2495 abscondisti
1738 2450 1832 2494 haec
1856 2466 1880 2494 a

499 2538 518 2561 »
555 2520 821 2580 sapientibus
844 2532 887 2566 et
907 2521 1197 2581 prudentibus
1212 2557 1223 2577 ,
1249 2531 1292 2565 ct
1313 2520 1510 2566 revelasti
1532 2536 1580 2565 ea
1604 2520 1792 2580 parvulis
1805 2524 1837 2563 2.
1855 2539 1874 2560 »

545 2605 743 2647 1Psalvnv,
762 2606 814 2646 ιδ,
838 2605 951 2648 12-—
972 2614 984 2629 ²
1010 2607 1086 2639 Luc.
1107 2617 1138 2646 x,
1159 2615 1212 2638 21.
