1926 3339
443 351 528 390 376
856 359 889 388 S.
927 360 1157 388 Aucusrrm
1189 361 1371 388 Emscorr

440 426 625 473 volvunt
645 441 780 471 annos
804 434 848 470 et
877 434 1089 486 tempora3
1120 435 1163 470 et
1193 435 1312 470 tanta
1338 425 1452 471 mala
1479 426 1593 471 fiunt
1618 427 1665 470 in
1685 435 1821 485 terra,

439 497 522 543 illis
545 498 737 559 quietem
759 497 806 540 in
827 496 941 541 coelo
960 496 1239 541 habentibus.
1266 495 1378 550 Quid
1399 505 1463 541 est
1480 512 1584 556 ergo
1606 497 1727 557 quod
1747 514 1826 545 nos

437 569 566 614 docet
589 569 733 613 Deus?
753 570 849 612 Jam
872 567 1144 611 attendamus
1161 566 1397 611 Psalmum.

496 644 596 685 VII.
619 659 638 682 «
658 642 772 684 Deus
785 638 1005 683 ultionum
1028 638 1237 682 Dominus
1249 673 1260 693 ,
1280 643 1390 683 Deus
1407 638 1627 684 ultionum
1641 639 1828 686 fidenter

441 731 462 754 n
498 711 627 770 egit¹.
664 727 685 750 »
724 712 790 753 Tu
816 718 944 769 putas
979 708 1082 769 quia
1109 723 1199 753 non
1228 708 1452 753 vindicat?
1479 709 1681 755 Vindicat
1711 714 1826 756 Deus

434 780 670 826 ultionum.
689 779 807 833 Quid
821 787 899 823 est.
924 798 944 821 «
963 781 1078 823 Deus
1088 777 1334 823 ultionum?
1351 797 1372 820 »
1387 783 1500 824 Deus
1513 780 1822 827 vindictarum,

435 854 488 896 In
507 867 557 896 eo
576 860 692 896 certe
713 865 978 906 murmuras,
1000 850 1101 910 quia
1118 865 1208 894 non
1228 849 1474 895 vindicatur
1494 851 1538 895 in
1556 851 1708 897 malos.
1731 853 1827 899 Noli

434 937 736 978 murmurare,
761 937 817 966 ne
845 923 958 966 inter
989 921 1086 966 illos
1113 921 1167 965 sis
1201 921 1247 965 in
1278 937 1387 981 quos
1415 922 1676 968 vindicatur.
1706 924 1828 968 Facit

434 994 510 1038 ille
530 993 698 1047 furtum
713 1029 723 1049 ‚
749 1003 793 1037 et
813 993 920 1037 vivit
941 1012 950 1037 :
974 1001 1024 1037 tu
1041 1007 1286 1037 murmuras
1305 991 1510 1037 adversus
1531 996 1694 1055 Deum,
1725 995 1828 1054 quia

432 1081 524 1109 non
543 1064 728 1109 moritur
748 1064 825 1124 qui
841 1063 922 1108 tibi
941 1063 1110 1109 furtum
1128 1062 1243 1108 fecit.
1263 1064 1305 1109 Si
1312 1064 1402 1124 jam
1420 1079 1510 1108 non
1522 1063 1626 1108 facis
1638 1064 1823 1121 furtum,

432 1136 533 1180 vide
561 1152 570 1176 ε
594 1135 628 1179 si
647 1135 761 1179 enim
774 1136 864 1195 jam
886 1151 977 1179 non
994 1133 1097 1179 facis
1117 1170 1128 1190 ‚
1152 1135 1252 1179 vide
1272 1150 1328 1179 ne
1351 1135 1587 1196 aliquando
1606 1135 1762 1181 fecisti.
1784 1137 1828 1182 Si

428 1207 521 1265 jam
537 1204 627 1249 dies
649 1221 714 1259 es,
733 1204 876 1250 recole
894 1214 1068 1250 noctem
1088 1214 1208 1250 tuam
1232 1225 1241 1250 ε
1266 1205 1300 1249 si
1315 1205 1406 1265 jam
1430 1206 1538 1251 fixus
1556 1207 1601 1251 in
1623 1206 1737 1252 coelo
1759 1223 1823 1263 es,

430 1274 576 1320 recole
605 1284 766 1319 terram
798 1284 934 1319 tuam.
973 1275 1148 1320 Invenis
1178 1284 1221 1319 te
1260 1275 1402 1320 furem
1435 1276 1548 1322 forte
1580 1276 1711 1322 fuisse
1748 1277 1828 1322 ali-

432 1346 611 1406 quando
629 1369 639 1404 3
665 1356 707 1390 et
725 1347 914 1407 aliquem
935 1346 1068 1390 alium
1084 1345 1198 1391 forte
1220 1348 1538 1392 stomachatum
1552 1384 1562 1404 ‚
1589 1349 1691 1409 quia
1712 1359 1756 1394 et
1778 1358 1827 1394 tu

430 1416 601 1461 furtum
618 1416 779 1461 faciens
800 1418 964 1473 vixisti,
997 1427 1040 1462 et
1063 1434 1154 1462 non
1176 1433 1219 1462 es
1240 1427 1441 1463 mortuus
1465 1439 1473 1463 ε
1500 1419 1723 1479 quomodo
1746 1436 1826 1464 au-

431 1498 521 1532 tem
541 1498 590 1532 tu
607 1488 787 1549 quando
797 1489 984 1533 faciebas
1000 1524 1010 1543 ‚
1035 1488 1135 1533 ideo
1147 1489 1289 1533 vixisti
1302 1498 1351 1533 ut
1362 1499 1510 1549 postea
1527 1506 1617 1534 non
1634 1489 1795 1535 faceres
1813 1512 1824 1548 3

430 1557 520 1602 noli
538 1559 640 1619 quia
662 1569 712 1603 tu
735 1559 949 1614 transisti,
969 1558 1080 1602 velle
1097 1558 1404 1604 misericordiae
1424 1561 1499 1603 Dei
1524 1570 1700 1618 pontem
1718 1561 1825 1605 sub-

429 1638 612 1673 vertere.
632 1630 776 1674 Nescis
790 1629 887 1673 illac
905 1629 1066 1674 multos
1089 1631 1361 1686 transituros,
1382 1647 1468 1690 qua
1482 1641 1525 1675 et
1541 1641 1589 1675 tu
1607 1633 1826 1676 transisti?

430 1702 554 1743 Esses
575 1699 706 1745 modo
731 1701 805 1761 qui
826 1716 1145 1756 murmurares,
1165 1701 1198 1746 si
1221 1701 1425 1746 adversus
1446 1712 1489 1746 te
1509 1701 1735 1746 audiretur
1749 1703 1826 1763 qui

430 1771 549 1830 prior
573 1771 626 1814 de
650 1782 691 1815 te
713 1773 1027 1816 murmuravit?
1051 1776 1108 1816 Et
1130 1783 1276 1817 tamen
1305 1783 1349 1817 et
1373 1789 1492 1818 nunc
1515 1783 1638 1833 optas
1658 1774 1830 1819 vindic-

431 1851 521 1885 tam
543 1843 622 1885 Dei
644 1843 690 1885 in
714 1842 874 1897 malos,
895 1851 945 1886 ut
967 1841 1039 1886 fur
1052 1844 1285 1889 moriatur:
1307 1854 1350 1888 et
1364 1860 1611 1889 murmuras
1625 1845 1829 1890 adversus

430 1914 571 1955 Deum
586 1947 597 1964 ‚
619 1913 722 1972 quia
744 1911 818 1956 fur
839 1928 930 1957 non
947 1915 1146 1958 moritur.
1169 1913 1382 1974 Appende
1398 1916 1442 1958 in
1461 1924 1617 1960 statera
1647 1917 1830 1977 aequita-

430 1983 484 2027 tis
506 1982 650 2027 furem
673 1993 716 2027 et
730 1983 1037 2044 blasphemum
1064 2005 1072 2029 :
1089 1987 1179 2045 jam
1198 1985 1304 2030 dicis
1328 1987 1430 2046 quia
1453 1986 1526 2031 fur
1547 2003 1638 2032 non
1660 2003 1727 2044 es3
1752 1988 1829 2033 sed

429 2053 750 2099 murmurando
765 2055 970 2099 adversus
992 2058 1133 2100 Deum
1153 2091 1163 2111 ‚
1192 2055 1472 2117 blasphemus
1494 2073 1552 2102 es.
1581 2057 1660 2102 Ille
1682 2067 1828 2118 captat

431 2140 637 2169 somnum
659 2125 870 2181 hominis,
897 2136 947 2170 ut
958 2126 1122 2187 aliquid
1135 2126 1299 2171 involet
1317 2149 1328 2186 3
1349 2137 1392 2172 et
1413 2138 1462 2172 tu
1476 2128 1581 2173 dicis
1598 2129 1701 2189 quia
1724 2128 1828 2173 dor-

430 2195 511 2239 mit
531 2201 641 2240 Deus
658 2232 668 2251 ‚
694 2206 738 2241 et
759 2197 984 2242 hominem
1006 2214 1096 2242 non
1122 2198 1257 2243 videt.
1284 2201 1400 2258 Ergo
1431 2200 1493 2244 vis
1527 2199 1600 2244 ille
1622 2210 1670 2244 ut
1693 2201 1827 2245 corri-

432 2276 504 2325 gat
518 2282 719 2323 manum,
742 2268 860 2327 prior
877 2277 927 2312 tu
947 2267 1144 2328 linguam
1172 2270 1339 2329 corrige
1365 2289 1374 2314 ι
1394 2271 1457 2314 vis
1480 2269 1552 2314 ille
1571 2280 1621 2315 ut
1641 2272 1827 2330 corrigat

430 2354 506 2383 cor
528 2339 732 2383 adversus
753 2340 976 2383 hominem
989 2375 999 2395 ‚
1016 2349 1064 2384 tu
1077 2341 1243 2399 corrige
1266 2357 1341 2385 cor
1358 2341 1561 2386 adversus
1578 2345 1718 2387 Deum
1741 2363 1749 2388 :
1771 2358 1827 2388 nc

431 2410 547 2454 forte
579 2426 678 2454 cum
722 2420 844 2470 optas
880 2411 1116 2456 vindictam
1138 2412 1242 2467 Dei,
1280 2412 1313 2456 si
1334 2414 1502 2457 venerit
1520 2449 1529 2469 ‚
1569 2423 1612 2458 te
1635 2416 1825 2474 priorem

428 2481 638 2525 inveniat.
663 2485 775 2527 Nam
796 2482 870 2526 ille
891 2483 1058 2538 veniet,
1085 2485 1230 2528 veniet
1245 2493 1287 2527 et
1301 2484 1517 2544 judicabit
1538 2501 1823 2544 perseveran-

427 2561 494 2596 tes
525 2553 572 2595 in
599 2553 794 2613 nequitia
829 2570 929 2608 sua,
966 2554 1158 2614 ingratos
1187 2556 1490 2615 praerogationi
1519 2557 1823 2602 misericordiae

428 2622 584 2681 ipsius,
608 2623 797 2680 ingratos
821 2625 1044 2684 patientiae
1066 2626 1221 2684 ipsius,
1249 2626 1586 2671 thesaurizantes
1614 2627 1696 2670 sibi
1713 2628 1819 2671 iram

483 2714 488 2728 ¹
512 2707 592 2738 Psal.
616 2719 701 2743 xum.
731 2720 757 2739 1.
