1926 3339
449 278 531 318 424
867 295 910 320 ¹s.
951 293 1178 321 nicosa-m}
1213 295 1390 322 sptscom

448 376 466 396 »
502 371 602 399 oves
624 371 834 401 manuum
859 358 950 417 ejus
970 393 981 411 ,
1008 377 1028 398 »
1055 357 1158 417 ipsae
1180 369 1303 413 sunt,
1329 375 1436 419 quas
1468 360 1548 404 sibi
1570 361 1659 420 ipse
1685 359 1824 405 facere

441 425 645 485 dignatus
675 436 738 470 est
766 427 900 485 gratia
926 443 1017 471 sua.
1042 431 1126 472 Has
1157 429 1273 473 enim
1302 446 1401 474 oves
1422 430 1572 475 laudat
1589 440 1631 475 et
1652 431 1698 474 in
1715 433 1825 476 Can-

441 497 534 541 ticis
549 498 844 552 Canticorum,
864 498 1075 557 perfectos
1093 499 1304 558 quosdam
1326 502 1471 545 dicens
1491 512 1700 562 tanquam
1722 502 1826 545 den-

441 577 505 612 tes
526 568 730 612 Ecclesiae
751 577 910 612 sanctae
938 584 1106 628 sponsae
1127 585 1215 613 suae
1238 589 1246 614 :
1275 590 1295 612 «
1322 574 1478 616 Dentes
1501 574 1565 616 tui
1592 574 1703 617 sicut
1725 587 1826 631 grex

444 657 464 679 »
484 639 765 682 detonsarum
786 638 1111 684 ascendentium
1134 639 1188 684 de
1209 640 1396 696 lavacro,
1411 659 1510 702 quae
1532 644 1723 701 geminos
1746 658 1825 702 pa-

443 727 463 749 »
485 710 626 763 riunt,
648 719 691 752 et
712 709 866 753 sterilis
885 725 974 754 non
1007 720 1069 755 est
1091 712 1134 755 in
1158 711 1241 755 illis
1257 715 1288 755 ¹.
1316 731 1336 753 »
1365 713 1480 766 Quid
1503 723 1595 768 est,
1624 734 1642 756 «
1668 717 1826 759 Dentes

442 797 463 820 »
498 780 593 824 tui?
614 798 633 820 »
660 784 741 824 Per
766 796 876 841 quos
910 780 1115 841 loqueris.
1151 785 1308 827 Dentes
1337 784 1452 827 enim
1483 784 1712 839 Ecclesiae,
1750 800 1826 844 per

439 866 548 910 quos
565 850 761 911 loquitur
779 851 984 896 Ecclesia.
997 852 1152 906 Quales
1175 852 1325 897 dentes
1345 854 1432 897 tui?
1449 874 1468 897 «
1484 857 1707 915 Tanquam
1726 869 1827 913 grex

440 938 461 962 »
498 920 792 966 detonsarum.
822 941 842 963 »
872 925 1015 976 Quare
1032 958 1043 978 ,
1064 922 1374 968 detonsarum?
1397 926 1506 978 Quia
1529 925 1715 969 sarcinas
1744 940 1827 968 sae-

438 991 523 1036 culi
544 1002 801 1052 posuerunt.
822 996 976 1038 Nonne
994 993 1188 1038 detonsae
1210 1004 1333 1039 erant
1354 1011 1452 1041 oves
1475 995 1577 1050 illae,
1598 995 1653 1039 de
1669 995 1828 1055 quibus

438 1061 571 1122 paulo
605 1073 704 1106 ante
739 1063 938 1107 dicebam
958 1099 968 1118 ,
994 1079 1104 1123 quos
1138 1075 1406 1124 praeceptum
1431 1067 1509 1110 Dei
1546 1066 1825 1120 totonderat,

439 1132 622 1177 dicentis
643 1153 651 1177 :
692 1152 713 1174 α
738 1132 860 1177 Vade
877 1169 888 1188 ,
920 1133 1060 1178 vende
1094 1135 1240 1179 omnia
1262 1145 1337 1179 tua
1355 1171 1366 1189 ,
1391 1135 1447 1180 da
1467 1136 1733 1195 pauperibus
1750 1172 1760 1190 ‚
1786 1145 1829 1179 et

442 1222 461 1243 »
497 1203 678 1247 habebis
703 1204 953 1247 thesaurum
983 1204 1026 1247 in
1059 1204 1179 1248 coelis
1197 1240 1207 1258 ,
1231 1214 1274 1249 et
1299 1206 1424 1259 vcni,
1447 1221 1627 1266 sequere
1650 1220 1719 1249 mc
1735 1208 1778 1249 ²?
1805 1224 1825 1246 »

440 1276 658 1317 Fecerunt
670 1274 753 1317 hoc
767 1282 1037 1332 pracceptum
1050 1295 1060 1330 3
1073 1275 1244 1319 detonsi
1257 1285 1485 1319 venerunt.
1499 1278 1556 1320 Et
1569 1276 1669 1336 quia
1684 1276 1829 1335 bapti-

437 1343 519 1387 zati
539 1353 640 1387 sunt
661 1344 886 1387 credentes
902 1344 946 1386 in
963 1345 1201 1400 Christum,
1218 1345 1323 1405 quid
1344 1347 1405 1389 ibi
1423 1346 1638 1390 dicitur?«
1662 1350 1829 1390 Ascen-

440 1432 460 1453 »
497 1414 696 1457 dentium
718 1413 772 1457 de
802 1413 972 1459 lavacro
995 1434 1004 1459 ι
1030 1436 1046 1455 »
1073 1414 1117 1458 id
1148 1425 1210 1459 est
1233 1451 1243 1470 ,
1270 1415 1598 1460 ascendentium
1624 1417 1678 1460 de
1698 1432 1829 1460 mun-

437 1484 625 1529 datione.
637 1504 656 1527 «
674 1488 730 1529 Et
752 1500 902 1530 omnes
927 1486 1120 1544 geminos
1138 1496 1301 1531 creant.
1319 1490 1471 1540 »Quos
1491 1489 1716 1546 geminos?
1734 1491 1830 1550 Duo

437 1555 510 1599 illa
540 1565 754 1615 praecepta
772 1591 783 1609 ,
809 1557 855 1599 in
883 1556 1043 1616 quibus
1074 1565 1164 1601 tota
1199 1561 1287 1601 Lex
1317 1558 1478 1616 pendet
1504 1567 1547 1601 et
1580 1559 1826 1617 Prophetae.

441 1645 462 1668 «
498 1629 583 1670 Nos
607 1641 707 1683 ergo
728 1625 917 1686 populus
938 1643 1107 1686 pascuae
1130 1629 1236 1687 ejus,
1262 1638 1305 1672 et
1329 1644 1428 1672 oves
1451 1644 1662 1672 manuum
1687 1630 1827 1689 ejus.»

498 1700 599 1740 XII.
625 1700 764 1755 Ergo,
782 1717 801 1738 «
823 1697 963 1741 Hodie
981 1699 1013 1741 si
1031 1714 1181 1742 vocem
1210 1699 1300 1758 ejus
1323 1698 1588 1743 audieritis³.
1611 1718 1627 1740 »
1654 1700 1691 1743 Ο
1708 1698 1831 1759 plebs

439 1767 686 1826 mea‚plebs
705 1767 804 1811 Dei!
828 1767 1079 1827 Alloquitur
1097 1768 1270 1827 plebem
1293 1785 1414 1813 suam
1428 1773 1557 1824 Deus,
1579 1785 1668 1813 non
1691 1769 1831 1814 solum

437 1837 557 1882 illam
579 1838 752 1897 plebem
774 1854 912 1893 suam,
933 1855 1066 1899 quam
1088 1855 1177 1883 non
1196 1839 1390 1898 repellet,
1409 1839 1484 1883 sed
1504 1841 1632 1884 etiam
1657 1856 1832 1885 omnem

438 1908 612 1968 plebem
633 1925 767 1953 suam.
796 1910 1012 1969 Loquitur
1030 1910 1145 1953 enim
1168 1911 1212 1953 in
1236 1909 1395 1967 angulo
1426 1911 1601 1970 utrique
1618 1911 1769 1970 parieti
1784 1912 1800 1936 4
1816 1946 1827 1965 ,

438 1979 583 2034 idest,
604 1980 648 2022 in
667 1980 840 2024 Christo
862 1980 1089 2039 prophetia
1112 1980 1309 2040 loquitur
1332 1990 1374 2024 ct
1396 1980 1560 2040 populo
1575 1981 1831 2025 Judaeorum

439 2060 482 2094 et
500 2049 664 2109 populo
687 2051 909 2094 Gentium.
941 2070 959 2091 «
984 2050 1124 2095 Hodie
1141 2051 1174 2094 si
1197 2066 1349 2095 vocem
1366 2052 1456 2110 ejus
1478 2051 1724 2106 audieritis,
1750 2067 1832 2095 no-

442 2138 462 2161 »
496 2121 573 2164 lite
595 2120 810 2164 obdurare
847 2120 978 2165 corda
1000 2130 1155 2164 vestra.
1186 2139 1206 2161 »
1232 2121 1481 2181 Aliquando
1505 2122 1621 2164 enim
1653 2122 1830 2165 audistis

438 2207 590 2235 vocem
613 2191 728 2235 illius
746 2207 822 2250 per
845 2195 1027 2249 Moysen
1044 2227 1054 2245 ,
1073 2201 1115 2235 et
1137 2191 1382 2235 obdurastis
1408 2191 1540 2235 corda
1562 2201 1720 2235 vestra.
1748 2195 1832 2235 Per

439 2278 685 2321 praeconem
700 2262 872 2306 locutus
888 2272 965 2317 est,
979 2261 1157 2321 quando
1170 2261 1414 2306 obdurastis
1427 2263 1558 2306 corda
1573 2271 1736 2320 vestr33
1754 2278 1832 2321 per

441 2348 484 2376 sc
507 2349 625 2376 nunc
645 2333 862 2392 loquitur,
895 2332 1148 2376 mollescant
1170 2331 1300 2375 corda
1323 2341 1478 2375 vestra.
1506 2333 1587 2385 Qui
1610 2348 1830 2391 praecones

439 2412 541 2447 ante
558 2418 602 2446 se
625 2403 839 2456 mittebat,
855 2402 945 2461 ipse
963 2403 1109 2445 venire
1131 2401 1333 2459 dignatus
1356 2411 1419 2445 est
1441 2421 1449 2445 ε
1476 2417 1549 2445 ore
1571 2418 1648 2446 suo
1670 2403 1741 2446 hic
1761 2402 1830 2447 lo-

438 2474 603 2534 quitur,
621 2474 696 2533 qui
715 2472 978 2533 loquebatur
996 2488 1071 2531 per
1086 2488 1159 2516 ora
1175 2474 1506 2531 Prophetarum.
1525 2492 1544 2515 «
1562 2472 1702 2516 Hodie
1725 2488 1831 2532 ergo

440 2562 460 2584 »
495 2544 530 2587 si
552 2558 704 2587 vocem
726 2545 818 2603 ejus
836 2542 1072 2597 audieritis,
1090 2542 1222 2586 nolite
1246 2542 1461 2586 obdurare
1482 2541 1614 2586 corda
1631 2551 1819 2587 vestra.»

490 2630 665 2666 ¹Cant.1v‚
677 2628 711 2666 6,
727 2632 814 2667 etvr,
826 2627 926 2658 5.—²
941 2627 1052 2659 Matth.
1070 2638 1135 2666 xm,
1148 2635 1249 2658 21.——
1263 2626 1274 2649 3
1290 2627 1369 2657 psal.
1383 2638 1468 2665 (cuv,
1480 2627 1558 2658 8.—
1569 2623 1583 2652 4
1594 2627 1710 2669 Ephes.
1722 2638 1758 2666 n,
1769 2636 1823 2658 Qo.

1919 1451 1924 1500 ἒ

1919 1502 1924 1547 l

1919 1559 1924 1617 l

1920 1631 1924 1683 ἰ

1920 1689 1924 1731 l

1920 1741 1924 1788 l

1920 1800 1926 1849 l

1920 1857 1926 1891 ε

1921 1897 1926 1940 l

1921 1950 1926 2006 Ξ
