1926 3339
341 307 582 334 ENARRA'HO
613 308 659 333 nv
693 307 897 335 PSALMUM
931 311 1113 336 Lxxxix.
1341 302 1424 340 287

28 390 63 415 ,ιι
98 374 154 426 Ut
177 372 253 431 qui
278 371 513 430 gloriatur,
544 371 590 415 in
617 371 803 415 Domino
830 372 1064 430 glorietur¹
1094 393 1105 419 2
1132 392 1152 415 »
1185 377 1275 418 sine
1303 378 1426 436 cujus

34 441 104 502 adj
113 441 253 486 utorio
267 476 278 496 ,
296 456 373 500 per
390 441 614 485 arbitrium
638 441 873 486 voluntatis
892 444 1154 488 tentationes
1175 444 1305 503 hujus
1327 446 1426 489 vitae

38 527 239 572 superare
253 528 342 556 non
364 527 609 571 possumus.
633 531 653 553 «
678 514 742 558 Ne
761 522 942 569 avertas,
961 514 1120 574 inquit,
1136 515 1359 558 hominem
1382 515 1428 559 in

42 605 60 627 »
93 583 401 628 humilitatem.
436 586 494 627 Et
520 593 667 627 tamen
706 593 754 628 tu
795 584 969 640 dixisti,
1001 586 1317 630 Convertimini
1350 586 1429 629 filii

43 674 62 697 »
93 654 338 698 hominum.
370 674 387 695 r>
426 653 511 698 Sed
559 652 615 697 da
650 652 770 714 quod
803 656 991 715 jussisti,
1033 671 1207 715 precem
1239 656 1428 716 petentis

37 725 328 780 exaudiendo,
348 735 393 770 et
414 724 663 785 adjuvando
684 726 868 772 volentis
890 727 1038 773 fidem.

95 799 148 842 V.
178 797 433 850 «Quoniam
459 796 579 840 mille
610 798 712 841 anni
746 808 848 842 ante
879 799 1028 844 oculos
1061 809 1181 854 tuo8‚
1219 808 1429 859 tanquam

40 882 62 910 υ
95 867 184 912 dies
206 868 408 912 hesterna
425 903 436 923 ,
464 884 563 928 quae
586 869 835 928 praeteriit2.
865 888 884 911 »
914 870 1018 915 Ideo
1051 870 1262 914 debemus
1284 869 1339 914 ad
1361 885 1430 913 re-

37 938 207 998 fugium
239 948 383 993 tuum,
415 939 493 982 ubi
517 940 608 983 sine
640 939 730 983 ulla
769 939 1062 984 mutabilitate
1090 949 1141 984 tu
1172 956 1237 993 (³5,
1273 941 1328 984 ab
1361 940 1429 984 his

37 1008 399 1070 praetereuntibus
426 1008 763 1069 labentibusque
792 1011 1012 1067 converti3
1043 1011 1251 1070 quoniam
1286 1026 1430 1071 quan—

37 1079 239 1125 tumlibet
260 1079 364 1123 huic
389 1080 489 1123 vitae
511 1078 693 1138 longum
723 1089 895 1140 tempus
918 1090 1115 1140 optetur,
1145 1100 1162 1121 «
1183 1079 1304 1125 Mille
1327 1081 1430 1124 anni

41 1169 61 1192 »ι
95 1159 194 1193 ante
216 1149 364 1193 oculos
388 1159 500 1204 tuos,
520 1159 729 1210 tanquam
752 1150 843 1194 dies
862 1152 1091 1195 hesternus
1117 1162 1196 1206 est,
1222 1151 1299 1210 qui
1322 1167 1429 1210 prae-

0 1222 2 1285 ᾗ
43 1241 60 1262 n
94 1220 209 1264 teriit
235 1239 244 1265 z
267 1238 287 1261 »
317 1235 407 1264 non
428 1219 581 1264 saltem
608 1231 817 1282 tanquam
840 1221 930 1265 dies
953 1223 1166 1265 crastinus
1184 1257 1195 1276 ,
1221 1222 1297 1281 qui
1319 1238 1428 1266 ven-

40 1300 159 1335 turus
177 1299 240 1334 est
263 1310 271 1334 :
297 1291 356 1334 ita
380 1291 526 1335 onmia
549 1307 648 1350 quae
682 1292 888 1351 temporis
910 1292 996 1335 fine
1019 1292 1288 1336 clauduntur
1305 1328 1316 1347 ‚
1348 1308 1428 1352 pro

0 1362 2 1376 '
39 1362 259 1406 transactis
282 1361 483 1404 habenda
505 1370 621 1405 sunt.
651 1361 776 1406 Unde
798 1372 842 1406 et
863 1378 909 1405 ea
927 1363 1010 1406 sibi
1032 1363 1229 1422 Apostoli
1251 1371 1430 1423 postpo-

37 1432 123 1476 suit
144 1433 344 1487 intentio,
369 1448 470 1492 quae
488 1442 602 1476 retro
620 1441 722 1477 sunt
743 1432 1054 1488 obliviscentis,
1076 1434 1153 1477 ubi
1175 1433 1429 1493 temporalia

37 1513 193 1548 cuncta
216 1512 388 1563 oportet
409 1501 610 1561 intelligi,
637 1513 680 1547 et
701 1504 746 1547 in
769 1520 818 1547 ea
840 1520 941 1564 quae
962 1514 1063 1548 ante
1084 1513 1185 1548 sunt
1206 1505 1368 1548 extenti
1383 1505 1397 1530 3
1415 1539 1426 1559 ,

0 1634 1 1637 ¹
37 1591 136 1635 quae
163 1574 368 1634 appetitio
390 1583 454 1617 est
475 1583 754 1618 aeternorum.
790 1577 854 1620 Ne
878 1585 1083 1634 putarent
1111 1584 1258 1619 autem
1295 1575 1431 1635 aliqui

0 1676 1 1710 i
38 1645 153 1689 mille
181 1660 316 1689 annos
333 1645 391 1688 sic
412 1645 656 1704 computari
679 1644 799 1704 apud
828 1650 962 1688 Deum
986 1661 1064 1704 pro
1082 1661 1171 1689 uno
1194 1646 1280 1700 die,
1306 1645 1432 1706 quasi

0 1714 1 1730 ¹
37 1727 126 1762 tam
144 1716 298 1776 longos
310 1716 401 1760 dies
425 1720 538 1760 Deus
561 1717 738 1771 habeat⁷
760 1732 860 1760 cum
881 1717 966 1761 hoc
990 1716 1044 1760 ad
1063 1717 1432 1761 contemnendam

38 1788 242 1847 temporis
276 1787 602 1846 longitudinem
635 1787 803 1831 dictum
841 1788 895 1831 sit
927 1807 935 1832 :
972 1787 1073 1832 ideo
1096 1786 1294 1842 addidit,
1332 1807 1352 1829 a
1376 1791 1434 1831 Et

41 1877 61 1901 »
95 1859 205 1903 sicut
218 1859 363 1917 vigilia
386 1860 429 1903 in
449 1868 591 1903 nocte.
619 1878 639 1899 »
660 1860 773 1903 Cum
789 1858 948 1917 vigiliae
967 1859 1153 1918 spatium
1172 1874 1260 1902 non
1275 1858 1435 1902 habeat

40 1929 222 1989 amplius
256 1945 389 1990 quam
423 1938 508 1972 tres
542 1929 683 1973 horas.
719 1932 777 1972 Et
806 1939 953 1972 tamen
982 1929 1073 1972 ausi
1101 1938 1203 1972 sunt
1236 1929 1434 1972 homines

40 2015 299 2060 praesumere
321 2000 547 2044 scientiam
570 2009 844 2059 temporum3
869 1998 988 2059 quod
1027 2000 1134 2044 scire
1156 1999 1435 2058 cupientibus

37 2070 268 2130 Discipulis
288 2070 502 2115 Dominus
524 2070 582 2114 ait
603 2089 611 2114 ;
630 2090 650 2112 «
669 2073 769 2115 Non
792 2080 856 2113 est
877 2079 1070 2113 vestrum
1089 2070 1196 2113 scire
1219 2078 1431 2128 tempora,

44 2160 64 2184 »
98 2156 196 2202 quae
219 2144 346 2185 Pater
375 2141 520 2200 posuit
555 2142 600 2184 in
625 2156 700 2184 sua
732 2140 980 2200 potestate4
1007 2159 1015 2184 z
1047 2158 1066 2181 »
1102 2149 1144 2184 et
1172 2139 1438 2183 definierunt

40 2214 124 2259 hoc
141 2211 351 2257 saeculum
374 2228 445 2256 sex
467 2227 684 2256 annorum
701 2211 912 2266 millibus,
933 2221 1145 2271 tanquam
1169 2227 1239 2254 sex
1262 2211 1433 2265 diebus,

36 2299 163 2344 posse
179 2283 309 2328 finiri.
335 2286 426 2329 Nec
448 2282 732 2327 attenderunt
749 2281 871 2342 quod
888 2281 1056 2325 dictum
1070 2291 1149 2336 est,
1171 2301 1191 2323 «
1211 2284 1438 2341 Tanquam

45 2373 66 2397 >2
101 2354 190 2400 dies
223 2371 337 2399 unus
371 2354 447 2414 qui
479 2354 702 2413 praeteriit.
739 2375 756 2395 »
784 2355 882 2398 Non
911 2353 1026 2396 enim
1061 2353 1241 2412 quando
1271 2351 1439 2396 dictum

39 2434 122 2481 est,
146 2425 225 2471 soli
259 2424 379 2469 mille
408 2425 511 2468 anni
538 2425 854 2483 praeterierant.
888 2426 945 2467 Et
970 2440 1041 2467 eos
1071 2424 1254 2466 maxime
1287 2420 1442 2466 debuit

45 2497 305 2552 admonere,
341 2512 397 2540 ne
426 2505 675 2555 temporum
707 2494 970 2539 luderentur
1005 2495 1197 2549 incerto,
1228 2493 1349 2554 quod
1377 2502 1441 2536 est

50 2587 72 2612 ι(
103 2569 216 2614 sicut
235 2567 384 2627 vigilia
404 2567 453 2611 in
473 2576 616 2611 nocte.
638 2585 657 2608 »
682 2569 835 2626 Neque
856 2568 973 2610 enim
995 2566 1106 2610 sicut
1122 2565 1176 2610 de
1194 2581 1264 2610 sex
1286 2564 1441 2609 diebus

98 2661 106 2677 ¹
134 2665 146 2686 ι
166 2656 239 2688 Cor.
257 2664 281 2695 1,
304 2652 357 2685 31.
379 2669 420 2674 —
441 2659 454 2674 ²
480 2651 566 2684 Psal.
587 2650 767 2693 Lxxx1x‚4.
789 2668 827 2674 —-
856 2649 997 2694 3Phih'p.
1018 2663 1067 2692 in,
1090 2651 1138 2683 13.
1159 2667 1199 2673 —
1220 2648 1322 2683 4Act.
1344 2661 1366 2691 1,
1390 2660 1421 2691 7.
1479 2696 1486 2702 ξ
