<?xml version="1.0" encoding="UTF-8"?>
<!DOCTYPE html PUBLIC "-//W3C//DTD XHTML 1.0 Transitional//EN"
    "http://www.w3.org/TR/xhtml1/DTD/xhtml1-transitional.dtd">
<html xmlns="http://www.w3.org/1999/xhtml" xml:lang="en" lang="en">
 <head>
  <title>
</title>
<meta http-equiv="Content-Type" content="text/html;charset=utf-8" />
  <meta name='ocr-system' content='tesseract 3.04.00' />
  <meta name='ocr-capabilities' content='ocr_page ocr_carea ocr_par ocr_line ocrx_word'/>
</head>
<body>
  <div class='ocr_page' id='page_1' title='image "./operaomniaaccura10auguuoft_0451.png"; bbox 0 0 1926 3339; ppageno 0'>
   <div class='ocr_carea' id='block_1_1' title="bbox 439 295 1432 334">
    <p class='ocr_par' dir='ltr' id='par_1_1' title="bbox 439 295 1432 334">
     <span class='ocr_line' id='line_1_1' title="bbox 439 295 1432 334; baseline 0 -2"><span class='ocrx_word' id='word_1_1' title='bbox 439 303 679 334; x_wconf 74' lang='lat' dir='ltr'>ENAnnATxo</span> <span class='ocrx_word' id='word_1_2' title='bbox 711 305 755 332; x_wconf 79' lang='lat' dir='ltr'>IN</span> <span class='ocrx_word' id='word_1_3' title='bbox 791 303 992 331; x_wconf 74' lang='lat' dir='ltr'>PsALMUM</span> <span class='ocrx_word' id='word_1_4' title='bbox 1025 305 1126 331; x_wconf 77' lang='lat' dir='ltr'>xcu.</span> <span class='ocrx_word' id='word_1_5' title='bbox 1355 295 1432 332; x_wconf 81' lang='lat'>361</span> 
     </span>
    </p>
   </div>
   <div class='ocr_carea' id='block_1_2' title="bbox 4 368 1451 2625">
    <p class='ocr_par' dir='ltr' id='par_1_2' title="bbox 10 368 1444 1279">
     <span class='ocr_line' id='line_1_2' title="bbox 10 368 1438 431; baseline 0 -17"><span class='ocrx_word' id='word_1_6' title='bbox 10 368 13 371; x_wconf 73' lang='grc'><strong>’</strong></span> <span class='ocrx_word' id='word_1_7' title='bbox 55 369 277 414; x_wconf 87' lang='lat' dir='ltr'>Christum</span> <span class='ocrx_word' id='word_1_8' title='bbox 304 389 312 414; x_wconf 91' lang='lat'>:</span> <span class='ocrx_word' id='word_1_9' title='bbox 337 379 381 414; x_wconf 84' lang='lat' dir='ltr'>et</span> <span class='ocrx_word' id='word_1_10' title='bbox 401 370 554 430; x_wconf 84' lang='lat' dir='ltr'>utique</span> <span class='ocrx_word' id='word_1_11' title='bbox 576 370 653 431; x_wconf 88' lang='lat' dir='ltr'>qui</span> <span class='ocrx_word' id='word_1_12' title='bbox 674 378 801 413; x_wconf 82' lang='lat' dir='ltr'>natus</span> <span class='ocrx_word' id='word_1_13' title='bbox 824 377 888 413; x_wconf 89' lang='lat' dir='ltr'>est</span> <span class='ocrx_word' id='word_1_14' title='bbox 909 377 1010 412; x_wconf 87' lang='lat' dir='ltr'>ante</span> <span class='ocrx_word' id='word_1_15' title='bbox 1023 377 1236 428; x_wconf 85' lang='lat' dir='ltr'>tempora,</span> <span class='ocrx_word' id='word_1_16' title='bbox 1258 385 1345 413; x_wconf 90' lang='lat' dir='ltr'>non</span> <span class='ocrx_word' id='word_1_17' title='bbox 1358 386 1438 429; x_wconf 91' lang='lat' dir='ltr'>po-</span> 
     </span>
     <span class='ocr_line' id='line_1_3' title="bbox 54 439 1439 500; baseline 0.001 -17"><span class='ocrx_word' id='word_1_18' title='bbox 54 448 137 484; x_wconf 83' lang='lat' dir='ltr'>test</span> <span class='ocrx_word' id='word_1_19' title='bbox 169 439 307 484; x_wconf 84' lang='lat' dir='ltr'>videri</span> <span class='ocrx_word' id='word_1_20' title='bbox 333 449 459 484; x_wconf 83' lang='lat' dir='ltr'>natus</span> <span class='ocrx_word' id='word_1_21' title='bbox 498 456 550 484; x_wconf 77' lang='lat' dir='ltr'>ex</span> <span class='ocrx_word' id='word_1_22' title='bbox 573 450 796 499; x_wconf 71' lang='lat' dir='ltr'>tempore,</span> <span class='ocrx_word' id='word_1_23' title='bbox 822 439 924 500; x_wconf 86' lang='lat' dir='ltr'>quia</span> <span class='ocrx_word' id='word_1_24' title='bbox 949 447 992 482; x_wconf 93' lang='lat' dir='ltr'>et</span> <span class='ocrx_word' id='word_1_25' title='bbox 1023 448 1218 498; x_wconf 82' lang='lat' dir='ltr'>tempora</span> <span class='ocrx_word' id='word_1_26' title='bbox 1245 449 1439 484; x_wconf 81' lang='lat' dir='ltr'>creatura</span> 
     </span>
     <span class='ocr_line' id='line_1_4' title="bbox 53 510 1442 572; baseline 0 -17"><span class='ocrx_word' id='word_1_27' title='bbox 53 511 132 555; x_wconf 86' lang='lat' dir='ltr'>Dei</span> <span class='ocrx_word' id='word_1_28' title='bbox 150 520 265 556; x_wconf 89' lang='lat' dir='ltr'>sunt.</span> <span class='ocrx_word' id='word_1_29' title='bbox 296 514 352 556; x_wconf 88' lang='lat' dir='ltr'>Et</span> <span class='ocrx_word' id='word_1_30' title='bbox 382 512 534 572; x_wconf 86' lang='lat' dir='ltr'>utique</span> <span class='ocrx_word' id='word_1_31' title='bbox 566 512 599 556; x_wconf 90' lang='lat' dir='ltr'>si</span> <span class='ocrx_word' id='word_1_32' title='bbox 632 512 775 556; x_wconf 82' lang='lat' dir='ltr'>omnia</span> <span class='ocrx_word' id='word_1_33' title='bbox 804 526 881 571; x_wconf 83' lang='lat' dir='ltr'>per</span> <span class='ocrx_word' id='word_1_34' title='bbox 911 511 1050 570; x_wconf 82' lang='lat' dir='ltr'>ipsum</span> <span class='ocrx_word' id='word_1_35' title='bbox 1083 510 1195 555; x_wconf 82' lang='lat' dir='ltr'>facta</span> <span class='ocrx_word' id='word_1_36' title='bbox 1219 512 1362 564; x_wconf 85' lang='lat' dir='ltr'>sunt1,</span> <span class='ocrx_word' id='word_1_37' title='bbox 1398 521 1442 555; x_wconf 77' lang='lat' dir='ltr'>et</span> 
     </span>
     <span class='ocr_line' id='line_1_5' title="bbox 52 582 1441 642; baseline 0 -18"><span class='ocrx_word' id='word_1_38' title='bbox 52 589 247 641; x_wconf 85' lang='lat' dir='ltr'>tempora</span> <span class='ocrx_word' id='word_1_39' title='bbox 278 597 355 641; x_wconf 88' lang='lat' dir='ltr'>per</span> <span class='ocrx_word' id='word_1_40' title='bbox 391 582 532 642; x_wconf 82' lang='lat' dir='ltr'>ipsum</span> <span class='ocrx_word' id='word_1_41' title='bbox 562 583 676 627; x_wconf 83' lang='lat' dir='ltr'>sacta</span> <span class='ocrx_word' id='word_1_42' title='bbox 715 590 831 626; x_wconf 88' lang='lat' dir='ltr'>sunt.</span> <span class='ocrx_word' id='word_1_43' title='bbox 868 585 956 626; x_wconf 82' lang='lat' dir='ltr'>Aut</span> <span class='ocrx_word' id='word_1_44' title='bbox 987 590 1102 626; x_wconf 85' lang='lat' dir='ltr'>certe</span> <span class='ocrx_word' id='word_1_45' title='bbox 1137 590 1237 625; x_wconf 83' lang='lat' dir='ltr'>ante</span> <span class='ocrx_word' id='word_1_46' title='bbox 1265 596 1441 625; x_wconf 90' lang='lat' dir='ltr'>omnem</span> 
     </span>
     <span class='ocr_line' id='line_1_6' title="bbox 52 650 1441 713; baseline 0 -18"><span class='ocrx_word' id='word_1_47' title='bbox 52 652 269 711; x_wconf 84' lang='lat' dir='ltr'>spiritum,</span> <span class='ocrx_word' id='word_1_48' title='bbox 294 653 370 713; x_wconf 87' lang='lat' dir='ltr'>qui</span> <span class='ocrx_word' id='word_1_49' title='bbox 393 653 683 708; x_wconf 83' lang='lat' dir='ltr'>illuminatur,</span> <span class='ocrx_word' id='word_1_50' title='bbox 703 652 758 696; x_wconf 84' lang='lat' dir='ltr'>de</span> <span class='ocrx_word' id='word_1_51' title='bbox 783 652 1001 712; x_wconf 81' lang='lat' dir='ltr'>Sapientia</span> <span class='ocrx_word' id='word_1_52' title='bbox 1024 651 1129 696; x_wconf 75' lang='lat' dir='ltr'>dixit</span> <span class='ocrx_word' id='word_1_53' title='bbox 1152 671 1161 696; x_wconf 93' lang='lat'>:</span> <span class='ocrx_word' id='word_1_54' title='bbox 1187 671 1207 693; x_wconf 91' lang='lat'>«</span> <span class='ocrx_word' id='word_1_55' title='bbox 1232 655 1346 696; x_wconf 84' lang='lat' dir='ltr'>Ante</span> <span class='ocrx_word' id='word_1_56' title='bbox 1368 650 1441 695; x_wconf 88' lang='lat' dir='ltr'>lu-</span> 
     </span>
     <span class='ocr_line' id='line_1_7' title="bbox 55 722 1442 783; baseline 0.003 -19"><span class='ocrx_word' id='word_1_57' title='bbox 55 740 76 764; x_wconf 88' lang='lat'>»</span> <span class='ocrx_word' id='word_1_58' title='bbox 111 722 293 768; x_wconf 82' lang='lat' dir='ltr'>ciferum</span> <span class='ocrx_word' id='word_1_59' title='bbox 316 726 446 783; x_wconf 82' lang='lat' dir='ltr'>genui</span> <span class='ocrx_word' id='word_1_60' title='bbox 464 734 520 769; x_wconf 88' lang='lat' dir='ltr'>te.</span> <span class='ocrx_word' id='word_1_61' title='bbox 538 744 558 766; x_wconf 86' lang='lat'>»</span> <span class='ocrx_word' id='word_1_62' title='bbox 584 724 787 769; x_wconf 84' lang='lat' dir='ltr'>Intendat</span> <span class='ocrx_word' id='word_1_63' title='bbox 806 725 1003 769; x_wconf 79' lang='lat' dir='ltr'>Charitas</span> <span class='ocrx_word' id='word_1_64' title='bbox 1023 726 1189 768; x_wconf 84' lang='lat' dir='ltr'>Vestra.</span> <span class='ocrx_word' id='word_1_65' title='bbox 1209 723 1442 777; x_wconf 88' lang='lat' dir='ltr'>Quomodo</span> 
     </span>
     <span class='ocr_line' id='line_1_8' title="bbox 52 793 1442 853; baseline 0 -16"><span class='ocrx_word' id='word_1_66' title='bbox 52 809 158 852; x_wconf 84' lang='lat' dir='ltr'>ergo</span> <span class='ocrx_word' id='word_1_67' title='bbox 177 810 278 838; x_wconf 89' lang='lat' dir='ltr'>cum</span> <span class='ocrx_word' id='word_1_68' title='bbox 308 793 481 839; x_wconf 77' lang='lat' dir='ltr'>dixisset</span> <span class='ocrx_word' id='word_1_69' title='bbox 508 814 516 840; x_wconf 90' lang='lat'><strong>:</strong></span> <span class='ocrx_word' id='word_1_70' title='bbox 540 815 558 836; x_wconf 90' lang='lat'>«</span> <span class='ocrx_word' id='word_1_71' title='bbox 584 798 648 838; x_wconf 80' lang='lat' dir='ltr'>Ex</span> <span class='ocrx_word' id='word_1_72' title='bbox 675 803 799 838; x_wconf 86' lang='lat' dir='ltr'>utero</span> <span class='ocrx_word' id='word_1_73' title='bbox 818 830 828 849; x_wconf 88' lang='lat'>,</span> <span class='ocrx_word' id='word_1_74' title='bbox 858 812 878 834; x_wconf 62' lang='lat'>³&gt;</span> <span class='ocrx_word' id='word_1_75' title='bbox 914 794 1051 838; x_wconf 85' lang='lat' dir='ltr'>veluti</span> <span class='ocrx_word' id='word_1_76' title='bbox 1072 810 1318 853; x_wconf 76' lang='lat' dir='ltr'>praecavens</span> <span class='ocrx_word' id='word_1_77' title='bbox 1342 793 1442 837; x_wconf 82' lang='lat' dir='ltr'>fidei</span> 
     </span>
     <span class='ocr_line' id='line_1_9' title="bbox 52 864 1442 924; baseline -0.001 -17"><span class='ocrx_word' id='word_1_78' title='bbox 52 873 233 918; x_wconf 82' lang='lat' dir='ltr'>nostrae,</span> <span class='ocrx_word' id='word_1_79' title='bbox 269 880 325 908; x_wconf 87' lang='lat' dir='ltr'>ne</span> <span class='ocrx_word' id='word_1_80' title='bbox 347 864 450 908; x_wconf 83' lang='lat' dir='ltr'>inde</span> <span class='ocrx_word' id='word_1_81' title='bbox 472 874 722 924; x_wconf 79' lang='lat' dir='ltr'>putaremus</span> <span class='ocrx_word' id='word_1_82' title='bbox 755 864 935 923; x_wconf 83' lang='lat' dir='ltr'>coepisse</span> <span class='ocrx_word' id='word_1_83' title='bbox 957 864 1176 909; x_wconf 79' lang='lat' dir='ltr'>Christum</span> <span class='ocrx_word' id='word_1_84' title='bbox 1199 880 1252 907; x_wconf 86' lang='lat' dir='ltr'>ex</span> <span class='ocrx_word' id='word_1_85' title='bbox 1272 879 1360 923; x_wconf 87' lang='lat' dir='ltr'>quo</span> <span class='ocrx_word' id='word_1_86' title='bbox 1391 879 1442 906; x_wconf 82' lang='lat' dir='ltr'>ex</span> 
     </span>
     <span class='ocr_line' id='line_1_10' title="bbox 51 932 1439 994; baseline -0.001 -16"><span class='ocrx_word' id='word_1_87' title='bbox 51 943 175 979; x_wconf 83' lang='lat' dir='ltr'>utero</span> <span class='ocrx_word' id='word_1_88' title='bbox 199 935 389 994; x_wconf 80' lang='lat' dir='ltr'>Virginis</span> <span class='ocrx_word' id='word_1_89' title='bbox 411 945 538 979; x_wconf 83' lang='lat' dir='ltr'>natus</span> <span class='ocrx_word' id='word_1_90' title='bbox 556 944 635 990; x_wconf 80' lang='lat' dir='ltr'>est,</span> <span class='ocrx_word' id='word_1_91' title='bbox 661 934 844 994; x_wconf 83' lang='lat' dir='ltr'>subjecit</span> <span class='ocrx_word' id='word_1_92' title='bbox 866 934 1056 988; x_wconf 83' lang='lat' dir='ltr'>statim,«</span> <span class='ocrx_word' id='word_1_93' title='bbox 1081 938 1194 979; x_wconf 81' lang='lat' dir='ltr'>Ante</span> <span class='ocrx_word' id='word_1_94' title='bbox 1210 932 1439 977; x_wconf 85' lang='lat' dir='ltr'>luciferum</span> 
     </span>
     <span class='ocr_line' id='line_1_11' title="bbox 53 1003 1440 1063; baseline -0.001 -15"><span class='ocrx_word' id='word_1_95' title='bbox 53 1023 74 1046; x_wconf 89' lang='lat'>»</span> <span class='ocrx_word' id='word_1_96' title='bbox 110 1006 240 1063; x_wconf 82' lang='lat' dir='ltr'>genui</span> <span class='ocrx_word' id='word_1_97' title='bbox 260 1014 301 1049; x_wconf 83' lang='lat' dir='ltr'>te.</span> <span class='ocrx_word' id='word_1_98' title='bbox 321 1025 329 1049; x_wconf 90' lang='lat'>:</span> <span class='ocrx_word' id='word_1_99' title='bbox 360 1024 378 1046; x_wconf 88' lang='lat'>»</span> <span class='ocrx_word' id='word_1_100' title='bbox 405 1006 464 1050; x_wconf 88' lang='lat' dir='ltr'>sic</span> <span class='ocrx_word' id='word_1_101' title='bbox 487 1015 530 1049; x_wconf 92' lang='lat' dir='ltr'>et</span> <span class='ocrx_word' id='word_1_102' title='bbox 545 1006 615 1049; x_wconf 88' lang='lat' dir='ltr'>hic</span> <span class='ocrx_word' id='word_1_103' title='bbox 637 1020 737 1049; x_wconf 85' lang='lat' dir='ltr'>cum</span> <span class='ocrx_word' id='word_1_104' title='bbox 758 1005 947 1058; x_wconf 77' lang='lat' dir='ltr'>dixisset,</span> <span class='ocrx_word' id='word_1_105' title='bbox 976 1024 995 1046; x_wconf 89' lang='lat'>«</span> <span class='ocrx_word' id='word_1_106' title='bbox 1020 1007 1085 1048; x_wconf 84' lang='lat' dir='ltr'>Ex</span> <span class='ocrx_word' id='word_1_107' title='bbox 1107 1004 1182 1048; x_wconf 86' lang='lat' dir='ltr'>illo</span> <span class='ocrx_word' id='word_1_108' title='bbox 1199 1040 1209 1059; x_wconf 94' lang='lat'>,</span> <span class='ocrx_word' id='word_1_109' title='bbox 1239 1023 1258 1044; x_wconf 88' lang='lat'>»</span> <span class='ocrx_word' id='word_1_110' title='bbox 1288 1003 1334 1047; x_wconf 88' lang='lat' dir='ltr'>id</span> <span class='ocrx_word' id='word_1_111' title='bbox 1360 1013 1440 1059; x_wconf 81' lang='lat' dir='ltr'>est,</span> 
     </span>
     <span class='ocr_line' id='line_1_12' title="bbox 50 1073 1442 1135; baseline -0.001 -16"><span class='ocrx_word' id='word_1_112' title='bbox 50 1090 102 1119; x_wconf 84' lang='lat' dir='ltr'>ex</span> <span class='ocrx_word' id='word_1_113' title='bbox 125 1075 316 1135; x_wconf 80' lang='lat' dir='ltr'>quodam</span> <span class='ocrx_word' id='word_1_114' title='bbox 340 1085 551 1135; x_wconf 81' lang='lat' dir='ltr'>tempore,</span> <span class='ocrx_word' id='word_1_115' title='bbox 580 1092 632 1119; x_wconf 78' lang='lat' dir='ltr'>ex</span> <span class='ocrx_word' id='word_1_116' title='bbox 656 1074 725 1119; x_wconf 89' lang='lat' dir='ltr'>die</span> <span class='ocrx_word' id='word_1_117' title='bbox 753 1084 855 1119; x_wconf 86' lang='lat' dir='ltr'>ante</span> <span class='ocrx_word' id='word_1_118' title='bbox 873 1075 1121 1129; x_wconf 79' lang='lat' dir='ltr'>sabbatum,</span> <span class='ocrx_word' id='word_1_119' title='bbox 1146 1090 1198 1118; x_wconf 80' lang='lat' dir='ltr'>ex</span> <span class='ocrx_word' id='word_1_120' title='bbox 1226 1073 1298 1118; x_wconf 78' lang='lat' dir='ltr'>illa</span> <span class='ocrx_word' id='word_1_121' title='bbox 1327 1084 1442 1117; x_wconf 82' lang='lat' dir='ltr'>sexta</span> 
     </span>
     <span class='ocr_line' id='line_1_13' title="bbox 51 1146 1444 1208; baseline -0.001 -18"><span class='ocrx_word' id='word_1_122' title='bbox 51 1155 178 1190; x_wconf 76' lang='lat' dir='ltr'>aetate</span> <span class='ocrx_word' id='word_1_123' title='bbox 196 1147 366 1201; x_wconf 77' lang='lat' dir='ltr'>mundi,</span> <span class='ocrx_word' id='word_1_124' title='bbox 390 1147 568 1208; x_wconf 84' lang='lat' dir='ltr'>quando</span> <span class='ocrx_word' id='word_1_125' title='bbox 590 1147 710 1191; x_wconf 83' lang='lat' dir='ltr'>venit</span> <span class='ocrx_word' id='word_1_126' title='bbox 727 1147 938 1191; x_wconf 89' lang='lat' dir='ltr'>Dominus</span> <span class='ocrx_word' id='word_1_127' title='bbox 959 1147 1172 1201; x_wconf 79' lang='lat' dir='ltr'>Christus,</span> <span class='ocrx_word' id='word_1_128' title='bbox 1194 1155 1237 1190; x_wconf 84' lang='lat' dir='ltr'>et</span> <span class='ocrx_word' id='word_1_129' title='bbox 1252 1146 1296 1189; x_wconf 89' lang='lat' dir='ltr'>in</span> <span class='ocrx_word' id='word_1_130' title='bbox 1315 1161 1444 1189; x_wconf 79' lang='lat' dir='ltr'>carne</span> 
     </span>
     <span class='ocr_line' id='line_1_14' title="bbox 49 1217 1439 1279; baseline -0.001 -18"><span class='ocrx_word' id='word_1_131' title='bbox 49 1227 177 1262; x_wconf 83' lang='lat' dir='ltr'>natus</span> <span class='ocrx_word' id='word_1_132' title='bbox 200 1228 287 1274; x_wconf 84' lang='lat' dir='ltr'>est,</span> <span class='ocrx_word' id='word_1_133' title='bbox 320 1220 421 1279; x_wconf 72' lang='lat' dir='ltr'>qnia</span> <span class='ocrx_word' id='word_1_134' title='bbox 451 1219 654 1277; x_wconf 72' lang='lat' dir='ltr'>dignatus</span> <span class='ocrx_word' id='word_1_135' title='bbox 690 1227 779 1273; x_wconf 87' lang='lat' dir='ltr'>est,</span> <span class='ocrx_word' id='word_1_136' title='bbox 805 1219 937 1262; x_wconf 90' lang='lat' dir='ltr'>homo</span> <span class='ocrx_word' id='word_1_137' title='bbox 964 1217 1104 1262; x_wconf 85' lang='lat' dir='ltr'>factus</span> <span class='ocrx_word' id='word_1_138' title='bbox 1133 1226 1308 1276; x_wconf 80' lang='lat' dir='ltr'>propter</span> <span class='ocrx_word' id='word_1_139' title='bbox 1335 1233 1439 1271; x_wconf 80' lang='lat' dir='ltr'>nos,</span> 
     </span>
    </p>

    <p class='ocr_par' dir='ltr' id='par_1_3' title="bbox 10 1287 1444 2128">
     <span class='ocr_line' id='line_1_15' title="bbox 50 1287 1442 1344; baseline -0.001 -12"><span class='ocrx_word' id='word_1_140' title='bbox 50 1291 165 1333; x_wconf 87' lang='lat' dir='ltr'>Deus</span> <span class='ocrx_word' id='word_1_141' title='bbox 197 1306 286 1334; x_wconf 85' lang='lat' dir='ltr'>non</span> <span class='ocrx_word' id='word_1_142' title='bbox 310 1290 452 1334; x_wconf 79' lang='lat' dir='ltr'>solum</span> <span class='ocrx_word' id='word_1_143' title='bbox 484 1300 582 1334; x_wconf 73' lang='lat' dir='ltr'>ante</span> <span class='ocrx_word' id='word_1_144' title='bbox 615 1290 855 1344; x_wconf 80' lang='lat' dir='ltr'>Abraham,</span> <span class='ocrx_word' id='word_1_145' title='bbox 881 1288 956 1333; x_wconf 87' lang='lat' dir='ltr'>sed</span> <span class='ocrx_word' id='word_1_146' title='bbox 979 1298 1079 1332; x_wconf 86' lang='lat' dir='ltr'>ante</span> <span class='ocrx_word' id='word_1_147' title='bbox 1101 1287 1263 1333; x_wconf 83' lang='lat' dir='ltr'>coelum</span> <span class='ocrx_word' id='word_1_148' title='bbox 1288 1298 1332 1332; x_wconf 76' lang='lat' dir='ltr'>et</span> <span class='ocrx_word' id='word_1_149' title='bbox 1357 1298 1442 1331; x_wconf 89' lang='lat' dir='ltr'>ter-</span> 
     </span>
     <span class='ocr_line' id='line_1_16' title="bbox 10 1350 1443 1421; baseline -0.001 -18"><span class='ocrx_word' id='word_1_150' title='bbox 10 1350 12 1353; x_wconf 24' lang='lat'>*</span> <span class='ocrx_word' id='word_1_151' title='bbox 49 1375 157 1416; x_wconf 83' lang='lat' dir='ltr'>ram,</span> <span class='ocrx_word' id='word_1_152' title='bbox 178 1362 253 1421; x_wconf 87' lang='lat' dir='ltr'>qui</span> <span class='ocrx_word' id='word_1_153' title='bbox 276 1362 383 1406; x_wconf 76' lang='lat' dir='ltr'>dixit</span> <span class='ocrx_word' id='word_1_154' title='bbox 407 1382 415 1407; x_wconf 90' lang='lat'>:</span> <span class='ocrx_word' id='word_1_155' title='bbox 441 1382 461 1404; x_wconf 86' lang='lat'>«</span> <span class='ocrx_word' id='word_1_156' title='bbox 489 1366 602 1406; x_wconf 76' lang='lat' dir='ltr'>Ante</span> <span class='ocrx_word' id='word_1_157' title='bbox 626 1362 846 1405; x_wconf 80' lang='lat' dir='ltr'>Abraham</span> <span class='ocrx_word' id='word_1_158' title='bbox 860 1377 940 1419; x_wconf 81' lang='lat' dir='ltr'>ego</span> <span class='ocrx_word' id='word_1_159' title='bbox 963 1376 1057 1405; x_wconf 86' lang='lat' dir='ltr'>sum</span> <span class='ocrx_word' id='word_1_160' title='bbox 1076 1364 1092 1387; x_wconf 70' lang='lat'><strong>2</strong></span> <span class='ocrx_word' id='word_1_161' title='bbox 1116 1380 1123 1405; x_wconf 93' lang='lat'>:</span> <span class='ocrx_word' id='word_1_162' title='bbox 1153 1379 1172 1401; x_wconf 84' lang='lat'>»</span> <span class='ocrx_word' id='word_1_163' title='bbox 1196 1376 1285 1404; x_wconf 90' lang='lat' dir='ltr'>non</span> <span class='ocrx_word' id='word_1_164' title='bbox 1302 1359 1443 1403; x_wconf 83' lang='lat' dir='ltr'>solum</span> 
     </span>
     <span class='ocr_line' id='line_1_17' title="bbox 42 1431 1439 1489; baseline -0.001 -14"><span class='ocrx_word' id='word_1_165' title='bbox 42 1441 150 1476; x_wconf 70' lang='lat' dir='ltr'>⁴ante</span> <span class='ocrx_word' id='word_1_166' title='bbox 171 1433 392 1476; x_wconf 78' lang='lat' dir='ltr'>Abraham</span> <span class='ocrx_word' id='word_1_167' title='bbox 407 1469 418 1487; x_wconf 83' lang='lat'>,</span> <span class='ocrx_word' id='word_1_168' title='bbox 450 1433 525 1476; x_wconf 87' lang='lat' dir='ltr'>sed</span> <span class='ocrx_word' id='word_1_169' title='bbox 557 1442 658 1477; x_wconf 79' lang='lat' dir='ltr'>ante</span> <span class='ocrx_word' id='word_1_170' title='bbox 681 1432 851 1489; x_wconf 66' lang='lat' dir='ltr'>Adam,</span> <span class='ocrx_word' id='word_1_171' title='bbox 881 1448 969 1476; x_wconf 89' lang='lat' dir='ltr'>non</span> <span class='ocrx_word' id='word_1_172' title='bbox 994 1432 1134 1476; x_wconf 85' lang='lat' dir='ltr'>solum</span> <span class='ocrx_word' id='word_1_173' title='bbox 1157 1441 1258 1475; x_wconf 77' lang='lat' dir='ltr'>ante</span> <span class='ocrx_word' id='word_1_174' title='bbox 1282 1431 1439 1486; x_wconf 82' lang='lat' dir='ltr'>Adam,</span> 
     </span>
     <span class='ocr_line' id='line_1_18' title="bbox 47 1502 1442 1562; baseline -0.001 -16"><span class='ocrx_word' id='word_1_175' title='bbox 47 1502 123 1547; x_wconf 86' lang='lat' dir='ltr'>scd</span> <span class='ocrx_word' id='word_1_176' title='bbox 141 1512 241 1546; x_wconf 84' lang='lat' dir='ltr'>ante</span> <span class='ocrx_word' id='word_1_177' title='bbox 263 1519 413 1547; x_wconf 87' lang='lat' dir='ltr'>omnes</span> <span class='ocrx_word' id='word_1_178' title='bbox 436 1503 642 1562; x_wconf 79' lang='lat' dir='ltr'>Angelos,</span> <span class='ocrx_word' id='word_1_179' title='bbox 668 1513 768 1548; x_wconf 80' lang='lat' dir='ltr'>ante</span> <span class='ocrx_word' id='word_1_180' title='bbox 786 1502 949 1547; x_wconf 70' lang='lat' dir='ltr'>coelum</span> <span class='ocrx_word' id='word_1_181' title='bbox 972 1512 1015 1546; x_wconf 85' lang='lat' dir='ltr'>et</span> <span class='ocrx_word' id='word_1_182' title='bbox 1037 1513 1211 1556; x_wconf 83' lang='lat' dir='ltr'>terram,</span> <span class='ocrx_word' id='word_1_183' title='bbox 1227 1502 1329 1562; x_wconf 83' lang='lat' dir='ltr'>quia</span> <span class='ocrx_word' id='word_1_184' title='bbox 1346 1517 1442 1546; x_wconf 85' lang='lat' dir='ltr'>om-</span> 
     </span>
     <span class='ocr_line' id='line_1_19' title="bbox 48 1571 1443 1633; baseline -0.001 -17"><span class='ocrx_word' id='word_1_185' title='bbox 48 1573 119 1617; x_wconf 81' lang='lat' dir='ltr'>nia</span> <span class='ocrx_word' id='word_1_186' title='bbox 150 1588 227 1632; x_wconf 84' lang='lat' dir='ltr'>per</span> <span class='ocrx_word' id='word_1_187' title='bbox 254 1574 396 1632; x_wconf 85' lang='lat' dir='ltr'>ipsum</span> <span class='ocrx_word' id='word_1_188' title='bbox 438 1573 550 1617; x_wconf 78' lang='lat' dir='ltr'>facta</span> <span class='ocrx_word' id='word_1_189' title='bbox 579 1575 711 1617; x_wconf 86' lang='lat' dir='ltr'>sunt3</span> <span class='ocrx_word' id='word_1_190' title='bbox 752 1593 760 1617; x_wconf 79' lang='lat'>2</span> <span class='ocrx_word' id='word_1_191' title='bbox 801 1573 1013 1633; x_wconf 78' lang='lat' dir='ltr'>subjecit,</span> <span class='ocrx_word' id='word_1_192' title='bbox 1048 1589 1102 1617; x_wconf 92' lang='lat' dir='ltr'>ne</span> <span class='ocrx_word' id='word_1_193' title='bbox 1130 1582 1180 1616; x_wconf 92' lang='lat' dir='ltr'>tu</span> <span class='ocrx_word' id='word_1_194' title='bbox 1213 1571 1443 1616; x_wconf 87' lang='lat' dir='ltr'>intendens</span> 
     </span>
     <span class='ocr_line' id='line_1_20' title="bbox 49 1643 1444 1705; baseline 0 -18"><span class='ocrx_word' id='word_1_195' title='bbox 49 1643 162 1688; x_wconf 87' lang='lat' dir='ltr'>diem</span> <span class='ocrx_word' id='word_1_196' title='bbox 185 1645 420 1689; x_wconf 84' lang='lat' dir='ltr'>nativitatis</span> <span class='ocrx_word' id='word_1_197' title='bbox 445 1645 619 1689; x_wconf 85' lang='lat' dir='ltr'>Domini</span> <span class='ocrx_word' id='word_1_198' title='bbox 644 1660 693 1688; x_wconf 83' lang='lat' dir='ltr'>ex</span> <span class='ocrx_word' id='word_1_199' title='bbox 730 1661 819 1705; x_wconf 80' lang='lat' dir='ltr'>quo</span> <span class='ocrx_word' id='word_1_200' title='bbox 846 1654 973 1688; x_wconf 83' lang='lat' dir='ltr'>natus</span> <span class='ocrx_word' id='word_1_201' title='bbox 991 1653 1079 1699; x_wconf 83' lang='lat' dir='ltr'>est,</span> <span class='ocrx_word' id='word_1_202' title='bbox 1108 1653 1282 1703; x_wconf 81' lang='lat' dir='ltr'>putares</span> <span class='ocrx_word' id='word_1_203' title='bbox 1297 1659 1347 1686; x_wconf 78' lang='lat' dir='ltr'>ex</span> <span class='ocrx_word' id='word_1_204' title='bbox 1368 1643 1444 1687; x_wconf 90' lang='lat' dir='ltr'>illo</span> 
     </span>
     <span class='ocr_line' id='line_1_21' title="bbox 48 1715 1444 1774; baseline -0.001 -15"><span class='ocrx_word' id='word_1_205' title='bbox 48 1730 138 1759; x_wconf 85' lang='lat' dir='ltr'>csse</span> <span class='ocrx_word' id='word_1_206' title='bbox 162 1715 366 1774; x_wconf 85' lang='lat' dir='ltr'>coepisse:</span> <span class='ocrx_word' id='word_1_207' title='bbox 383 1735 401 1756; x_wconf 95' lang='lat'>«</span> <span class='ocrx_word' id='word_1_208' title='bbox 420 1719 573 1760; x_wconf 84' lang='lat' dir='ltr'>Parata</span> <span class='ocrx_word' id='word_1_209' title='bbox 588 1725 651 1760; x_wconf 88' lang='lat' dir='ltr'>est</span> <span class='ocrx_word' id='word_1_210' title='bbox 670 1715 792 1759; x_wconf 83' lang='lat' dir='ltr'>sedes</span> <span class='ocrx_word' id='word_1_211' title='bbox 809 1725 900 1768; x_wconf 89' lang='lat' dir='ltr'>tua,</span> <span class='ocrx_word' id='word_1_212' title='bbox 916 1718 1076 1759; x_wconf 85' lang='lat' dir='ltr'>Deus.»</span> <span class='ocrx_word' id='word_1_213' title='bbox 1096 1715 1179 1760; x_wconf 89' lang='lat' dir='ltr'>Sed</span> <span class='ocrx_word' id='word_1_214' title='bbox 1191 1715 1288 1774; x_wconf 85' lang='lat' dir='ltr'>quis</span> <span class='ocrx_word' id='word_1_215' title='bbox 1302 1716 1444 1758; x_wconf 79' lang='lat' dir='ltr'>Deus?</span> 
     </span>
     <span class='ocr_line' id='line_1_22' title="bbox 57 1784 1444 1830; baseline 0 -3"><span class='ocrx_word' id='word_1_216' title='bbox 57 1805 76 1827; x_wconf 87' lang='lat'>«</span> <span class='ocrx_word' id='word_1_217' title='bbox 108 1789 146 1830; x_wconf 87' lang='grc' dir='ltr'><strong>Α</strong></span> <span class='ocrx_word' id='word_1_218' title='bbox 181 1785 341 1830; x_wconf 77' lang='lat' dir='ltr'>saeculo</span> <span class='ocrx_word' id='word_1_219' title='bbox 384 1797 429 1829; x_wconf 81' lang='lat' dir='ltr'>tu</span> <span class='ocrx_word' id='word_1_220' title='bbox 454 1802 497 1830; x_wconf 88' lang='lat' dir='ltr'>es</span> <span class='ocrx_word' id='word_1_221' title='bbox 524 1806 531 1830; x_wconf 90' lang='lat'>:</span> <span class='ocrx_word' id='word_1_222' title='bbox 557 1805 576 1827; x_wconf 71' lang='lat' dir='ltr'>n</span> <span class='ocrx_word' id='word_1_223' title='bbox 611 1786 666 1830; x_wconf 81' lang='lat' dir='ltr'>ab</span> <span class='ocrx_word' id='word_1_224' title='bbox 695 1795 860 1830; x_wconf 83' lang='lat' dir='ltr'>aeterno</span> <span class='ocrx_word' id='word_1_225' title='bbox 885 1784 994 1829; x_wconf 78' lang='lat' dir='ltr'>dixit</span> <span class='ocrx_word' id='word_1_226' title='bbox 1025 1792 1086 1823; x_wconf 61' lang='grc' dir='ltr'>ἀπὸ</span> <span class='ocrx_word' id='word_1_227' title='bbox 1105 1791 1213 1829; x_wconf 70' lang='grc' dir='ltr'>αἰῶνες</span> <span class='ocrx_word' id='word_1_228' title='bbox 1239 1804 1247 1828; x_wconf 90' lang='lat'>:</span> <span class='ocrx_word' id='word_1_229' title='bbox 1286 1786 1344 1828; x_wconf 90' lang='lat' dir='ltr'>sic</span> <span class='ocrx_word' id='word_1_230' title='bbox 1365 1785 1444 1828; x_wconf 89' lang='lat' dir='ltr'>ha-</span> 
     </span>
     <span class='ocr_line' id='line_1_23' title="bbox 50 1854 1443 1916; baseline -0.001 -17"><span class='ocrx_word' id='word_1_231' title='bbox 50 1856 126 1899; x_wconf 89' lang='lat' dir='ltr'>bet</span> <span class='ocrx_word' id='word_1_232' title='bbox 159 1871 324 1914; x_wconf 60' lang='lat' dir='ltr'>graecus</span> <span class='ocrx_word' id='word_1_233' title='bbox 362 1864 437 1896; x_wconf 67' lang='grc' dir='ltr'>αἰών</span> <span class='ocrx_word' id='word_1_234' title='bbox 468 1856 704 1916; x_wconf 77' lang='lat' dir='ltr'>aliquando</span> <span class='ocrx_word' id='word_1_235' title='bbox 735 1855 944 1899; x_wconf 64' lang='lat' dir='ltr'>saeculum</span> <span class='ocrx_word' id='word_1_236' title='bbox 966 1855 1170 1915; x_wconf 84' lang='lat' dir='ltr'>ponitur,</span> <span class='ocrx_word' id='word_1_237' title='bbox 1207 1854 1443 1914; x_wconf 81' lang='lat' dir='ltr'>aliquando</span> 
     </span>
     <span class='ocr_line' id='line_1_24' title="bbox 47 1925 1443 1988; baseline -0.001 -17"><span class='ocrx_word' id='word_1_238' title='bbox 47 1937 260 1971; x_wconf 84' lang='lat' dir='ltr'>aeternum</span> <span class='ocrx_word' id='word_1_239' title='bbox 284 1929 478 1988; x_wconf 78' lang='lat' dir='ltr'>ponitur.</span> <span class='ocrx_word' id='word_1_240' title='bbox 512 1931 628 1986; x_wconf 78' lang='lat' dir='ltr'>Ergo</span> <span class='ocrx_word' id='word_1_241' title='bbox 651 1944 676 1972; x_wconf 92' lang='lat' dir='ltr'>o</span> <span class='ocrx_word' id='word_1_242' title='bbox 700 1937 748 1971; x_wconf 90' lang='lat' dir='ltr'>tu</span> <span class='ocrx_word' id='word_1_243' title='bbox 770 1927 845 1988; x_wconf 87' lang='lat' dir='ltr'>qui</span> <span class='ocrx_word' id='word_1_244' title='bbox 869 1943 919 1971; x_wconf 82' lang='lat' dir='ltr'>ex</span> <span class='ocrx_word' id='word_1_245' title='bbox 940 1926 1016 1971; x_wconf 83' lang='lat' dir='ltr'>illo</span> <span class='ocrx_word' id='word_1_246' title='bbox 1037 1925 1197 1969; x_wconf 83' lang='lat' dir='ltr'>videris</span> <span class='ocrx_word' id='word_1_247' title='bbox 1222 1935 1365 1979; x_wconf 80' lang='lat' dir='ltr'>natus,</span> <span class='ocrx_word' id='word_1_248' title='bbox 1391 1941 1443 1969; x_wconf 75' lang='lat' dir='ltr'>ex</span> 
     </span>
     <span class='ocr_line' id='line_1_25' title="bbox 47 1995 1444 2053; baseline -0.002 -11"><span class='ocrx_word' id='word_1_249' title='bbox 47 2007 210 2042; x_wconf 82' lang='lat' dir='ltr'>aeterno</span> <span class='ocrx_word' id='word_1_250' title='bbox 244 2014 302 2043; x_wconf 89' lang='lat' dir='ltr'>es.</span> <span class='ocrx_word' id='word_1_251' title='bbox 340 2001 438 2043; x_wconf 88' lang='lat' dir='ltr'>Non</span> <span class='ocrx_word' id='word_1_252' title='bbox 465 2008 610 2042; x_wconf 83' lang='lat' dir='ltr'>autem</span> <span class='ocrx_word' id='word_1_253' title='bbox 644 1999 844 2042; x_wconf 79' lang='lat' dir='ltr'>nativitas</span> <span class='ocrx_word' id='word_1_254' title='bbox 875 1999 1068 2041; x_wconf 82' lang='lat' dir='ltr'>humana</span> <span class='ocrx_word' id='word_1_255' title='bbox 1098 1997 1336 2053; x_wconf 76' lang='lat' dir='ltr'>cogitetur,</span> <span class='ocrx_word' id='word_1_256' title='bbox 1367 1995 1444 2039; x_wconf 77' lang='lat' dir='ltr'>sed</span> 
     </span>
     <span class='ocr_line' id='line_1_26' title="bbox 47 2069 1440 2128; baseline -0.002 -15"><span class='ocrx_word' id='word_1_257' title='bbox 47 2069 262 2128; x_wconf 79' lang='lat' dir='ltr'>cogitetur</span> <span class='ocrx_word' id='word_1_258' title='bbox 284 2070 502 2113; x_wconf 73' lang='lat' dir='ltr'>aeternitas</span> <span class='ocrx_word' id='word_1_259' title='bbox 521 2070 681 2113; x_wconf 84' lang='lat' dir='ltr'>divina.</span> <span class='ocrx_word' id='word_1_260' title='bbox 708 2073 825 2128; x_wconf 80' lang='lat' dir='ltr'>Ergo</span> <span class='ocrx_word' id='word_1_261' title='bbox 856 2070 1005 2128; x_wconf 64' lang='lat' dir='ltr'>coepit,</span> <span class='ocrx_word' id='word_1_262' title='bbox 1030 2084 1082 2112; x_wconf 78' lang='lat' dir='ltr'>ex</span> <span class='ocrx_word' id='word_1_263' title='bbox 1100 2083 1188 2127; x_wconf 81' lang='lat' dir='ltr'>quo</span> <span class='ocrx_word' id='word_1_264' title='bbox 1211 2076 1338 2110; x_wconf 86' lang='lat' dir='ltr'>natus</span> <span class='ocrx_word' id='word_1_265' title='bbox 1362 2077 1440 2119; x_wconf 83' lang='lat' dir='ltr'>est,</span> 
     </span>
    </p>

    <p class='ocr_par' dir='ltr' id='par_1_4' title="bbox 4 2137 1451 2342">
     <span class='ocr_line' id='line_1_27' title="bbox 47 2137 1444 2199; baseline -0.002 -15"><span class='ocrx_word' id='word_1_266' title='bbox 47 2140 182 2184; x_wconf 86' lang='lat' dir='ltr'>crevit</span> <span class='ocrx_word' id='word_1_267' title='bbox 209 2139 414 2184; x_wconf 80' lang='lat' dir='ltr'>:audistis</span> <span class='ocrx_word' id='word_1_268' title='bbox 440 2139 749 2199; x_wconf 78' lang='lat' dir='ltr'>Evangelium.</span> <span class='ocrx_word' id='word_1_269' title='bbox 777 2139 920 2198; x_wconf 73' lang='lat' dir='ltr'>Elegit</span> <span class='ocrx_word' id='word_1_270' title='bbox 952 2138 1220 2198; x_wconf 73' lang='lat' dir='ltr'>DiscipuiOS,</span> <span class='ocrx_word' id='word_1_271' title='bbox 1246 2137 1444 2197; x_wconf 82' lang='lat' dir='ltr'>implevit</span> 
     </span>
     <span class='ocr_line' id='line_1_28' title="bbox 4 2197 1451 2270; baseline -0.002 -16"><span class='ocrx_word' id='word_1_272' title='bbox 4 2197 12 2205; x_wconf 28' lang='lat'><strong><em>¹</em></strong></span> <span class='ocrx_word' id='word_1_273' title='bbox 46 2209 157 2265; x_wconf 88' lang='lat' dir='ltr'>illos,</span> <span class='ocrx_word' id='word_1_274' title='bbox 193 2221 423 2270; x_wconf 80' lang='lat' dir='ltr'>coeperunt</span> <span class='ocrx_word' id='word_1_275' title='bbox 447 2211 687 2270; x_wconf 63' lang='lat' dir='ltr'>praedicare</span> <span class='ocrx_word' id='word_1_276' title='bbox 715 2209 938 2270; x_wconf 80' lang='lat' dir='ltr'>Discipuli.</span> <span class='ocrx_word' id='word_1_277' title='bbox 966 2213 1096 2253; x_wconf 85' lang='lat' dir='ltr'>Forte</span> <span class='ocrx_word' id='word_1_278' title='bbox 1124 2210 1208 2252; x_wconf 88' lang='lat' dir='ltr'>hoc</span> <span class='ocrx_word' id='word_1_279' title='bbox 1236 2218 1299 2252; x_wconf 85' lang='lat' dir='ltr'>cst</span> <span class='ocrx_word' id='word_1_280' title='bbox 1323 2207 1451 2267; x_wconf 77' lang='lat' dir='ltr'>quod</span> 
     </span>
     <span class='ocr_line' id='line_1_29' title="bbox 48 2283 499 2342; baseline 0.002 -17"><span class='ocrx_word' id='word_1_281' title='bbox 48 2293 365 2342; x_wconf 85' lang='lat' dir='ltr'>consequenter</span> <span class='ocrx_word' id='word_1_282' title='bbox 381 2283 499 2327; x_wconf 88' lang='lat' dir='ltr'>dicit.</span> 
     </span>
    </p>

    <p class='ocr_par' dir='ltr' id='par_1_5' title="bbox 49 2352 1444 2625">
     <span class='ocr_line' id='line_1_30' title="bbox 109 2352 1444 2404; baseline -0.001 -9"><span class='ocrx_word' id='word_1_283' title='bbox 109 2355 206 2396; x_wconf 85' lang='lat' dir='ltr'>VII.</span> <span class='ocrx_word' id='word_1_284' title='bbox 238 2372 258 2395; x_wconf 89' lang='lat'>«</span> <span class='ocrx_word' id='word_1_285' title='bbox 284 2353 577 2397; x_wconf 76' lang='lat' dir='ltr'>Elevaverunt</span> <span class='ocrx_word' id='word_1_286' title='bbox 605 2352 788 2396; x_wconf 84' lang='lat' dir='ltr'>flumina</span> <span class='ocrx_word' id='word_1_287' title='bbox 816 2367 941 2395; x_wconf 83' lang='lat' dir='ltr'>voces</span> <span class='ocrx_word' id='word_1_288' title='bbox 974 2352 1112 2395; x_wconf 83' lang='lat' dir='ltr'>suas⁴.</span> <span class='ocrx_word' id='word_1_289' title='bbox 1143 2370 1163 2392; x_wconf 88' lang='lat'>»</span> <span class='ocrx_word' id='word_1_290' title='bbox 1201 2354 1310 2404; x_wconf 85' lang='lat' dir='ltr'>Quae</span> <span class='ocrx_word' id='word_1_291' title='bbox 1342 2360 1444 2394; x_wconf 82' lang='lat' dir='ltr'>sunt</span> 
     </span>
     <span class='ocr_line' id='line_1_31' title="bbox 49 2422 1442 2484; baseline 0 -19"><span class='ocrx_word' id='word_1_292' title='bbox 49 2423 129 2466; x_wconf 85' lang='lat' dir='ltr'>ista</span> <span class='ocrx_word' id='word_1_293' title='bbox 159 2424 367 2479; x_wconf 86' lang='lat' dir='ltr'>flumina,</span> <span class='ocrx_word' id='word_1_294' title='bbox 399 2440 499 2484; x_wconf 77' lang='lat' dir='ltr'>quae</span> <span class='ocrx_word' id='word_1_295' title='bbox 529 2423 810 2467; x_wconf 84' lang='lat' dir='ltr'>elevaverunt</span> <span class='ocrx_word' id='word_1_296' title='bbox 834 2439 959 2467; x_wconf 85' lang='lat' dir='ltr'>voces</span> <span class='ocrx_word' id='word_1_297' title='bbox 988 2425 1113 2466; x_wconf 77' lang='lat' dir='ltr'>suas?</span> <span class='ocrx_word' id='word_1_298' title='bbox 1140 2425 1237 2467; x_wconf 89' lang='lat' dir='ltr'>Non</span> <span class='ocrx_word' id='word_1_299' title='bbox 1272 2422 1442 2466; x_wconf 86' lang='lat' dir='ltr'>audivi—</span> 
     </span>
     <span class='ocr_line' id='line_1_32' title="bbox 49 2493 1443 2554; baseline 0 -18"><span class='ocrx_word' id='word_1_300' title='bbox 49 2508 144 2537; x_wconf 87' lang='lat' dir='ltr'>mus</span> <span class='ocrx_word' id='word_1_301' title='bbox 171 2513 179 2538; x_wconf 91' lang='grc'>;</span> <span class='ocrx_word' id='word_1_302' title='bbox 206 2509 349 2554; x_wconf 85' lang='lat' dir='ltr'>neque</span> <span class='ocrx_word' id='word_1_303' title='bbox 363 2493 541 2554; x_wconf 83' lang='lat' dir='ltr'>quando</span> <span class='ocrx_word' id='word_1_304' title='bbox 557 2503 684 2538; x_wconf 88' lang='lat' dir='ltr'>natus</span> <span class='ocrx_word' id='word_1_305' title='bbox 702 2503 764 2537; x_wconf 84' lang='lat' dir='ltr'>est</span> <span class='ocrx_word' id='word_1_306' title='bbox 785 2493 1011 2548; x_wconf 87' lang='lat' dir='ltr'>Dominus,</span> <span class='ocrx_word' id='word_1_307' title='bbox 1037 2493 1443 2537; x_wconf 81' lang='lat' dir='ltr'>audivimuslocuta</span> 
     </span>
     <span class='ocr_line' id='line_1_33' title="bbox 50 2562 1443 2625; baseline 0 -19"><span class='ocrx_word' id='word_1_308' title='bbox 50 2564 260 2619; x_wconf 81' lang='lat' dir='ltr'>flumina,</span> <span class='ocrx_word' id='word_1_309' title='bbox 286 2580 428 2625; x_wconf 84' lang='lat' dir='ltr'>neque</span> <span class='ocrx_word' id='word_1_310' title='bbox 465 2563 644 2624; x_wconf 78' lang='lat' dir='ltr'>quando</span> <span class='ocrx_word' id='word_1_311' title='bbox 679 2564 923 2624; x_wconf 80' lang='lat' dir='ltr'>baptizatus</span> <span class='ocrx_word' id='word_1_312' title='bbox 960 2573 1040 2619; x_wconf 83' lang='lat' dir='ltr'>est,</span> <span class='ocrx_word' id='word_1_313' title='bbox 1077 2579 1221 2623; x_wconf 83' lang='lat' dir='ltr'>neque</span> <span class='ocrx_word' id='word_1_314' title='bbox 1265 2562 1443 2623; x_wconf 83' lang='lat' dir='ltr'>quando</span> 
     </span>
    </p>
   </div>
   <div class='ocr_carea' id='block_1_3' title="bbox 100 2647 1239 2690">
    <p class='ocr_par' dir='ltr' id='par_1_6' title="bbox 100 2647 1239 2690">
     <span class='ocr_line' id='line_1_34' title="bbox 100 2647 1239 2690; baseline 0 -10"><span class='ocrx_word' id='word_1_315' title='bbox 100 2656 107 2671; x_wconf 93' lang='lat'>¹</span> <span class='ocrx_word' id='word_1_316' title='bbox 128 2649 219 2680; x_wconf 86' lang='lat' dir='ltr'>Joan.</span> <span class='ocrx_word' id='word_1_317' title='bbox 239 2661 262 2690; x_wconf 76' lang='lat' dir='ltr'>x,</span> <span class='ocrx_word' id='word_1_318' title='bbox 284 2650 314 2681; x_wconf 80' lang='lat'>3.</span> <span class='ocrx_word' id='word_1_319' title='bbox 338 2667 378 2672; x_wconf 84' lang='lat'>—</span> <span class='ocrx_word' id='word_1_320' title='bbox 395 2657 407 2671; x_wconf 79' lang='lat'><strong>²</strong></span> <span class='ocrx_word' id='word_1_321' title='bbox 427 2650 473 2680; x_wconf 73' lang='lat' dir='ltr'>m.</span> <span class='ocrx_word' id='word_1_322' title='bbox 497 2660 564 2688; x_wconf 76' lang='lat' dir='ltr'>viu,</span> <span class='ocrx_word' id='word_1_323' title='bbox 589 2648 641 2680; x_wconf 77' lang='lat'>58.</span> <span class='ocrx_word' id='word_1_324' title='bbox 661 2666 701 2671; x_wconf 91' lang='lat'>——-</span> <span class='ocrx_word' id='word_1_325' title='bbox 721 2647 799 2681; x_wconf 75' lang='lat' dir='ltr'>31d.</span> <span class='ocrx_word' id='word_1_326' title='bbox 824 2661 848 2688; x_wconf 84' lang='lat'>1,</span> <span class='ocrx_word' id='word_1_327' title='bbox 871 2650 899 2680; x_wconf 79' lang='lat'>3.</span> <span class='ocrx_word' id='word_1_328' title='bbox 919 2667 959 2671; x_wconf 86' lang='lat'>--</span> <span class='ocrx_word' id='word_1_329' title='bbox 977 2647 992 2678; x_wconf 73' lang='lat'>4</span> <span class='ocrx_word' id='word_1_330' title='bbox 1014 2649 1079 2679; x_wconf 75' lang='lat' dir='ltr'>Psal</span> <span class='ocrx_word' id='word_1_331' title='bbox 1114 2660 1189 2689; x_wconf 70' lang='lat' dir='ltr'>xcxi,</span> <span class='ocrx_word' id='word_1_332' title='bbox 1211 2649 1239 2680; x_wconf 79' lang='lat'>3.</span> 
     </span>
    </p>
   </div>
  </div>
 </body>
</html>
