1926 3339
410 262 494 304 504
842 274 875 303 S.
911 274 1142 304 Ateusnm
1174 274 1355 301 nriscom

407 350 586 387 cantant
606 341 737 385 etiam
758 356 848 386 non
869 342 1063 385 honeste.
1095 343 1191 386 Non
1214 339 1330 384 enim
1367 338 1460 383 talis
1497 339 1577 384 erit
1592 339 1796 400 jubilatio

408 422 570 466 nostra,
602 411 742 472 qualis
764 411 942 455 illorum
968 420 1032 455 est
1053 429 1063 455 ;
1092 426 1170 455 nos
1192 410 1309 453 enim
1337 409 1382 453 in
1399 410 1710 469 justificatione
1729 410 1798 470 ju-

409 482 547 527 bilare
569 481 796 536 debemus,
821 481 884 524 illi
906 490 1052 524 autem
1077 480 1267 540 jubilant
1289 481 1334 523 in
1356 480 1584 540 iniquitate
1610 500 1619 525 :
1651 480 1800 539 itaque

410 569 489 597 nos
506 553 551 596 in
573 551 858 606 confessione,
880 550 943 594 illi
960 551 1005 594 in
1027 549 1299 594 confusione.
1324 552 1486 594 Tamen
1508 559 1557 594 ut
1578 551 1661 595 hoc
1679 549 1801 610 quod

412 625 511 668 dico
561 621 809 680 intelligatis
840 656 851 677 ,
907 622 996 665 imo
1045 619 1331 665 recordemini
1391 635 1482 664 rem
1537 621 1758 679 cognitam
1787 655 1798 676 ,

411 694 598 738 maxime
620 692 810 753 jubilant
843 692 919 752 qui
951 690 1116 751 aliquid
1153 691 1199 734 in
1241 690 1352 749 agris
1380 701 1640 750 operantur,
1678 691 1802 750 copia

413 764 637 808 fructuum
654 762 886 823 jucundati
904 762 972 806 vel
996 776 1201 806 messores
1220 797 1230 816 ,
1255 761 1323 806 vel
1356 761 1709 817 vindemiatores,
1735 762 1805 806 vel

413 835 580 895 aliquos
603 833 771 878 fructus
793 842 1020 887 metentes,
1043 842 1086 876 et
1115 833 1161 876 in
1190 832 1282 892 ipsa
1298 830 1586 877 foecunditate
1609 843 1734 877 terrae
1762 841 1806 876 et

412 905 636 950 feracitate
658 903 911 962 gaudentes,
937 902 1174 947 exultando
1197 911 1403 960 cantant,
1429 912 1472 946 et
1497 903 1610 947 inter
1639 903 1806 947 cantica

414 994 514 1038 quae
536 976 677 1020 verbis
701 975 948 1030 enuntiant,
973 975 1170 1019 inserunt
1186 990 1312 1019 voces
1331 974 1541 1034 quasdam
1558 975 1649 1018 sine
1665 975 1808 1018 verbis

414 1048 461 1092 in
483 1047 669 1091 elatione
691 1046 922 1090 exultantis
949 1046 1102 1100 animi,
1133 1054 1175 1089 et
1204 1046 1297 1089 haee
1319 1054 1499 1089 vocatur
1515 1044 1735 1105 jubilatio.
1765 1045 1808 1089 Si

416 1119 514 1179 quis
531 1117 644 1161 forte
666 1126 893 1176 propterea
917 1131 1007 1160 non
1027 1117 1296 1173 recognoscit
1314 1150 1326 1170 ,
1351 1116 1451 1175 quia
1471 1131 1700 1177 nunquam
1729 1116 1810 1160 ad-

416 1189 562 1243 vertit,
590 1187 786 1232 advertat
815 1187 869 1230 de
902 1196 1075 1231 caetem.
1114 1190 1260 1246 Atque
1292 1186 1459 1230 utinam
1497 1202 1587 1231 non
1619 1187 1814 1231 inveniat

417 1274 526 1319 quos
550 1258 762 1313 advertat,
794 1273 848 1300 ne
871 1260 985 1301 Deus
1001 1257 1194 1301 inveniat
1216 1272 1324 1317 quos
1341 1266 1521 1301 evertat.
1555 1256 1641 1301 Sed
1664 1266 1812 1301 tamen

417 1329 519 1389 quia
545 1343 635 1372 non
657 1328 888 1388 quiescunt
909 1327 1025 1371 nasei
1047 1327 1198 1386 spinae,
1219 1327 1264 1370 in
1285 1326 1399 1370 male
1413 1326 1708 1371 exultantibus
1729 1326 1810 1370 ad-

416 1408 638 1445 vertamus
661 1397 969 1458 jubilationem
1003 1396 1337 1457 improbandam
1356 1433 1366 1452 ,
1398 1406 1441 1441 et
1463 1397 1697 1442 offeramus
1721 1400 1811 1442 Deo

415 1469 725 1530 jubilationem
748 1468 1059 1513 coronandam.

478 1545 533 1586 V.
559 1541 747 1594 Quando
765 1556 867 1599 ergo
882 1556 960 1584 nos
967 1539 1234 1600 jubilamus?
1249 1540 1432 1593 Quando
1448 1539 1679 1584 laudamus
1692 1538 1814 1600 quod

419 1613 504 1658 dici
528 1629 618 1657 non
639 1621 797 1672 potest.
827 1612 1107 1656 Attendimus
1136 1612 1251 1655 enim
1281 1612 1526 1655 universam
1549 1620 1810 1666 ereaturam,

422 1694 584 1728 terram
606 1692 649 1726 et
666 1698 783 1727 mare
805 1691 847 1725 et
865 1681 1045 1736 coelum,
1077 1691 1119 1725 et
1148 1681 1294 1725 omnia
1317 1697 1416 1741 quae
1440 1681 1484 1724 in
1507 1681 1566 1725 eis
1583 1690 1686 1725 sunt
1713 1700 1721 1724 :
1747 1690 1816 1725 at-

422 1754 645 1800 tendimus
667 1752 838 1812 singula
856 1753 1017 1797 habere
1036 1753 1220 1810 origines
1237 1764 1276 1795 et
1299 1768 1446 1796 causas
1464 1768 1576 1807 suas,
1602 1752 1818 1796 seminum

421 1826 510 1870 vim
526 1860 536 1879 ,
563 1823 769 1868 nascendi
792 1823 989 1868 ordinem
1003 1857 1014 1877 ,
1039 1822 1326 1882 permanendi
1348 1823 1546 1878 modum,
1567 1822 1818 1866 intereundi

423 1896 664 1949 decessum,
690 1910 863 1938 currere
890 1894 1113 1937 volumina
1131 1893 1391 1938 saeculorum
1421 1894 1512 1937 sine
1533 1893 1623 1937 ulla
1641 1902 1817 1953 pertur-

423 1965 616 2020 batione,
641 1964 784 2009 stelias
805 1963 922 2008 volvi
944 1963 1136 2024 quodam
1164 1964 1295 2009 modo
1328 1964 1382 2008 ab
1415 1964 1593 2008 Oriente
1623 1964 1668 2007 in
1690 1964 1820 2009 Occi-

423 2037 618 2091 dentem,
644 2052 851 2096 peragere
869 2052 1019 2081 cursus
1043 2052 1275 2091 annorum,
1307 2036 1506 2080 videmus
1528 2035 1819 2081 dimensiones

425 2107 658 2162 mensium,
686 2107 969 2151 distensiones
992 2108 1197 2151 horarum
1216 2128 1227 2165 3
1251 2107 1386 2167 inque
1407 2107 1473 2150 his
1491 2106 1695 2150 omnibus
1717 2122 1819 2150 nes-

426 2180 493 2224 cio
515 2180 623 2240 quid
643 2179 871 2233 invisibile,
899 2178 1016 2239 quod
1042 2179 1216 2238 spiritus
1241 2178 1310 2222 vel
1325 2178 1465 2221 anima
1482 2177 1657 2233 dicitur,
1683 2178 1820 2223 inesse

425 2251 628 2295 omnibus
651 2250 944 2294 animantibus
967 2249 1022 2293 ad
1044 2248 1332 2309 appetendam
1356 2246 1628 2307 voluptatem
1649 2247 1822 2307 fugien-

425 2320 615 2380 damque
633 2319 891 2374 molestiam,
914 2319 969 2363 ad
981 2318 1321 2363 conservandam
1336 2318 1683 2362 incolumitatem
1696 2333 1820 2362 suam

425 2392 657 2449 vestigium
680 2389 903 2450 quoddam
942 2391 1140 2447 unitatis,
1172 2390 1308 2433 inesse
1336 2389 1466 2433 etiam
1500 2389 1666 2433 homini
1699 2405 1823 2434 com-

427 2477 560 2505 mune
578 2460 790 2522 quiddam
812 2476 913 2504 cum
937 2461 1111 2520 Angelis
1131 2461 1230 2518 Dei,
1257 2477 1341 2504 non
1367 2476 1467 2504 cum
1490 2460 1738 2519 pecoribus,
1761 2461 1820 2504 si-

428 2543 503 2578 cut
525 2543 588 2577 est
609 2533 769 2587 vivere,
790 2533 956 2588 audire,
979 2533 1139 2587 videre,
1167 2542 1210 2576 et
1232 2542 1412 2590 caetera,
1444 2532 1520 2576 sed
1540 2530 1661 2592 quod
1683 2531 1820 2575 intel-

428 2604 533 2662 ligat
567 2607 723 2657 Duun,
765 2602 883 2663 quod
916 2603 970 2646 ad
1005 2612 1193 2647 mentem
1229 2603 1401 2662 proprie
1435 2602 1666 2661 pertineat,
1696 2599 1817 2661 quod
