1926 3339
1882 140 1886 168 ς

1882 171 1886 286 ἔ

1882 338 1886 367 Ι

464 339 546 375 292
858 329 863 335 ¹
901 340 934 368 s.
971 340 1200 367 AUGUSTINI
1224 336 1403 363 EPISCOPI

1884 317 1885 326 ¹
1902 323 1908 348 l

461 412 516 456 ad
537 425 632 455 eam
664 406 876 466 intelligat
902 405 1143 465 pertinere,
1168 400 1290 462 quod
1318 394 1538 443 nonnullis
1561 393 1720 453 quibus
1749 391 1844 450 plus
1898 401 1926 440 ω

463 481 653 526 irasceris
674 492 848 538 parcere
865 474 1047 519 videaris
1064 508 1074 528 ,
1101 481 1152 516 ut
1177 476 1454 531 prosperetur
1488 472 1687 524 peccator
1711 461 1757 504 in
1777 460 1845 504 via
1921 480 1926 507 ς

463 568 556 605 sua,
583 559 626 594 et
647 549 809 608 majora
830 544 1010 604 recipiat
1031 543 1077 586 in
1100 541 1566 586 novissimoPPotestas
1587 533 1749 593 quippe
1769 530 1848 574 hu-
1921 551 1926 578 ς

464 637 604 667 manae
628 620 701 663 irae
723 631 824 661 cum
849 629 1005 674 corpus
1028 611 1250 665 occiderit,
1277 608 1460 668 amplius
1483 602 1723 649 nonhabet
1743 597 1849 660 quid
1893 441 1926 751 i

463 693 592 738 iaciat
621 709 629 734 z
656 692 769 733 Deus
790 701 893 730 vero
915 684 1047 728 habet
1067 690 1324 741 potestatem
1347 689 1390 722 et
1408 678 1479 721 hic
1496 675 1668 735 punire,
1690 681 1734 715 et
1755 678 1850 729 post
1883 677 1895 730 t
1922 692 1926 706 ι

463 759 653 820 corporis
676 766 861 801 mortem
884 753 1054 797 mittere
1076 752 1121 795 in
1140 750 1424 810 gehennam1.
1456 748 1512 789 Et
1533 760 1554 787 a
1579 741 1728 803 paucis
1749 755 1850 783 eru·
1883 739 1887 778 ἶ
1924 768 1926 772 «

464 831 563 876 ditis
586 829 722 889 major
739 828 830 887 ejus
847 826 909 869 ira
934 822 1191 881 intelligitur
1213 836 1324 865 vana
1346 827 1390 862 et
1410 814 1652 861 seductoria
1673 810 1852 855 felicitas
1883 779 1898 844 l
1923 833 1926 842 =

463 901 712 962 impiorum.
742 900 866 942 Hanc
892 894 966 939 ille
1001 909 1091 938 non
1124 899 1330 945 noverat,
1366 890 1488 948 cujus
1514 900 1624 946 pene
1647 880 1852 928 commoti
1884 877 1897 913 ²*

463 982 566 1018 sunt
587 970 720 1031 pedes
736 1005 747 1024 ,
769 968 870 1028 quia
888 965 1041 1010 zelavit
1059 966 1103 1009 in
1127 961 1428 1024 peccatoribus
1446 994 1456 1014 ,
1481 972 1630 1018 pacem
1651 962 1852 1014 peccato·
1883 953 1889 1022 ᾗ
1924 975 1926 1001 f

466 1059 564 1088 rum
584 1043 759 1085 intuens
787 1058 795 1082 :
821 1038 897 1082 sed
920 1036 1072 1080 didicit
1096 1049 1214 1089 eam,
1240 1048 1339 1077 cum
1368 1032 1550 1074 intraret
1578 1027 1624 1070 in
1652 1033 1854 1069 sanctua-
1883 1036 1887 1084 ᾗ

467 1115 579 1158 rium
596 1111 686 1166 Dei,
707 1118 750 1153 et
763 1106 1025 1165 intelligeret
1046 1106 1093 1148 in
1115 1102 1345 1148 novissima
1358 1104 1375 1126 2
1394 1119 1402 1144 :
1420 1114 1508 1160 quo
1526 1096 1654 1157 pauci
1669 1094 1852 1148 intrant,
1884 1093 1887 1154 Ι
1924 1118 1926 1142 ³

468 1194 518 1229 ut
540 1183 707 1227 discant
729 1195 818 1239 prae
839 1178 993 1222 timore
1015 1176 1092 1220 Dei
1114 1174 1391 1218 dinumerare
1411 1171 1520 1214 iram
1540 1169 1646 1228 ejus,
1669 1174 1713 1209 et
1735 1178 1857 1224 pros·
1883 1163 1893 1209 E¹
1910 1160 1926 1201 '-

466 1254 693 1315 peritatem
722 1249 951 1295 hominum
998 1245 1212 1290 malorum
1243 1257 1427 1287 numero
1459 1238 1676 1300 applicare
1700 1249 1855 1296 poena-
1884 1218 1887 1242 ⁵

469 1340 583 1370 rum.
1883 1297 1887 1378 i
1914 1341 1915 1346 ,

526 1397 628 1439 XII.
659 1411 676 1431 «
699 1395 926 1437 Dexteram
949 1397 1069 1432 tuam
1087 1387 1145 1431 sic
1163 1394 1314 1430 notam
1328 1381 1410 1428 fac.
1435 1401 1454 1423 »
1474 1382 1566 1426 Hoc
1588 1378 1704 1423 enim
1726 1376 1860 1434 magis
1882 1383 1895 1439 ζ,
1925 1407 1926 1413 1

469 1467 635 1513 habent
654 1463 822 1509 codices
845 1460 973 1521 graeci
999 1479 1007 1504 :
1034 1474 1125 1503 non
1147 1458 1258 1502 sicut
1279 1454 1457 1516 quidam
1478 1451 1604 1497 latini
1631 1470 1638 1495 :
1668 1468 1686 1491 «
1711 1444 1888 1543 Deme-ff
1924 1471 1926 1474 ·

475 1559 494 1580 υ
531 1552 625 1581 ram
647 1545 768 1580 tuam
796 1541 946 1577 notam
979 1530 1046 1574 fac
1068 1529 1189 1572 mihi.
1219 1547 1238 1569 »
1265 1525 1381 1580 Quid
1415 1533 1478 1569 est
1501 1538 1626 1582 ergo,
1656 1540 1674 1562 «
1704 1523 1861 1565 Dexte-

476 1630 495 1651 »
533 1623 623 1652 ram
643 1616 763 1650 tuam
786 1604 845 1648 sic
866 1612 1016 1647 notam
1038 1600 1124 1655 fac,
1146 1618 1165 1640 »
1185 1599 1267 1642 nisi
1285 1597 1507 1642 Christum
1525 1604 1674 1648 tuum,
1699 1590 1754 1635 de
1775 1604 1862 1650 quo
1892 1619 1894 1621 ·

474 1681 642 1726 dictum
666 1688 730 1723 est
750 1698 760 1723 2
790 1679 883 1721 «Et
903 1674 1133 1720 brachium
1154 1670 1329 1716 Domini
1352 1669 1422 1713 cui
1446 1666 1681 1711 revelatum
1705 1664 1816 1719 est3,
1839 1679 1859 1704 n
1924 1683 1926 1685 ·

473 1753 531 1797 sic
553 1759 706 1795 notum
733 1747 797 1792 fac
816 1782 826 1801 ,
858 1755 908 1790 ut
934 1746 979 1788 in
1003 1760 1054 1788 eo
1077 1742 1246 1786 discant
1278 1739 1427 1783 fideles
1450 1737 1516 1781 sui
1549 1752 1598 1781 ea
1622 1734 1754 1793 magis
1776 1749 1800 1778 a
1822 1722 1887 1800 tel

475 1836 650 1883 poscere
679 1828 723 1862 et
754 1832 925 1877 sperare
953 1813 1133 1875 praemia
1161 1811 1290 1866 fidei,
1324 1825 1424 1870 quae
1455 1823 1546 1852 non
1578 1813 1789 1866 apparent
1819 1801 1887 1896 in'

478 1895 631 1937 Vetere
657 1892 954 1942 Testamento,
980 1885 1055 1929 sed
1078 1882 1326 1928 revelantur
1341 1881 1388 1924 in
1406 1882 1555 1934 Novo,
1579 1893 1635 1920 ne
1653 1875 1866 1920 arbitren-

480 1975 549 2009 tur
577 1978 655 2022 pro
679 1975 837 2018 magno
859 1956 1111 2001 habendam
1131 1962 1175 1997 et
1200 1950 1461 2012 cupiendam
1483 1947 1554 1993 vel
1580 1944 1867 1992 adamandam

476 2050 566 2079 esse
587 2043 861 2077 terrenorum
884 2044 932 2072 ac
954 2024 1263 2086 temporalium
1284 2023 1501 2066 honorum
1525 2017 1798 2071 felicitatem,
1819 2029 1867 2060 ac
1882 2035 1892 2087 5²

476 2111 835 2152 commoveantur
857 2098 989 2159 pedes
1011 2111 1188 2150 eorum,
1214 2108 1315 2138 cum
1340 2107 1434 2136 eam
1461 2088 1650 2134 viderint
1675 2097 1719 2132 et
1740 2088 1786 2130 in
1808 2086 1889 2157 eis}

478 2178 553 2238 qui
579 2186 621 2220 te
643 2191 732 2219 non
754 2172 933 2227 colunt,
964 2178 1006 2213 et
1031 2181 1196 2225 gressus
1225 2177 1375 2208 eorum
1401 2160 1687 2205 effundantur
1709 2158 1756 2202 in
1777 2150 1898 2271 lap-t*

477 2264 573 2292 sum
589 2283 600 2302 ,
632 2245 740 2289 dum
763 2242 962 2287 nesciunt
984 2238 1261 2282 dinumerare
1285 2235 1392 2278 iram
1416 2233 1565 2276 tuam?
1587 2230 1781 2289 Denique
1803 2243 1868 2272 se-

479 2317 675 2363 cundum
708 2316 821 2359 hanc
856 2310 1098 2356 orationem
1128 2305 1316 2350 hominis
1352 2304 1443 2358 sui,
1480 2303 1538 2346 sic
1576 2310 1730 2345 notum
1766 2277 1894 2360 fecit}

479 2390 701 2435 Christum
733 2400 888 2438 suum,
915 2391 965 2425 ut
992 2380 1077 2424 suis
1104 2377 1376 2439 passionibus
1410 2373 1751 2426 demonstraret,
1782 2371 1890 2429 non}

482 2476 531 2504 ea
554 2473 735 2502 munera
757 2471 856 2515 quae
890 2452 1096 2497 videntur
1127 2462 1278 2493 sonare
1310 2446 1357 2489 in
1378 2447 1533 2488 Vetere
1567 2441 1890 2498 TestamentQQ

482 2530 558 2574 ubi
580 2537 680 2573 sunt
708 2526 879 2571 umbrae
916 2521 1187 2572 futurorum,
1221 2516 1298 2562 sed
1325 2525 1487 2559 aeterna
1523 2529 1612 2557 esse
1640 2497 1889 2592 concupis-f

481 2600 635 2647 cenda.
662 2601 808 2642 Potest
823 2596 869 2639 in
890 2594 971 2637 isto
993 2606 1122 2636 sensu
1142 2589 1271 2645 etiam
1290 2586 1366 2630 Dei
1385 2585 1560 2629 dextera
1589 2581 1801 2642 intelligi,
1826 2580 1884 2643 ing

529 2692 537 2709 ¹
559 2683 672 2717 Mattb.
698 2692 731 2723 x,
751 2681 805 2713 28.
824 2696 865 2702 —
885 2685 898 2701 ¹
918 2677 997 2710 Psal.
1020 2686 1124 2715 Lxxn,
1137 2683 1172 2716 2,
1192 2673 1210 2705 3
1225 2677 1259 2705 et
1281 2681 1330 2714 17.
1352 2687 1392 2693 -
1414 2668 1612 2711 ³1sai.m11,
1635 2680 1662 2701 1.

1883 370 1886 378 n

1880 2649 1884 2702 Ξ

1879 2709 1885 2801 ἰ

1879 2805 1884 2838 i

1878 2840 1884 2940 ἔ

1878 2950 1883 3003 ἱ

1877 3039 1884 3162 ἓ
