1926 3339
238 325 480 355 ENARRAno
512 329 527 355 1
560 329 604 356 m
639 325 842 356 PSALMUM
877 330 955 366 xc,
990 328 1127 356 sEaMO
1160 331 1190 356 1.
1345 319 1428 359 305

43 389 77 433 si
97 389 167 434 leo
189 400 314 448 esset,
339 409 476 453 agnus
495 409 586 438 non
603 402 714 438 esset
732 412 740 438 :
758 394 858 438 ideo
879 402 922 437 et
943 394 1038 438 leo1
1062 403 1106 438 et
1127 398 1293 453 agnus2
1310 405 1353 440 et
1367 397 1430 441 la-

42 461 106 519 pis
120 463 136 487 3
158 471 201 506 et
222 464 398 519 vitulus,
425 474 467 509 et
490 465 523 509 si
545 465 652 526 quid
672 466 952 526 hujusmodi,
977 465 1078 526 quia
1101 481 1181 516 nec
1203 466 1326 525 lapis,
1352 482 1433 511 nec

43 530 136 587 leo,
157 548 238 578 nec
260 551 396 594 agnus
413 572 423 592 ,
446 552 527 581 nec
549 537 712 581 vitulus
729 572 739 592 ,
765 537 838 581 sed
867 536 1054 582 salvator
1089 537 1289 582 omnium
1312 540 1434 581 Jesus

42 603 253 648 Christus.
279 608 379 650 Istae
402 607 518 651 enim
540 607 843 652 similitudines
871 618 995 661 sunt,
1020 624 1110 653 non
1127 609 1428 668 proprietates.

47 692 68 716 «
102 675 268 720 Veritas
290 678 381 737 ejus
396 712 406 732 ‚
431 677 576 738 inquit
592 714 602 734 ,
623 678 913 724 circumdabit
935 689 992 724 te.
1020 698 1040 722 »
1079 683 1306 740 Tanquam
1335 695 1434 725 scu-

43 753 139 789 tum
158 746 317 791 veritas
338 749 429 807 ejus
460 758 551 807 est3
583 759 633 794 ut
660 765 748 794 non
770 750 945 794 misceat
972 766 1044 795 eos
1082 751 1158 811 qui
1190 751 1235 794 in
1265 767 1309 795 se
1333 752 1434 810 ipsis

40 826 232 876 sperant,
250 834 351 863 cum
376 820 434 864 eis
457 820 533 880 qui
554 821 598 864 in
622 824 712 865 Deo
734 831 923 880 sperant.
938 824 1143 865 Peccator
1165 831 1243 876 est,
1265 831 1308 865 et
1329 837 1433 881 pec-

44 896 185 932 cator:
202 888 277 933 sed
293 889 347 933 da
364 901 635 950 peccatorem
654 892 708 935 de
725 907 769 935 se
783 901 1136 952 praesumentem,
1153 897 1436 937 contemnen'-

44 967 132 1002 tem
149 993 160 1014 ,
190 970 366 1018 peecata
394 977 472 1005 sua
501 977 591 1007 non
612 963 911 1018 confitentem,
933 972 975 1006 et
997 963 1114 1007 dicet
1133 981 1143 1008 :
1169 963 1210 1007 Si
1232 965 1323 1007 Deo
1347 962 1437 1007 dis-

45 1028 256 1090 plicerent
277 1043 453 1091 peccata
473 1049 569 1078 mea
584 1069 594 1089 ,
622 1049 713 1078 non
740 1033 1013 1094 permitteret
1027 1049 1099 1078 me
1129 1035 1289 1080 vivere.
1316 1035 1438 1080 Alius

45 1109 191 1145 autem
216 1102 364 1147 oculos
390 1119 478 1148 non
502 1104 691 1149 audebat
711 1104 872 1160 levare,
897 1105 973 1149 sed
991 1105 1265 1165 percutiebat
1286 1115 1439 1166 pectus

45 1188 188 1229 suum,
214 1173 386 1220 dicens:
412 1195 432 1218 «
455 1176 657 1232 Domine,
682 1178 893 1237 propitius
916 1188 1007 1223 esto
1029 1179 1135 1223 mihi
1152 1181 1436 1239 peccatore.»

44 1247 101 1289 Et
121 1244 195 1289 ille
213 1256 440 1306 peccator,
461 1257 504 1292 et
525 1247 598 1293 ille
629 1269 638 1294 :
664 1250 741 1294 sed
768 1249 842 1294 ille
867 1249 1064 1306 irridens,
1090 1251 1170 1295 iste
1197 1251 1436 1312 plangens3

44 1314 117 1360 ille
134 1326 426 1377 contemptor,
439 1319 511 1363 hic
528 1319 749 1365 confessor
762 1331 1043 1381 peecatorum
1056 1337 1252 1367 suorum.
1272 1325 1439 1368 Veritas

44 1396 190 1431 autem
212 1388 291 1433 Dei
313 1405 413 1449 quae
435 1405 525 1435 non
549 1405 755 1450 personas
788 1393 959 1452 accipit,
996 1393 1201 1438 discernit
1218 1395 1439 1454 poeniten-

43 1466 132 1502 tem
159 1474 182 1502 a
205 1457 492 1516 defendente,
518 1460 724 1506 discernit
745 1463 957 1507 humilem
980 1479 1003 1508 a
1026 1464 1216 1524 superbo
1240 1500 1251 1520 ,
1277 1465 1441 1509 discer-

42 1529 108 1573 nit
126 1539 465 1588 praesumentem
482 1530 538 1575 de
561 1548 605 1576 se
628 1533 722 1592 ipso
744 1549 768 1577 a
785 1545 1078 1593 praesumente
1099 1535 1154 1579 de
1177 1538 1441 1593 Deo.«Ergo

45 1617 67 1641 »
100 1599 256 1644 veritas
279 1601 370 1660 ejus
391 1609 602 1661 tanquam
627 1612 750 1647 scuto
773 1603 1064 1649 circumdabit
1080 1614 1138 1649 te.
1168 1623 1188 1646 »

101 1673 199 1715 VII.
225 1690 244 1713 «
264 1673 364 1716 Non
387 1671 560 1717 timebis
576 1689 599 1717 a
620 1673 776 1718 timore
798 1685 1031 1732 nocturno,
1054 1692 1077 1721 a
1094 1677 1249 1735 sagitta
1265 1676 1441 1721 volante

46 1758 67 1783 »
101 1756 179 1801 per
201 1741 334 1797 diem,
360 1757 384 1786 a
405 1744 582 1801 negotio
604 1745 939 1803 perambulante
961 1746 1007 1791 in
1029 1747 1220 1791 tenebris
1236 1783 1247 1802 ,
1269 1763 1292 1791 a
1316 1748 1442 1790 ruina

47 1830 68 1854 »
102 1822 146 1857 et
163 1812 381 1857 daemonio
395 1813 654 1859 meridiano.
673 1833 694 1856 »
715 1816 897 1861 Duobus
919 1833 1020 1877 quae
1040 1833 1169 1877 supra
1192 1817 1315 1873 dixit,
1337 1817 1440 1861 red-

44 1883 212 1928 duntur
227 1883 318 1928 duo
337 1900 436 1944 quae
452 1883 564 1929 infra
587 1885 693 1930 dixit
715 1906 723 1931 :
754 1905 773 1929 «
797 1890 896 1933 Non
917 1888 1090 1932 timebis
1110 1905 1133 1933 a
1155 1889 1313 1933 timore
1330 1904 1440 1933 noc-

47 1973 67 1997 »
102 1965 250 2011 turno,
271 1971 295 1999 a
317 1957 471 2015 sagitta
496 1957 673 2002 volante
698 1973 776 2018 per
795 1959 937 2003 diem⁵
961 1979 969 2004 ;
1000 1980 1017 2001 »
1040 1969 1083 2004 et
1104 1970 1283 2020 propter
1305 1960 1440 2004 timo--

45 2041 136 2071 rem
154 2036 436 2083 nocturnum,
465 2047 484 2069 «
506 2031 543 2072 A
560 2029 736 2088 negotio
752 2029 1087 2088 perambulante
1108 2031 1154 2074 in
1177 2031 1394 2088 tenebris3
1417 2049 1439 2072 η

45 2107 88 2143 et
103 2108 281 2159 propter
304 2099 505 2158 sagittam
532 2099 752 2144 volantem
775 2116 854 2160 per
875 2101 1008 2156 diem,
1034 2121 1054 2144 «
1079 2105 1116 2146 Α
1134 2102 1261 2146 ruina
1283 2110 1325 2145 et
1347 2102 1442 2146 dae-

47 2187 68 2211 »
101 2170 251 2214 monio
278 2170 534 2215 meridiano.
570 2188 590 2212 ))
631 2171 751 2224 Quid
780 2181 843 2215 est
864 2171 1110 2216 timendum
1138 2173 1185 2217 in
1213 2182 1364 2229 nocte,
1399 2182 1443 2216 et

26 2240 152 2299 -quid
166 2240 213 2284 in
235 2228 470 2286 die??‘Cum
498 2241 684 2302 quisque
711 2241 917 2321 ignorans
949 2252 1115 2302 peccat,
1149 2253 1359 2304 tanquam
1395 2246 1441 2290 in

46 2320 174 2356 nocte
201 2320 387 2372 peccat:
414 2328 514 2357 cum
537 2321 683 2356 autem
712 2313 848 2358 sciens
870 2324 1036 2374 peccat,
1062 2324 1273 2376 tanquam
1303 2316 1349 2361 in
1371 2317 1441 2361 die

46 2392 228 2451 peccat:
223 2388 332 2428 Duo
352 2399 455 2442 ergo
477 2383 550 2427 illa
570 2383 756 2441 levior33
786 2385 876 2444 ipsa
899 2394 1001 2429 sunt
1019 2387 1230 2444 graviora,
1250 2404 1348 2448 quae
1370 2404 1441 2433 re-

46 2453 180 2511 petita
208 2462 324 2498 sunt.
349 2453 598 2509 Intendite,
623 2463 674 2498 ut
696 2421 926 2513 diligenter
944 2456 1045 2511 hoc,
1071 2457 1105 2501 si
1126 2422 1337 2503 Doniinus
1360 2475 1440 2503 an-

96 2565 224 2606 ¹Apoc.
248 2575 282 2605 v,
301 2562 333 2595 5.
355 2580 396 2585 —
415 2565 538 2595 ²Joan.
556 2575 564 2595 1
583 2589 591 2602 ,
611 2573 664 2605 29.
690 2581 730 2587 —-
752 2563 764 2587 3
783 2568 860 2597 Dan.
883 2576 918 2604 11,
939 2565 992 2607 314.
1014 2583 1054 2588 —-
1073 2565 1087 2595 4
1108 2569 1186 2599 Luc.
1208 2579 1294 2609 xxm,
1320 2568 1368 2600 13.
1398 2586 1438 2591 -ω

49 2616 63 2641 5
81 2619 158 2650 psal.
180 2630 231 2660 xc,
253 2620 285 2651 6.

286 2693 420 2724 cxvii.
712 2729 723 2736 ,
1199 2687 1250 2726 Ξέ)
