1926 3339
377 246 617 275 ENARRA‘no
650 249 692 275 m
727 248 930 276 PSALMUM
963 252 1130 279 Lxxvu.
1382 247 1433 283 67

57 331 74 353 »
109 311 376 370 deputantur
397 312 443 355 in
465 312 627 355 semine
643 314 674 356 1.
697 330 716 354 »
738 315 802 357 Ex
825 315 1026 372 gentibus
1048 317 1164 360 enim
1179 327 1303 362 erant
1323 320 1434 364 fide-

48 380 131 436 les,
157 382 318 440 quibus
340 382 515 426 dicebat
535 401 544 426 :
574 401 594 424 «
615 383 658 427 Si
676 392 822 426 autem
835 399 909 428 vos
925 386 1110 441 Christi,
1128 402 1229 445 ergo
1246 389 1434 434 Abrahae

53 471 72 493 »
105 467 254 496 semen
295 453 393 497 estis
413 488 425 508 ‚
464 453 707 498 secundum
745 455 1120 514 repromissionem
1150 459 1386 504 haeredes2.
1412 478 1433 501 >›

49 522 173 574 Quod
191 537 295 567 vero
322 523 382 566 ait
408 542 417 568 :
442 542 462 565 t(
487 524 624 568 Jacob
646 540 816 568 servum
838 541 966 570 suum
982 562 993 582 ‚
1019 536 1062 571 et
1091 528 1222 572 Israel
1244 528 1432 573 haeredi-

51 608 72 631 »
106 600 238 635 tatem
267 607 389 636 suam
401 628 417 647 ,¹
440 612 460 635 n
488 609 608 638 more
644 610 723 639 suo
759 597 979 656 Scriptura
1015 599 1216 656 repetivit
1238 590 1437 644 eamdem

48 662 320 707 sententiam.
351 663 440 708 Nisi
464 663 576 708 forte
597 666 811 726 quispiam
855 667 914 711 sic
936 667 1203 728 distinguere
1224 670 1330 715 velit
1346 705 1357 727 ‚
1382 680 1433 716 ut

47 732 128 777 hoc
150 742 345 792 tempore
362 734 498 778 Jacob
521 737 676 780 serviat
701 752 709 778 :
734 746 841 781 tunc
863 747 1010 782 autem
1026 740 1080 783 sit
1101 750 1263 785 aeterna
1289 743 1432 786 haere-

46 800 157 847 ditas
179 804 282 858 Dei,
308 804 486 864 quando
507 805 674 850 videbit
694 810 834 852 Deum
861 807 972 852 facie
1011 808 1066 852 ad
1097 809 1279 867 faciem,
1317 813 1436 857 unde

47 873 179 917 Israel
200 889 362 918 nomen
384 876 595 935 accepitss.

103 945 236 988 XLV.
267 964 285 987 «
308 948 364 989 Et
385 946 504 1005 pavit
521 961 614 1002 eos,
633 947 777 1007 inquit
791 983 802 1003 ‚
821 948 869 991 in
889 949 1140 996 innocentia
1163 951 1305 997 cordis
1318 953 1430 997 sui.»

46 1004 161 1067 Quid
177 1014 253 1059 illo
270 1016 566 1071 innocentius,
593 1018 668 1077 qui
691 1018 832 1063 ullum
854 1030 1106 1079 peccatum,
1132 1038 1223 1067 non
1237 1023 1379 1068 solum
1414 1040 1438 1068 a

46 1102 134 1147 quo
154 1087 401 1131 vinceretur
420 1124 431 1144 ⁷
456 1088 533 1132 sed
549 1090 680 1133 etiam
708 1091 826 1151 quod
852 1092 1067 1149 vinceret,
1093 1110 1183 1139 non
1205 1096 1396 1140 habebat
1417 1097 1436 1140 P

51 1174 72 1198 «
91 1158 149 1201 Et
173 1157 401 1202 intellectu
429 1174 641 1203 manuum
674 1176 849 1207 suarum
879 1163 1062 1207 deduxit
1095 1166 1194 1209 eos⁴
1228 1184 1238 1210 ι
1272 1183 1292 1207 »
1326 1166 1395 1210 vel
1423 1201 1435 1222 ,

46 1225 154 1271 sicut
190 1227 323 1288 aliqui
355 1229 524 1273 codices
556 1231 721 1275 habent
741 1267 752 1287 ,
789 1251 808 1274 «
834 1235 885 1276 In
906 1233 1200 1279 intellectibus
1225 1251 1438 1281 manuum

48 1315 69 1340 »
86 1313 276 1342 suarum.
289 1299 437 1344 »Alius
451 1310 624 1360 putaret
637 1301 696 1345 ita
714 1305 1026 1361 congruentius
1048 1307 1237 1365 potuisse
1255 1307 1363 1353 dici:
1383 1311 1437 1352 In

45 1368 295 1415 innocentia
316 1386 529 1416 manuum
550 1381 594 1415 et
614 1372 841 1418 intellectu
873 1375 1014 1420 cordis
1041 1378 1141 1421 :hic
1175 1387 1323 1422 autem
1360 1380 1438 1440 qui

44 1441 178 1499 magis
207 1457 339 1501 quam
373 1441 445 1485 alii
487 1442 595 1502 quid
625 1443 881 1504 loqueretur
907 1447 1069 1491 sciebat
1088 1483 1100 1503 ,
1130 1449 1252 1493 cordi
1282 1449 1438 1495 maluit

44 1511 280 1572 adjungere
301 1512 596 1558 innocentiam
617 1549 629 1569 ‚
654 1524 697 1558 et
716 1516 919 1561 manibus
936 1517 1286 1578 intelligentiam.
1321 1511 1443 1566 Illud

43 1592 269 1642 propterea
289 1619 300 1640 ,
332 1594 549 1644 quantum
572 1586 771 1632 existimo
787 1623 798 1643 ‚
831 1589 933 1649 quia
955 1590 1085 1634 multi
1119 1591 1201 1635 sibi
1233 1591 1439 1638 videntur

41 1654 309 1710 innocentes,
329 1655 406 1716 qui
419 1672 507 1700 non
520 1655 689 1701 faciunt
702 1657 832 1714 mala,
851 1675 952 1704 cum
971 1661 1128 1706 timent
1141 1678 1196 1706 ne
1214 1663 1438 1722 patiantur

42 1725 76 1770 si
98 1725 280 1769 fecerint
304 1747 314 1783 3
347 1725 510 1770 vellent
531 1737 676 1772 autem
699 1728 841 1774 facere
857 1766 868 1786 ‚
896 1731 930 1774 si
959 1732 1142 1792 impune
1175 1734 1434 1793 potuissent.

45 1796 166 1841 Tales
190 1796 327 1841 videri
364 1808 544 1856 possunt
568 1799 728 1844 habere
756 1802 1051 1847 innocentiam
1076 1821 1289 1851 manuum
1305 1843 1316 1863 ,
1347 1824 1438 1853 non

43 1877 188 1912 tamen
209 1868 366 1912 cordis.
388 1872 444 1913 Et
461 1886 561 1930 quae
582 1870 759 1915 tandem
778 1883 853 1917 aut
875 1874 1016 1934 qualis
1038 1885 1100 1920 est
1121 1877 1200 1921 ista
1221 1878 1437 1925 innocen-

42 1938 100 1983 tia
119 1974 129 1994 ‚
154 1939 187 1984 si
206 1939 348 1983 cordis
365 1955 452 1984 non
476 1950 563 1996 est,
602 1942 680 1985 ubi
706 1943 840 1987 homo
879 1943 1016 1990 factus
1039 1955 1103 1990 est
1125 1947 1179 1992 ad
1199 1948 1436 2007 imaginem

43 2010 120 2054 Dei
141 2011 158 2053 Ρ
180 2010 306 2063 Quod
319 2025 425 2055 vero
443 2010 504 2055 ait
521 2031 530 2056 ε
559 2030 579 2053 «
599 2015 651 2056 In
672 2012 915 2071 intellectu,
932 2017 1018 2072 vel,
1037 2017 1326 2078 intelligentia
1340 2037 1435 2066 ma—

47 2097 68 2122 »
102 2097 242 2125 nuum
264 2096 442 2126 suarum
462 2081 644 2126 deduxit
660 2099 755 2139 eos,
776 2102 796 2126 »
822 2085 996 2131 videtur
1024 2089 1133 2132 mihi
1156 2105 1251 2134 eam
1283 2090 1438 2137 dixisse

44 2151 398 2212 intelligentiam,
423 2168 555 2213 quam
579 2154 670 2213 ipse
688 2154 793 2200 facit
813 2156 859 2200 in
883 2157 1186 2219 credentibus3
1206 2161 1305 2207 ideo
1317 2166 1439 2207 «Ma-

47 2239 68 2264 >›
102 2237 242 2266 nuum
261 2239 438 2267 suarum
463 2243 472 2268 :
501 2241 522 2264 »
538 2223 681 2268 faeere
703 2226 867 2286 quippe
883 2227 939 2272 ad
956 2244 1110 2274 manus
1126 2232 1341 2290 pertinet:
1361 2233 1438 2278 sed

47 2293 157 2337 sicut
183 2303 364 2352 possunt
395 2293 574 2353 intelligi
613 2311 766 2340 manus
796 2298 899 2355 Dei3
939 2299 1041 2358 quia
1074 2311 1116 2344 et
1147 2302 1343 2348 Christus
1375 2306 1436 2350 sic

45 2363 177 2408 homo
193 2399 203 2418 ‚
230 2373 280 2407 ut
301 2365 430 2408 etiam
452 2368 579 2409 Deus.
609 2369 703 2410 Hoc
722 2377 838 2411 certe
860 2367 932 2412 ille
961 2370 1121 2426 David,
1147 2372 1201 2416 de
1224 2376 1349 2435 cujus
1373 2385 1436 2420 est

47 2435 124 2479 iste
137 2436 299 2479 semine
316 2471 326 2491 ‚
355 2434 495 2480 facere
511 2453 598 2480 non
616 2447 786 2496 poterat
809 2441 851 2483 in
872 2442 1058 2499 populo,
1080 2445 1149 2487 cui
1170 2446 1280 2490 sicut
1303 2447 1435 2492 homo

48 2507 256 2565 regnabat
281 2527 289 2551 ;
310 2506 385 2550 sed
401 2507 474 2550 ilie
495 2508 578 2552 hoc
591 2508 693 2553 lacit
715 2545 726 2564 ,
751 2511 822 2554 cni
839 2521 954 2555 reete
975 2513 1118 2557 anima
1134 2515 1272 2560 fidelis
1293 2517 1436 2562 dicere

97 2599 105 2614 ¹
127 2590 282 2633 Romss'ix,
304 2592 336 2624 8,
353 2600 416 2615 2—-2
437 2593 505 2625 Gal.
524 2606 569 2632 m,
591 2603 644 2636 29.
665 2612 699 2617 —
727 2594 740 2618 3
756 2598 836 2628 Gen.
858 2608 957 2638 xxxii,
978 2598 1031 2629 28.
1049 2616 1089 2621 —
1108 2599 1123 2629 4
1142 2602 1223 2633 Psal.
1242 2613 1362 2645 szvu,
1379 2614 1431 2645 72.

1265 2673 1305 2697 Ο.
