1926 3339
455 346 538 384 336
885 354 917 382 s.
954 354 1184 384 AUGUSTmI
1218 357 1398 383 EPISCOPI

453 422 553 465 visae
576 420 739 464 fuerint
759 439 770 466 ;
794 429 838 464 et
858 435 952 479 spes
969 420 1029 464 rei
1057 429 1119 464 est
1133 436 1232 480 quae
1250 435 1338 464 non
1360 427 1560 475 tenetur,
1584 434 1683 478 quae
1703 419 1837 463 adve-

453 492 601 535 niente
623 491 714 550 ipsa
746 506 792 534 re
808 524 819 546 ‚
857 506 947 535 non
970 491 1051 534 erit
1067 492 1157 550 jam
1179 506 1294 550 spes,
1326 490 1426 550 quia
1448 488 1696 534 tenebimus
1711 523 1721 543 ,
1747 504 1837 533 non

453 561 721 622 sperabimus
743 580 752 605 ε
773 561 955 605 charitas
978 569 1124 604 autem
1145 576 1235 605 non
1258 562 1376 604 novit
1394 561 1474 604 nisi
1495 574 1684 604 crescere
1703 559 1838 617 magis

454 633 690 692 magisque.
709 632 749 675 Si
773 630 889 674 enim
907 646 1100 674 amamus
1120 646 1251 690 quem
1273 646 1361 674 non
1384 630 1597 686 videmus,
1616 628 1838 690 quomodo

456 701 639 746 amaturi
661 717 808 745 sumus
831 715 933 745 cum
949 699 1496 745 viderimusPDesiderium
1518 715 1620 758 ergo
1642 708 1838 745 nostrum

455 782 632 817 crescat.
659 771 890 817 Christiani
911 787 1000 815 non
1025 786 1174 815 sumus
1189 806 1199 826 ,
1234 771 1314 814 nisi
1336 780 1513 830 propter
1535 769 1735 815 futurum
1757 786 1839 814 sae-

454 843 604 887 culum
625 862 634 887 ;
666 858 794 887 nemo
816 841 1044 902 praesentia
1066 842 1183 886 bona
1205 849 1348 900 speret
1365 876 1376 896 ,
1402 857 1530 885 nemo
1553 841 1634 885 sibi
1657 841 1841 901 promit-

455 923 516 958 tat
543 912 794 959 felicitatem
817 912 972 957 mundi
989 947 1000 967 ,
1025 913 1128 973 quia
1148 912 1415 958 Christianus
1447 921 1510 956 est
1531 933 1542 970 3
1581 910 1657 956 sed
1692 921 1842 956 utatur

456 985 660 1031 felicitate
677 985 879 1045 praesenti
903 994 953 1029 ut
969 993 1136 1045 potest,
1157 983 1380 1045 quomodo
1403 992 1559 1043 potest,
1576 983 1753 1043 quando
1768 998 1843 1043 po-

456 1065 540 1101 test
560 1091 571 1112 ,
596 1065 808 1116 quantum
831 1064 987 1115 potest.
1014 1057 1126 1100 Cum
1150 1055 1271 1099 adest
1291 1090 1301 1110 ,
1327 1053 1614 1098 consolationi
1637 1053 1714 1097 Dei
1742 1069 1841 1112 gra-

457 1127 536 1171 tias
558 1136 658 1185 agat
678 1145 685 1171 :
710 1142 811 1170 cum
833 1126 968 1180 deest,
990 1125 1169 1185 justitiae
1193 1125 1270 1169 Dei
1287 1125 1442 1183 gratias
1460 1134 1574 1183 agat.
1597 1123 1768 1184 Ubique
1790 1124 1844 1167 sit

459 1207 604 1256 gratus
620 1232 631 1251 ,
657 1211 875 1256 nusquam
898 1196 1093 1254 ingratus
1115 1214 1123 1240 :
1160 1204 1202 1238 et
1232 1195 1348 1239 Patri
1373 1194 1615 1239 consolanti
1644 1202 1687 1237 et
1713 1193 1842 1237 blan-

459 1268 594 1311 dienti
623 1276 768 1325 gratus
785 1267 865 1324 sit,
891 1274 933 1309 et
959 1265 1075 1309 Patri
1094 1264 1345 1308 emendanti
1368 1274 1411 1308 et
1432 1262 1669 1323 flagellanti
1691 1273 1735 1307 et
1756 1263 1843 1308 dis-

458 1338 663 1397 ciplinam
695 1337 815 1381 danti
845 1345 988 1394 gratus
1023 1337 1077 1380 sit
1102 1355 1110 1380 :
1139 1345 1254 1380 amat
1289 1336 1403 1379 enim
1432 1336 1504 1379 ille
1526 1351 1715 1395 semper,
1756 1335 1843 1379 sive

457 1408 705 1452 blandiatur
723 1444 733 1463 ,
760 1408 846 1452 sive
870 1408 1060 1451 minetur
1086 1427 1094 1452 :
1121 1416 1165 1451 et
1186 1406 1303 1451 dicat
1322 1407 1443 1467 qupd
1464 1407 1641 1451 audistis
1658 1408 1703 1451 in
1722 1406 1843 1451 Psal-

457 1495 528 1524 mo
562 1500 570 1524 :
609 1499 629 1521 «
659 1483 830 1523 Bonum
852 1488 916 1523 est
944 1477 1142 1523 confiteri
1160 1478 1373 1534 Domino,
1399 1487 1442 1522 et
1463 1477 1645 1538 psallere
1674 1477 1843 1523 nomini

457 1568 478 1592 »
514 1560 613 1605 tuo,
639 1549 895 1594 Altissime1.
925 1568 945 1590 »
1543 1561 1547 1566 ‘

518 1624 576 1665 ΙΙ.
614 1620 783 1664 Titulus
815 1618 973 1663 Psalmi
1005 1620 1167 1663 habet:
1199 1638 1218 1662 «
1243 1620 1436 1664 Psalmus
1459 1619 1625 1664 Cantici
1647 1620 1693 1663 in
1727 1618 1843 1663 diem

459 1709 479 1732 »
515 1691 732 1735 sabbati2.
763 1709 782 1732 »
806 1694 919 1735 Ecce
952 1700 994 1734 et
1024 1691 1261 1735 hodiernus
1289 1690 1378 1734 dies
1407 1690 1575 1734 sabbati
1607 1699 1698 1734 est:
1724 1690 1843 1734 hunc

456 1763 502 1806 in
520 1763 723 1822 praesenti
746 1771 942 1821 tempore
979 1762 1068 1806 otio
1103 1762 1296 1822 quodam
1317 1760 1597 1821 corporaliter
1635 1760 1843 1820 languido

457 1843 500 1877 et
532 1834 649 1877 fluxo
679 1842 722 1877 et
753 1833 976 1877 luxurioso
1004 1832 1228 1876 celebrant
1250 1831 1408 1876 Judaei.
1441 1834 1608 1876 Vacant
1639 1832 1755 1875 enim
1788 1830 1844 1876 ad

455 1919 619 1962 nugas:
664 1913 707 1948 et
741 1919 841 1948 cum
871 1907 985 1947 Deus
1022 1903 1277 1962 praeceperit
1307 1903 1590 1958 sabbatum3,
1627 1901 1689 1945 illi
1711 1902 1756 1945 in
1778 1902 1844 1946 his

455 1992 554 2036 quae
579 1979 692 2019 Deus
711 1974 916 2034 prohibet
947 1982 1149 2018 exercent
1170 1973 1414 2017 sabbatum.
1441 1973 1619 2017 Vacatio
1647 1982 1792 2017 nostra
1819 1989 1844 2016 a

457 2045 579 2090 malis
601 2046 827 2105 operibus,
851 2044 1018 2089 vacatio
1041 2043 1215 2089 illorum
1241 2060 1264 2088 a
1287 2044 1412 2088 bonis
1434 2043 1638 2102 operibus
1659 2045 1843 2088 est.Me-

456 2115 539 2160 lius
562 2125 627 2160 est
647 2116 761 2160 enim
788 2131 908 2159 arare
926 2151 936 2171 ,
962 2130 1093 2175 quam
1117 2114 1287 2158 saltare.
1315 2113 1384 2158 Illi
1403 2114 1455 2158 ab
1479 2129 1608 2173 opere
1633 2114 1749 2158 bono
1767 2130 1842 2158 va·-

457 2196 558 2230 cant
586 2207 594 2231 :
633 2187 687 2230 ab
711 2202 839 2246 opere
879 2186 1108 2244 nugatorio
1140 2200 1229 2229 non
1254 2194 1424 2229 vacant.
1452 2185 1585 2229 Nobis
1609 2185 1842 2229 sabbatum

457 2256 611 2300 indicit
632 2260 761 2301 Deus.
788 2255 961 2309 Quale?
992 2255 1137 2299 Primo
1160 2255 1237 2298 ubi
1269 2255 1323 2298 sit
1344 2254 1501 2299 videte.
1531 2257 1654 2300 Intus
1686 2264 1770 2310 est,
1796 2255 1842 2298 in

454 2327 584 2372 corde
617 2337 680 2371 est
707 2328 938 2371 sabbatum
974 2335 1187 2370 nostrum.
1223 2325 1351 2370 Multi
1387 2325 1502 2369 enim
1525 2335 1679 2371 vacant
1700 2341 1841 2370 mem-

455 2398 572 2454 bris,
598 2408 641 2442 et
663 2398 989 2443 tumultuantur
1011 2397 1289 2442 conscientia.
1324 2397 1475 2441 Omnis
1509 2397 1641 2442 homo
1669 2397 1836 2452 malus,

455 2468 688 2513 sabbatum
727 2469 889 2513 habere
917 2484 1007 2512 non
1035 2477 1178 2528 potest
1208 2487 1216 2512 :
1248 2483 1463 2527 nusquam
1492 2468 1608 2511 enim
1636 2467 1699 2512 illi
1731 2484 1839 2513 con-

455 2541 638 2601 quiescit
669 2540 959 2597 conscientia,
989 2555 1161 2584 necesse
1189 2548 1252 2583 est
1277 2539 1324 2582 in
1352 2539 1754 2599 perturbationibus
1774 2540 1839 2585 vi-

452 2621 541 2657 vat.
565 2611 648 2657 Cui
668 2620 813 2656 autem
844 2612 959 2657 bona
992 2620 1056 2655 est
1085 2611 1344 2655 conscientia
1361 2645 1372 2666 ,
1398 2611 1658 2671 tranquillus
1681 2620 1773 2656 est:
1796 2620 1839 2655 et

502 2705 509 2720 ¹
536 2697 613 2730 Psal.
636 2709 698 2739 xci,
720 2707 751 2730 2.
769 2715 808 2720 ——
830 2705 841 2720 ²
864 2697 944 2730 Ibid.
966 2708 992 2729 1.
1015 2715 1056 2720 —
1073 2695 1085 2719 3
1105 2697 1204 2729 Exod.
1227 2707 1280 2738 xx,
1302 2700 1332 2730 8.
