1926 3339
422 317 505 356 280
848 330 881 359 s.
919 332 1149 362 meusium
1182 335 1364 362 EPISCOPI

418 406 542 436 suam
560 394 688 437 eruit.
719 414 740 437 «
766 398 1025 441 Potestatem
1043 398 1185 443 habeo
1205 397 1396 458 ponendi
1420 398 1608 443 animam
1635 414 1776 444 meam
1791 435 1803 455 ‚

422 480 443 503 u
478 473 523 508 et
543 475 802 524 potestatem
822 467 964 512 habeo
988 469 1146 513 iterum
1165 469 1365 513 sumendi
1386 484 1481 513 eam
1507 489 1516 514 :
1542 484 1672 514 nemo
1694 470 1807 515 tollit

421 551 441 574 »
477 550 572 578 eam
588 551 610 578 a
633 551 724 593 me,
748 537 849 596 quia
865 552 944 595 ego
967 538 1151 582 dormivi
1169 541 1178 563 ¹
1196 559 1205 583 ε
1227 539 1299 583 sed
1320 540 1410 598 ipse
1428 554 1522 583 eam
1545 555 1662 599 pono
1677 555 1699 583 a
1717 555 1804 595 me,

421 622 442 646 ³)
479 614 523 648 et
539 605 698 648 iterum
719 621 844 650 sumo
866 611 1011 664 eam‘23
1029 608 1167 668 »quia
1185 608 1275 668 ipse
1293 618 1371 664 est,
1393 609 1468 669 qui
1483 609 1595 653 eruit
1616 610 1808 654 animam

418 690 541 718 suam
561 676 616 719 de
635 675 835 719 manibus
851 676 1027 720 inferni.

474 747 555 788 XI.
581 743 664 789 Sed
687 754 730 789 et
757 745 802 788 in
823 746 914 805 ipsa
935 746 1022 791 fide
1051 747 1212 792 Christi
1241 747 1488 792 laboratum
1517 757 1580 792 est
1611 748 1809 810 aliquan-

416 823 512 858 tum
531 849 542 870 ,
577 823 620 859 et
642 814 719 859 diu
741 815 947 860 dixerant
974 818 1133 862 Gentes
1160 816 1394 863 frementes
1419 835 1428 860 :
1459 838 1479 860 «
1503 818 1690 872 Quando
1711 835 1810 865 mo-

419 902 441 925 »
477 884 627 940 rietur,
654 895 696 930 et
713 887 873 946 peribit
891 903 1053 931 nomen
1073 889 1163 949 ejus
1178 889 1221 931 ³?
1241 907 1262 930 n
1288 892 1471 949 Propter
1499 890 1578 934 hos
1600 905 1703 949 ergo
1718 891 1809 950 jam

417 955 465 998 in
493 957 713 1001 Christum
747 957 997 1012 credentes,
1029 958 1104 1002 sed
1134 959 1389 1019 aliquandiu
1410 960 1710 1016 laboraturos,
1743 976 1810 1005 se-

418 1027 569 1086 quitur
586 1036 629 1071 et
656 1027 761 1072 dicit
793 1047 802 1072 t
833 1047 854 1070 ι(
881 1028 965 1072 Ubi
998 1038 1101 1073 sunt
1127 1029 1430 1075 misericordiae
1463 1040 1551 1075 tuae
1585 1031 1777 1090 antiquae
1794 1066 1806 1087 ,

421 1115 442 1138 ³>
478 1099 718 1142 Domine4?
749 1117 768 1139 »
796 1101 893 1143 Jam
928 1100 1181 1158 agnovimus
1211 1101 1432 1146 Christum
1470 1101 1806 1157 mundatorem,

411 1168 502 1227 jam
520 1178 718 1212 tenemus
735 1169 779 1212 in
793 1185 882 1229 quo
900 1169 1091 1229 comples
1113 1171 1341 1230 promissa:
1359 1172 1515 1216 exhibe
1537 1173 1583 1216 in
1600 1171 1676 1216 illo
1691 1171 1811 1233 quod

414 1239 663 1297 promisisti.
700 1242 797 1298 Ipse
830 1249 894 1284 est
921 1241 997 1301 qui
1028 1241 1169 1296 vivet,
1200 1251 1244 1286 et
1270 1258 1359 1287 non
1391 1242 1560 1287 videbit
1595 1252 1807 1301 mortem,

415 1309 506 1368 ipse
520 1319 582 1353 est
604 1311 680 1369 qui
698 1311 811 1354 eruit
832 1311 1021 1354 animam
1038 1327 1160 1355 suam
1176 1311 1231 1355 de
1246 1313 1449 1357 manibus
1464 1312 1624 1356 inferni
1641 1332 1651 1359 :
1669 1323 1711 1357 et
1732 1329 1810 1358 nos

414 1388 563 1423 tamen
585 1379 729 1424 adhuc
745 1380 1011 1425 laboramus.
1037 1381 1249 1426 Dixerunt
1270 1383 1347 1426 ista
1367 1385 1594 1440 Martyres,
1620 1398 1810 1443 quorum

415 1449 575 1494 natalia
599 1450 882 1495 celebramus.
909 1454 1005 1511 Ipse
1039 1453 1181 1507 vivet,
1213 1461 1256 1496 et
1291 1468 1382 1496 non
1402 1452 1570 1497 videbit
1597 1463 1806 1508 mortem,

415 1520 506 1579 ipse
524 1521 636 1565 eruit
658 1522 847 1565 animam
866 1538 989 1566 suam
1011 1521 1066 1566 de
1088 1522 1292 1566 manibus
1315 1522 1499 1567 inferni:
1522 1533 1565 1567 et
1586 1540 1663 1568 nos
1681 1540 1810 1584 prop-

414 1599 480 1634 ter
501 1600 544 1635 te
575 1592 890 1636 mortificamur
912 1601 1003 1636 tota
1026 1591 1097 1636 die
1112 1628 1123 1647 ,
1160 1592 1357 1652 deputati
1390 1609 1538 1636 sumus
1566 1594 1687 1638 velut
1709 1610 1808 1638 oves

416 1662 685 1706 occisionis5.
725 1682 745 1704 «
771 1663 854 1707 Ubi
882 1672 985 1706 sunt
1013 1662 1318 1707 misericordiae
1349 1672 1436 1707 tuae
1473 1665 1689 1724 antiquae,
1722 1668 1809 1709 Do-

418 1749 437 1771 »
474 1733 612 1788 mine,
636 1749 743 1793 quas
757 1734 911 1793 jurasti
927 1732 1064 1777 David
1085 1734 1131 1777 in
1154 1733 1332 1777 veritate
1353 1736 1458 1778 tua?
1485 1754 1502 1776 »

472 1805 574 1846 XII.
613 1822 631 1843 «
657 1806 904 1858 Memento,
945 1804 1156 1858 Domine,
1191 1804 1416 1863 opprobrii
1451 1820 1676 1849 servorum
1705 1814 1809 1850 tuo-

417 1890 438 1912 »
474 1887 572 1915 rum
587 1873 618 1916 ὓ.
638 1891 658 1913 »
678 1875 774 1916 Jam
790 1871 866 1917 illo
889 1873 1082 1928 vivente,
1103 1875 1192 1933 jam
1214 1874 1261 1917 in
1285 1874 1399 1919 coelo
1418 1875 1472 1919 ad
1491 1874 1708 1919 dexteram
1727 1879 1810 1919 Pa-

415 1943 490 1987 tris
512 1943 690 1987 sedente
705 1979 715 1998 ,
747 1944 979 2003 opprobria
1015 1945 1184 2005 objecta
1205 1955 1306 1989 sunt
1330 1946 1582 1990 Christianis
1610 1963 1619 1988 :
1644 1946 1809 1991 crimen

416 2013 470 2058 de
488 2015 660 2060 Christo
683 2016 914 2061 Christiani
937 2015 1013 2060 diu
1036 2016 1305 2061 habuerunt.
1333 2018 1475 2061 Vidua
1504 2017 1578 2062 illa
1604 2019 1776 2078 pariens
1793 2054 1805 2074 ,

416 2094 460 2129 et
475 2085 642 2130 habens
666 2085 776 2131 filios
792 2086 1133 2132 abundantiores
1154 2104 1286 2148 quam
1308 2088 1380 2132 illa
1404 2105 1503 2149 quae
1523 2089 1717 2134 habebat
1743 2090 1808 2134 vi-

420 2171 518 2200 rum
534 2158 565 2212 ⁷,
597 2158 764 2202 audivit
789 2158 1072 2216 ignominias,
1111 2158 1278 2203 audivit
1314 2159 1548 2218 opprobria
1581 2175 1590 2201 :
1627 2159 1703 2204 sed
1720 2162 1808 2205 Ec-

416 2225 545 2271 clesia
559 2227 863 2287 multiplicata,
882 2228 1117 2272 extendens
1133 2229 1178 2272 in
1193 2227 1410 2272 dexteram
1428 2238 1559 2290 atque
1571 2230 1803 2287 sinistram,

418 2296 670 2355 ignominiae
690 2297 911 2341 viduitatis
935 2313 1023 2341 suae
1040 2299 1129 2357 jam
1143 2314 1232 2342 non
1249 2308 1504 2343 estmemor.
1526 2318 1546 2341 «
1565 2303 1802 2356 Memento,

421 2386 437 2407 »
474 2368 680 2421 Domine,
707 2386 727 2408 »
755 2368 874 2426 apud
908 2383 1040 2428 quem
1067 2378 1130 2412 est
1158 2369 1427 2413 abundantia
1458 2371 1678 2415 suavitatis
1711 2387 1805 2415 me-

414 2437 565 2480 moriae
596 2430 712 2481 tuae:
743 2441 1031 2493 «Memento,
1064 2459 1080 2479 »
1118 2438 1209 2483 noli
1241 2438 1451 2484 oblivisci.
1485 2441 1629 2496 Quid,
1664 2460 1681 2481 «
1711 2444 1806 2486 Me-

417 2524 437 2545 »
473 2509 653 2552 mento?
683 2511 903 2552 Memento
935 2509 1158 2568 opprobrii
1192 2525 1414 2554 servorum
1444 2520 1621 2555 tuorum
1642 2547 1652 2565 ,
1684 2512 1805 2571 quod

463 2609 470 2622 ¹
493 2604 571 2635 Psal.
594 2616 640 2642 111,
658 2605 742 2636 6.—
759 2607 875 2636 ²Joan.
896 2617 927 2645 x,
952 2616 1003 2646 17,
1027 2606 1077 2637 18.
1098 2623 1139 2628 --
1161 2605 1173 2628 3
1190 2607 1269 2638 Psal.
1294 2618 1344 2647 xii,
1365 2607 1396 2638 6.
1416 2625 1457 2629 —
1476 2606 1491 2637 4
1512 2607 1557 2639 Id.
1578 2619 1729 2649 mxxviii,
1749 2609 1800 2641 50.

415 2674 456 2680 -
478 2656 664 2700 1³ld.xtn1‚
685 2669 797 2692 21)..—
819 2658 893 2692 ssldr
914 2661 1136 2702 1,xxxv111,5r.
1160 2678 1200 2684 -—
1219 2664 1399 2703 7Isa'1'.1,1v,
1428 2675 1456 2704 r,
1473 2667 1506 2696 et
1523 2663 1589 2696 Gal.
1615 2675 1658 2704 iv,
1678 2672 1733 2705 27.
