1926 3339
408 275 649 304 Exitum-rio
681 278 727 304 m
759 277 962 305 PSALMUM
994 277 1153 305 Lxxvn.
1373 272 1421 308 51

103 342 266 386 XXIV.
296 359 317 384 «
340 341 397 386 Et
418 340 669 385 recordatus
691 350 755 384 est
775 342 877 401 quia
894 356 994 386 caro
1011 351 1130 397 sunt,
1154 342 1328 401 spiritus
1349 359 1428 388 va-

47 429 68 452 »
102 410 209 456 dens
231 421 274 456 et
290 427 380 456 non
398 420 631 456 revertens.
655 429 675 452 n
695 411 799 456 Ideo
822 427 893 456 eos
909 412 1108 457 vocando
1126 421 1170 456 et
1185 412 1429 458 miserando

42 495 118 541 per
138 497 260 525 suam
283 483 463 540 gratiam
485 482 576 540 ipse
600 482 848 533 revocavit,
868 483 970 543 quia
991 498 1069 543 per
1096 498 1141 527 se
1157 482 1270 542 ipsos
1289 482 1429 527 redire

41 567 132 596 non
152 561 342 611 possent.
372 551 604 605 Quomodo
633 552 751 595 enim
772 552 885 597 redit
913 569 1014 597 caro
1029 588 1040 608 ‚
1071 553 1245 612 spiritus
1268 553 1428 597 ambu-

39 620 133 665 lans
155 631 199 666 et
219 637 308 666 non
329 630 547 666 revertens
563 657 574 677 ‚
599 631 782 679 urgente
802 639 845 667 se
864 623 910 667 in
932 624 1018 667 ima
1040 633 1171 684 atque
1187 623 1428 683 longinqua

39 691 255 736 malorum
271 691 463 752 pondere
485 693 851 748 meritorummisi
873 709 951 753 per
972 692 1229 738 electionem
1254 694 1428 752 gratiae?

41 764 149 814 Quae
171 778 260 807 non
281 762 442 807 meritis
463 773 671 824 tanquam
690 779 854 807 merces
876 763 1092 817 redditur,
1118 762 1193 807 sed
1215 773 1425 824 tanquam

39 833 205 878 donum
244 835 374 893 gratis
408 834 537 878 datur
564 854 572 879 :
605 844 653 879 ut
677 836 941 895 justificetur
963 832 1121 894 impius
1138 836 1151 861 ¹
1171 869 1181 888 ‚
1205 843 1248 878 et
1277 834 1425 878 redeat

39 904 129 949 ovis
152 903 339 962 perdita3
363 920 452 949 non
474 914 620 948 tamen
656 905 704 948 in
724 905 887 950 viribus
908 905 994 948 suis
1010 940 1021 959 ‚
1053 905 1130 948 sed
1157 904 1203 947 in
1234 903 1428 948 humeris

38 984 254 1034 reportata
286 976 522 1035 pastoris2,
557 992 657 1036 quae
684 991 728 1020 se
759 977 940 1035 perdere
962 976 1107 1036 potuit
1144 975 1251 1020 dum
1273 984 1429 1034 sponte

38 1055 290 1103 vagaretur,
315 1061 359 1089 se
374 1055 520 1090 autem
536 1047 732 1091 invenire
753 1062 843 1090 non
866 1047 1031 1105 potuit,
1057 1062 1138 1091 nec
1156 1046 1335 1090 omnino
1357 1045 1427 1090 in-

38 1116 274 1168 veniretur,
292 1116 370 1159 nisi
394 1117 572 1173 pastoris
587 1117 880 1161 misericordia
897 1127 1181 1177 quaereretur.
1194 1120 1292 1162 Non
1312 1117 1430 1161 enim

39 1197 83 1232 et
112 1187 185 1231 ille
207 1187 321 1231 filius
343 1187 398 1231 ad
427 1189 539 1233 hanc
561 1198 686 1232 ovem
708 1204 798 1233 non
822 1189 1009 1248 pertinet
1027 1224 1038 1243 ⁷
1063 1189 1140 1249 qui
1162 1204 1358 1233 reversus
1379 1188 1427 1233 in

38 1258 316 1318 semetipsum
337 1257 446 1303 dixit
470 1278 480 1303 :
511 1278 531 1301 «
554 1261 757 1317 Surgam,
787 1268 830 1303 et
851 1259 924 1303 ibo
947 1258 1002 1302 ad
1023 1270 1192 1319 patrem
1216 1275 1377 1303 meum.
1403 1278 1422 1300 >›

37 1328 219 1373 Occulta
236 1329 383 1390 itaque
403 1330 631 1374 vocatione
652 1339 695 1373 et
710 1330 992 1389 inspiratione
1011 1330 1139 1373 etiam
1157 1330 1247 1389 ipse
1265 1330 1426 1390 quaesi-

37 1408 108 1443 tus
129 1409 194 1443 est
210 1409 253 1444 et
269 1401 560 1455 resuscitatus,
577 1400 749 1444 nonnisi
774 1401 829 1443 ab
851 1399 926 1444 illo
949 1401 1024 1460 qui
1043 1400 1231 1444 vivificat
1251 1401 1395 1444 omnia
1412 1420 1422 1445 ε

38 1482 81 1517 et
110 1473 313 1517 inventus
333 1508 344 1528 ‚
373 1489 398 1517 a
425 1489 540 1533 quo,
571 1473 653 1516 nisi
678 1473 734 1516 ab
757 1472 833 1517 illo
867 1474 942 1532 qui
972 1473 1164 1532 perrexit
1186 1472 1350 1517 salvare
1383 1482 1428 1517 et
1465 1467 1470 1471 ⁴

37 1559 232 1604 quaerere
247 1544 368 1604 quod
390 1544 574 1603 perierat
587 1544 636 1588 ³?
656 1562 676 1585 «
694 1545 897 1588 Mortuus
918 1544 1034 1586 enim
1057 1553 1164 1598 erat,
1186 1552 1229 1587 et
1251 1543 1427 1601 revixit3

39 1633 61 1657 »
94 1615 281 1674 perierat
300 1650 311 1670 ,
336 1624 380 1659 et
399 1615 603 1660 inventus
633 1614 738 1658 est4.
767 1632 788 1655 »
808 1617 917 1659 Nam
941 1623 985 1657 et
1007 1613 1081 1657 illa
1103 1629 1194 1659 non
1219 1614 1347 1670 levis,
1368 1614 1429 1659 sic

37 1685 218 1730 solvitur
239 1686 424 1746 quaestio
440 1721 451 1741 ,
477 1685 599 1745 quod
630 1686 676 1730 in
707 1685 950 1730 Proverbiis
978 1685 1190 1744 scriptum
1211 1694 1275 1729 est
1290 1720 1301 1741 ‚
1325 1700 1428 1730 cum

37 1755 93 1801 de
109 1757 178 1802 via
198 1757 437 1817 iniquitatis
457 1757 678 1816 Scriptura
695 1756 951 1816 loqueretur
974 1775 983 1800 ι
1008 1774 1029 1798 «
1053 1757 1214 1800 Omnes
1236 1756 1313 1816 qui
1336 1772 1429 1800 am-

40 1845 61 1869 »
97 1826 251 1872 bulant
267 1828 314 1871 in
331 1843 380 1872 ea
393 1863 403 1883 ‚
425 1843 515 1872 non
536 1836 808 1872 revertentur
823 1829 855 1870 ⁵.
879 1845 900 1868 »
918 1827 987 1872 Sic
1008 1827 1124 1871 enim
1146 1827 1313 1871 dictum
1334 1837 1424 1884 est,

37 1898 160 1958 quasi
178 1897 233 1942 de
251 1898 412 1959 iniquis
430 1898 633 1942 omnibus
651 1896 972 1957 desperandum
986 1897 1040 1941 sit
1058 1916 1066 1941 :
1086 1897 1308 1957 Scriptura
1325 1913 1428 1944 vero

38 1969 218 2028 gratiam
236 1967 559 2012 commendavit
578 1988 590 2025 3
611 1968 713 2028 quia
734 1983 812 2027 per
833 1983 876 2012 se
898 1968 1042 2027 ipsum
1063 1968 1196 2012 homo
1218 1978 1361 2028 potest
1381 1969 1426 2013 in

38 2039 112 2084 illa
134 2039 374 2094 ambulare,
400 2054 491 2083 non
511 2047 655 2098 potest
671 2047 817 2082 autem
841 2053 918 2098 per
938 2053 983 2082 se
1004 2038 1147 2098 ipsum
1170 2039 1326 2095 redire,
1343 2039 1426 2084 nisi

39 2110 172 2170 gratia
190 2117 433 2155 revocatus.

95 2183 235 2225 XXV.
272 2181 329 2225 Hi
359 2195 462 2239 ergo
488 2179 611 2240 pravi
638 2188 682 2223 et
717 2179 1026 2234 amaricantes,
1067 2197 1089 2221 ι(
1113 2179 1292 2232 Quoties
1323 2195 1425 2224 exa-

40 2270 63 2294 »
97 2252 382 2296 cerbaverunt
403 2266 504 2295 eum
526 2250 573 2294 in
595 2249 766 2295 deserto
786 2285 797 2305 ‚
828 2259 871 2294 et
898 2250 944 2294 in
964 2249 1074 2294 iram
1095 2250 1426 2296 concitaverunt

39 2341 59 2365 n
98 2338 198 2366 eum
232 2323 277 2367 in
307 2322 553 2382 inaquoso?
582 2324 640 2366 Et
667 2321 863 2365 conversi
895 2329 998 2364 sunt
1023 2355 1034 2376 ,
1067 2329 1110 2364 et
1144 2330 1425 2368 tentaverunt

39 2412 60 2435 »
97 2396 236 2438 Deum
252 2428 263 2448 ‚
289 2402 331 2436 et
347 2401 544 2436 sanctum
564 2391 695 2436 Israel
717 2391 1087 2435 exacerbaverunt
1104 2393 1137 2435 ⁶.
1172 2410 1193 2433 »
1214 2392 1425 2437 Eamdem

38 2464 213 2509 illorum
233 2462 535 2508 infidelitatem
557 2463 713 2522 repetit
730 2497 741 2518 ,
767 2477 899 2522 quam
916 2462 1112 2522 superius
1123 2463 1214 2522 jam
1237 2478 1424 2507 comme-

87 2567 96 2584 ¹
118 2564 209 2594 Rom.
223 2572 270 2601 iv,
290 2560 323 2603 4,
348 2560 379 2593 5.
406 2577 447 2583 -·
464 2567 476 2583 ²
496 2562 572 2592 Luc.
594 2571 648 2600 xv,
664 2559 695 2591 5.
717 2576 759 2582 —·
780 2557 855 2591 ³1d.
876 2569 941 2599 xix,
958 2570 1069 2591 10.—
1084 2556 1165 2590 61d.
1181 2569 1233 2592 xv,
1259 2558 1298 2591 18
1316 2564 1348 2591 et
1361 2561 1413 2602 24.

40 2634 82 2640 -—
99 2614 114 2640 5
133 2619 228 2649 Prov.
246 2629 294 2658 xi,
316 2627 366 2659 19,
386 2633 426 2639 —
444 2613 546 2648 ⁶Psal.
567 2626 682 2656 uun,
702 2613 756 2656 4ο,
777 2613 831 2656 ίμ.

1195 2668 1233 2706 [ι.

1548 1920 1569 1935 ν.
