1926 3339
355 310 596 339 ENARRA'HO
628 313 671 338 nv
707 310 908 338 PSALMUM
940 313 1072 338 Lxxx.
1350 305 1428 341 109

48 383 204 419 terram
237 376 297 420 ibi
330 377 555 436 portabat,
586 377 688 436 quia
709 375 862 420 lateres
882 374 1082 420 faciebat.
1113 395 1134 418 «
1158 380 1313 421 Manus
1339 380 1430 437 ejus

49 462 70 486 »
104 445 150 488 in
171 447 359 506 cophino
381 448 636 491 servierunt.
665 466 685 488 )›

104 517 161 559 X.
187 534 208 558 «
233 520 285 560 In
305 517 586 562 tribulatione
605 518 811 562 invocasti
834 533 918 574 me,
944 527 988 562 et
1010 518 1102 562 erui
1119 520 1202 562 te¹.
1222 537 1241 558 »
1267 520 1434 575 Recog-

47 595 194 630 noscat
226 602 270 631 se
301 603 579 648 unaquaeque
614 588 876 632 conscientia
909 588 1166 643 christiana,
1209 588 1243 631 si
1279 588 1435 632 devote

47 656 261 700 transierit
283 672 401 701 mare
430 658 632 702 Rubrum
646 661 677 714 ¹,
701 659 734 702 si
756 674 856 703 cum
886 659 974 702 fide
999 657 1206 702 credendi
1228 666 1271 702 et
1292 658 1435 702 obser-

46 725 177 771 vandi
195 726 388 786 linguam
414 744 546 788 quam
570 744 659 773 non
679 738 860 773 noverat
882 728 1048 772 audivit
1062 763 1072 783 ,
1094 737 1374 787 recognoscat
1393 744 1436 772 se

45 797 93 841 in
125 797 406 843 tribulatione
441 799 702 844 exauditam.
742 803 838 859 Ipsa
870 799 984 842 enim
1019 814 1178 857 magna
1212 799 1437 843 tribulatio

47 877 154 925 erat,
175 869 312 928 premi
329 871 504 914 sarcinis
517 880 810 929 peccatorum.
833 872 1057 923 Quantum
1073 869 1234 927 gaudet
1249 869 1437 913 relevata

46 940 339 984 conscientia?
369 943 482 984 Ecce
513 941 758 999 baptizatus
797 956 841 983 es
856 975 867 992 ,
903 939 1166 983 conscientia
1205 956 1304 998 quae
1345 940 1438 983 heri

45 1010 350 1070 premebatur,
385 1010 516 1055 hodie
546 1010 802 1069 gratulatur.
835 1011 1078 1055 Exauditus
1108 1027 1151 1055 es
1180 1011 1225 1054 in
1257 1009 1438 1055 tribula-

47 1079 180 1136 tione,
200 1090 420 1125 memento
437 1081 726 1125 tribulationis
748 1091 847 1125 tuae.
871 1084 1118 1142 Antequam
1139 1080 1363 1125 accederes
1383 1080 1439 1124 ad

48 1166 222 1211 aquam,
241 1151 350 1211 quid
371 1150 673 1195 sollicitudinis
691 1151 1011 1211 gerebaquuid
1030 1152 1297 1212 jejuniorum
1316 1151 1438 1194 exhi—

47 1222 208 1265 bebas?
228 1221 338 1282 quid
361 1221 691 1266 tribulationum
713 1222 758 1265 in
781 1221 912 1266 corde
935 1222 1130 1279 gestabas
1147 1257 1157 1277 ,
1191 1222 1439 1266 orationum

47 1292 316 1336 internarum
332 1327 343 1345 .,
368 1292 537 1351 piarum
555 1328 566 1346 ,
587 1291 873 1337 devotarum?
895 1293 1036 1337 Occisi
1059 1302 1161 1336 sunt
1181 1294 1325 1337 hostes
1343 1294 1406 1337 tui
1425 1328 1436 1347 ,

48 1363 191 1407 omnia
210 1372 389 1422 peccata
407 1372 482 1407 tua
502 1362 644 1407 deleta
661 1372 776 1407 sunt.
809 1382 825 1404 «
850 1367 900 1407 In
923 1363 1206 1407 tribulatione
1228 1363 1439 1408 invocasti

50 1451 71 1475 »
105 1448 200 1488 me,
224 1433 373 1477 eterui
388 1443 446 1477 te.
476 1451 497 1474 »

105 1505 186 1548 XI.
217 1522 236 1545 «
257 1503 469 1548 Exaudivi
493 1512 537 1547 te
568 1503 615 1547 in
642 1504 897 1549 abscondito
922 1505 1201 1563 tempestatis.
1231 1523 1249 1545 ³>
1276 1507 1374 1549 Non
1395 1505 1441 1548 in

48 1583 303 1634 tempestate
330 1575 458 1618 maris
477 1609 488 1630 ,
522 1574 599 1619 sed
629 1574 675 1618 in
703 1584 958 1634 tempestate
992 1575 1148 1619 cordis.
1182 1594 1202 1616 α
1227 1575 1441 1618 Exaudivi

51 1663 73 1687 >›
106 1654 149 1689 te
170 1646 214 1689 in
238 1645 495 1690 abscondito
530 1646 794 1705 tempestatis
817 1661 824 1686 :
850 1646 1033 1705 probavi
1058 1656 1099 1689 te
1120 1645 1167 1688 in
1190 1661 1302 1705 aqua
1333 1661 1440 1689 con«

51 1734 72 1758 »
106 1715 375 1760 tradictionis
387 1719 419 1759 ².
448 1734 468 1757 »
489 1719 681 1770 Revera,
707 1715 859 1760 fratres
877 1752 887 1770 ,
914 1732 1084 1770 revera,
1111 1716 1187 1775 qui
1217 1716 1443 1760 exauditus

49 1795 113 1832 est
134 1787 181 1831 in
202 1786 460 1831 abscondito
483 1788 767 1846 tempestatis,
792 1787 925 1831 debet
946 1787 1122 1847 probari
1139 1788 1184 1830 in
1208 1803 1321 1847 aqua
1343 1803 1442 1832 con-

49 1858 333 1902 tradictionis.
359 1859 471 1902 Cum
495 1858 610 1901 enim
628 1858 881 1913 crediderit,
907 1874 1004 1902 cum
1029 1859 1270 1917 baptizatus
1286 1859 1440 1913 suerit,

51 1945 151 1974 cum
178 1929 290 1973 viam
313 1929 389 1972 Dei
412 1943 587 1987 carpere
609 1929 816 1988 coeperit,
849 1944 950 1972 cum
976 1929 1021 1972 in
1042 1928 1337 1986 gemellarium
1363 1928 1442 1972 eli-

51 1999 176 2060 quari
208 1998 470 2054 intenderit,
503 2009 548 2042 et
580 2000 635 2043 ab
661 2015 836 2042 amurca
863 1998 1041 2058 publice
1066 2008 1268 2042 currente
1304 2015 1347 2043 se
1369 2014 1444 2042 ex-

51 2071 242 2126 traxerit,
263 2070 446 2115 habebit
466 2070 628 2115 multos
644 2071 943 2129 exagitatores,
966 2069 1126 2114 multos
1148 2069 1440 2123 insultatores,

52 2141 213 2186 multos
243 2140 534 2196 detractores,
567 2141 892 2196 dehortatores,
941 2141 1154 2184 minantes
1198 2141 1327 2184 etiam
1366 2140 1444 2183 ubi

51 2221 257 2272 possunt,
294 2210 583 2266 deterrentes,
615 2211 921 2270 deprimentes.
951 2213 1054 2254 Haec
1086 2219 1175 2254 tota
1201 2225 1312 2269 aqua
1334 2226 1442 2254 eon-

52 2282 322 2328 tradictionis
339 2291 418 2326 est.
441 2285 555 2326 Puto
579 2281 710 2326 hodie
731 2297 821 2325 esse
843 2281 914 2325 hic
943 2281 1002 2325 sic
1018 2316 1029 2337 ,
1061 2281 1246 2325 arbitror
1268 2296 1357 2324 esse
1374 2281 1444 2325 hic

53 2352 288 2398 nonnullos
302 2387 313 2408 ,
339 2367 448 2413 quos
477 2351 604 2396 amici
625 2352 689 2396 sui
715 2351 924 2396 volebant
945 2367 1095 2412 rapere
1117 2352 1174 2396 ad
1197 2353 1357 2396 circum
1372 2387 1382 2405 .
1403 2361 1446 2395 et

56 2424 110 2470 ad
131 2424 278 2469 nescio
301 2439 409 2484 quas
426 2423 650 2468 hodiernae
665 2422 909 2468 festivitatis
934 2439 1095 2482 nugas:
1120 2422 1233 2468 forte
1250 2424 1329 2482 ipsi
1350 2422 1446 2467 illos

57 2496 334 2542 adduxerunt
354 2495 411 2540 ad
432 2495 684 2540 Ecclesiam.
709 2495 793 2540 Sed
814 2496 901 2539 sive
919 2495 999 2555 ipsi
1021 2495 1116 2540 illos
1143 2496 1441 2549 adduxerunt,

57 2568 142 2614 sive
159 2568 214 2613 ab
232 2568 291 2612 eis
314 2566 370 2612 ad
387 2567 552 2612 circum
575 2566 736 2612 abduci
757 2582 847 2613 non
862 2575 1102 2627 potuerunt
1115 2601 1127 2622 ,
1150 2567 1194 2611 in
1212 2581 1325 2627 aqua
1344 2581 1444 2611 con-

105 2659 114 2677 ¹
134 2653 216 2686 Psal.
237 2663 334 2695 Lxxx,
353 2652 385 2686 8.
402 2669 444 2676 --
461 2659 474 2676 ²
493 2653 594 2686 Exod.
616 2663 683 2695 xw,
710 2661 765 2684 22.
