1926 3339
0 0 100 233 s

201 335 443 365 ENAanArxo
476 338 489 364 1
524 338 567 365 m
601 335 804 366 PsALMUM
836 337 1065 378 Lxxxvm,
1100 338 1239 368 smnio
1272 342 1302 367 1.
1366 328 1451 368 249

64 419 153 449 non
171 419 268 448 sum
290 423 299 449 ;
318 404 352 448 si
370 419 392 448 a
416 418 485 447 me
506 402 680 464 loquor,
705 403 891 449 mendax
908 419 1019 449 sum.
1038 407 1153 464 Ergo
1174 414 1225 449 ut
1248 414 1293 450 et
1314 406 1388 450 abs
1409 415 1450 454 te

63 475 231 530 dicam,
265 483 308 518 et
337 489 417 533 ego
445 473 608 529 dicam,
634 473 722 519 duo
745 473 947 535 quaedam
970 486 1098 532 sunt,
1132 491 1271 520 unum
1295 484 1446 532 tuum,

63 561 203 590 unum
237 560 413 603 meum,
438 545 594 589 veritas
617 554 716 601 tua,
743 561 789 590 os
812 562 972 590 meum.
1003 549 1145 600 Quam
1174 561 1275 605 ergo
1296 547 1454 591 verita-

64 626 153 661 tem
175 617 421 670 annuntiet,
447 632 553 676 quas
577 618 890 663 misericordias
909 627 1070 673 cantet,
1098 616 1340 662 audiamus.

125 689 205 731 111.
231 705 250 728 «
273 687 489 739 Quoniam
507 686 677 745 dixisti,
699 691 750 732 In
775 697 988 732 aeternum
1007 688 1298 733 misericordia
1321 686 1456 731 aedifi-

69 776 89 800 »
123 757 294 801 cabitur
312 759 371 800 ¹.»
395 760 487 802 Hoc
505 767 649 813 canto,
676 759 770 803 haec
792 768 855 803 est
871 760 1027 803 veritas
1045 768 1135 814 tua,
1153 759 1256 804 huic
1278 774 1455 802 annun-

64 826 226 872 tiandae
249 827 377 872 servit
400 843 446 872 os
469 843 613 872 meum
646 848 654 873 ε
684 848 703 870 «
727 829 941 882 Quoniam
969 829 1134 875 dixisti:
1163 832 1214 873 In
1242 838 1455 873 aeternum

68 916 89 940 »
122 897 414 942 misericordia
435 898 736 942 [edificabitur.
760 916 778 939 »
798 899 882 953 Sic,
903 899 1063 959 inquis,
1089 898 1274 953 aedifico,
1294 908 1345 941 ut
1366 914 1457 942 non

0 982 1 1004 ³
64 968 313 1026 destruam,
338 969 545 1029 quoniam
567 969 779 1029 quosdam
806 970 867 1014 sic
896 970 1082 1014 destruis
1103 1005 1113 1025 ,
1139 979 1298 1013 utnon
1315 968 1456 1013 aedifi-

65 1054 161 1097 ces,
187 1040 397 1099 quosdam
429 1055 531 1083 vcro
554 1039 614 1083 sie
644 1039 857 1095 destruis,
899 1049 950 1084 ut
980 1039 1183 1084 aedifices.
1216 1039 1305 1084 Nisi
1339 1039 1457 1082 enim

64 1110 243 1171 quidam
267 1112 594 1154 destruerentur
614 1120 664 1154 ut
685 1111 1020 1165 aedificarentur,
1042 1127 1132 1155 non
1155 1109 1374 1155 diceretur
1385 1112 1459 1154 Je-

0 1207 2 1239 5
65 1181 231 1236 remiae,
260 1200 281 1223 «
307 1184 420 1225 Ecce
438 1182 561 1240 posui
584 1190 627 1225 te
655 1182 709 1225 ad
738 1180 1106 1237 destructionem,
1139 1191 1183 1226 et
1204 1181 1458 1225 aedificatio-

68 1271 89 1294 »
123 1267 224 1295 nem
238 1255 270 1295 2.
300 1270 319 1292 n
348 1255 404 1296 Et
426 1252 580 1312 utique
612 1268 762 1297 omnes
785 1253 861 1313 qui
883 1252 999 1297 idola
1025 1252 1255 1303 colebant,
1282 1262 1325 1296 et
1347 1251 1458 1311 lapi-

65 1323 192 1367 dibus
225 1323 494 1377 serviebant,
520 1323 563 1366 in
589 1324 760 1368 Christo
797 1340 885 1367 non
916 1324 1262 1378 aedificarentur,
1302 1323 1382 1367 nisi
1413 1323 1459 1366 in

65 1393 247 1454 pristino
268 1409 411 1438 errore
434 1393 776 1438 destruerentur.
803 1398 969 1439 Rursus
992 1395 1074 1438 nisi
1089 1395 1265 1454 quidam
1284 1394 1343 1437 ita
1357 1393 1458 1437 des-

66 1474 330 1520 truerentur,
362 1474 409 1508 ut
434 1481 521 1509 non
551 1465 894 1521 aedificarentur,
925 1482 1013 1510 non
1034 1466 1278 1520 diceretur,
1309 1485 1328 1507 «
1355 1468 1460 1508 Des-

69 1554 88 1578 »
126 1546 241 1579 trues
264 1551 358 1590 eos,
390 1545 432 1579 ct
460 1551 550 1579 non
571 1536 807 1580 aedificabis
830 1535 926 1581 illos
944 1539 974 1580 ³.
1006 1555 1026 1577 »
1054 1540 1234 1595 Profiter
1263 1551 1334 1579 eos
1356 1550 1460 1593 ergo

60 1607 142 1668 qui
164 1606 450 1650 destruuntur
463 1615 505 1650 et
515 1606 804 1662 aedificantur,
825 1622 879 1650 ne
893 1616 1099 1667 putarent
1121 1606 1461 1651 aedificationem

67 1693 151 1738 qua
175 1675 462 1730 aedificantur,
496 1692 585 1720 csse
612 1677 896 1736 temporalem
914 1712 925 1732 ,
951 1677 1063 1721 sicut
1092 1676 1341 1736 temporalis
1378 1674 1463 1720 fuit

67 1748 192 1791 ruina
216 1747 261 1790 in
284 1763 369 1807 qua
392 1746 705 1804 destruuntur,
732 1747 874 1791 tenuit
896 1763 940 1791 se
969 1747 1047 1791 iste
1063 1783 1073 1801 ,
1112 1748 1238 1807 cujus
1261 1763 1308 1791 os
1331 1747 1463 1791 servit

67 1817 237 1863 veritati
270 1817 346 1861 Dei
378 1816 433 1860 ad
464 1817 598 1875 ipsam
632 1817 856 1861 veritatem
889 1817 982 1862 Dei.
1021 1817 1125 1862 Ideo
1156 1816 1457 1871 annuntiabo,

67 1887 165 1932 ideo
187 1887 301 1939 dico,
327 1887 581 1940 «Quoniam
604 1886 749 1931 dixisti
771 1907 780 1932 2
806 1906 825 1928 »
851 1904 1028 1932 securus
1051 1889 1184 1932 homo
1206 1887 1319 1941 dico,
1347 1903 1462 1947 quo-

67 1959 183 2003 niam
205 1967 254 2002 tu
279 1961 391 2001 Deus
415 1957 574 2001 dixisti.
603 1957 709 2010 Quia
732 1967 776 2001 et
791 1958 823 2001 si
842 1974 922 2016 ego
944 1959 988 2001 in
1012 1958 1144 2002 verbo
1161 1973 1258 2002 meo
1272 1958 1464 2001 fluctua-

69 2045 157 2073 rem
177 2064 188 2084 ,
212 2028 348 2073 verbo
377 2037 454 2071 tuo
481 2028 787 2082 confirmarer,
827 2047 847 2070 «
875 2028 1093 2081 Quoniam
1117 2028 1275 2071 dixisti.
1300 2046 1320 2069 »
1347 2027 1465 2081 Quid

69 2099 210 2143 dixisti
223 2100 240 2139 ἱ)
261 2118 280 2141 «
304 2102 353 2142 In
376 2107 589 2141 aeternum
617 2097 908 2142 misericordia
931 2098 1235 2142 aedificabitur.
1265 2101 1316 2142 In
1342 2098 1464 2142 coelis

72 2189 91 2211 »
126 2169 443 2229 praeparabitur
479 2168 633 2212 veritas
668 2178 758 2212 tua.
790 2186 809 2208 »
836 2167 1069 2221 Quomodo
1092 2168 1311 2227 superius,
1338 2168 1396 2211 ita
1419 2168 1465 2211 in

69 2241 364 2301 sequentibus.
409 2233 439 2282 a(
458 2240 772 2285 Misericordias
807 2249 930 2294 tuas,
971 2240 1181 2294 Domine,
1218 2240 1389 2299 inquit,
1421 2239 1466 2282 in

73 2331 92 2353 »
127 2321 339 2355 aeternum
373 2312 559 2355 cantabo
596 2330 604 2355 :
644 2311 688 2354 in
719 2311 1041 2369 generationem
1074 2320 1117 2354 et
1140 2310 1464 2368 generationem

73 2401 92 2423 η
125 2381 397 2425 annuntiabo
421 2381 646 2425 veritatem
672 2391 792 2425 tuam
808 2380 854 2424 in
878 2396 952 2425 ore
970 2396 1111 2425 meo.»
1144 2380 1261 2425 Dixit
1294 2380 1464 2423 miseri-

71 2451 252 2506 cordias,
274 2452 380 2496 dixit
400 2453 624 2495 veritatem
658 2471 666 2496 :
693 2452 753 2497 ita
779 2468 926 2496 rursus
951 2462 1190 2512 utrumque
1213 2451 1463 2511 conjunxit,

76 2542 96 2564 «
130 2523 344 2575 Quoniam
357 2521 500 2565 dixisti
518 2541 527 2567 ;
546 2525 597 2565 In
615 2531 829 2566 aeternum
844 2522 1138 2567 misericordia
1156 2521 1462 2566 aedificabitur.

75 2610 95 2632 »
132 2594 184 2635 In
205 2591 324 2635 coelis
355 2591 671 2651 praeparabitur
701 2592 858 2636 veritas
892 2601 982 2635 tua.
1019 2611 1038 2633 »
1067 2595 1124 2636 Et
1159 2592 1228 2636 hic
1264 2590 1467 2650 repetivit

121 2684 129 2699 ¹
154 2677 233 2709 Psal.
256 2689 403 2718 Lxxxvm,
424 2678 452 2708 3.
475 2695 513 2700 —
535 2686 546 2700 ²
566 2680 685 2710 Jercin.
707 2689 729 2717 ι,
753 2689 802 2711 10.
825 2694 866 2700 —
888 2676 900 2699 3
921 2677 1001 2710 Psal.
1025 2689 1126 2718 xxvn,
1152 2678 1182 2708 5.
