1926 3339
472 263 558 303 476
901 276 939 303 s.
970 272 1201 304 Ancus’rlm
1232 275 1414 303 Emscom

471 356 561 385 non
582 339 698 384 enim
724 337 886 384 faceret
909 339 1089 383 malleus
1119 339 1173 384 de
1194 355 1238 384 se
1267 340 1374 400 ipso.
1400 344 1457 383 De
1484 338 1600 383 illius
1625 339 1741 383 enim
1763 339 1857 384 dia·

470 411 562 455 boli
584 426 716 470 poena
737 409 883 454 futura
906 411 1123 469 Propheta
1145 426 1488 455 commemorans
1514 410 1600 465 ait,
1634 429 1651 450 «
1680 411 1857 455 Contri-

474 500 493 524 »
529 490 597 525 tus
620 490 683 525 est
716 480 897 524 malleus
920 481 1130 525 universae
1159 484 1330 526 terrae1.
1359 500 1379 523 »
1411 480 1619 525 Malleum
1646 481 1858 526 universae

468 562 610 607 terrae,
645 550 871 596 diabolum
890 551 1031 596 voluit
1057 551 1257 610 intelligi.
1285 556 1347 597 De
1369 553 1462 612 ipso
1484 552 1642 597 malleo
1659 553 1704 596 in
1725 568 1859 597 manu

469 623 547 667 Dei
574 622 714 681 posito
731 657 742 677 ,
772 621 819 666 id
841 630 930 676 est,
955 623 1000 665 in
1021 631 1233 680 potestate
1256 622 1361 678 Dei,
1394 623 1644 667 tunduntur
1675 622 1860 668 ductiles

469 693 604 747 tubae,
641 701 690 737 ut
722 701 924 736 resonent
954 691 1104 736 laudes
1131 692 1222 737 Dei.
1265 692 1421 737 Videte
1455 693 1856 754 quemadmodum,

468 766 485 822 (
510 763 650 807 audeo
676 762 837 818 dicere,
857 761 1009 807 fratres
1031 763 1165 822 mei‚)
1186 762 1240 807 de
1264 763 1346 808 isto
1375 763 1533 809 malleo
1562 765 1690 809 etiam
1718 768 1860 824 Apos-

469 834 583 879 tolus
611 832 883 877 tundebatur
909 853 918 878 ε
955 853 975 875 «
1001 837 1052 878 In
1073 834 1398 893 magnitudine,
1432 835 1598 896 inquit,
1637 834 1861 880 revelatio-
1924 864 1926 868 .

472 925 493 948 »
529 922 636 951 num
657 921 713 950 ne
734 905 928 961 extollar,
962 905 1088 950 datus
1111 915 1174 951 est
1207 906 1314 951 mihi
1343 907 1544 952 stimulus
1580 907 1719 952 carnis
1751 923 1860 952 meae
1918 923 1924 933 ²

473 998 490 1018 »
527 977 704 1035 angelus
717 980 902 1033 Satanae,
919 978 995 1037 qui
1017 993 1086 1021 me
1108 977 1366 1038 colaphizet.
1386 996 1405 1019 »
1422 981 1536 1023 Ecce
1552 978 1778 1036 tunditur3
1801 979 1862 1023 vi-

467 1046 647 1091 deamus
677 1047 1050 1107 quemadmodum
1071 1057 1209 1092 sonet.
1243 1067 1262 1089 u
1294 1052 1478 1108 Propter
1501 1048 1620 1109 quod
1639 1084 1649 1104 ,
1692 1049 1857 1109 inquit,
1923 1086 1926 1092 <

472 1135 490 1158 »
527 1126 592 1160 ter
616 1118 850 1162 Dominum
885 1118 1047 1176 rogavi,
1075 1127 1150 1162 aut
1171 1117 1362 1163 auferret
1382 1135 1480 1163 eum
1510 1136 1533 1164 a
1554 1135 1652 1177 me3
1688 1128 1731 1162 et
1752 1119 1858 1163 dixit

472 1207 490 1228 »
526 1187 654 1232 mihi:
685 1188 854 1232 Sufficit
876 1188 956 1232 tihi
973 1189 1107 1248 gratia
1128 1204 1240 1243 mea,
1262 1204 1364 1233 nam
1383 1190 1519 1234 virtus
1541 1190 1587 1233 in
1608 1191 1858 1234 infirmitate
1923 1214 1926 1218 ·

469 1275 489 1298 »
524 1258 763 1316 perficitur.
791 1278 807 1299 »
834 1262 928 1318 Ego
952 1259 1128 1315 tubam,
1160 1259 1304 1320 inquit
1331 1259 1405 1303 ille
1441 1259 1699 1315 fabricator,
1732 1260 1858 1319 perfi-

465 1343 561 1372 cere
591 1328 716 1382 volo‚
743 1345 832 1374 non
862 1331 1083 1390 perficiam
1112 1331 1194 1375 nisi
1225 1330 1411 1375 tundam
1439 1351 1447 1375 :
1479 1351 1498 1374 «
1530 1335 1583 1376 Iu
1606 1332 1858 1376 infirmitate
1924 1355 1926 1357 ·

469 1419 488 1441 »
523 1400 660 1445 virtus
684 1402 920 1461 perficitur.
946 1421 965 1444 »
992 1405 1048 1447 Et
1071 1402 1173 1447 audi
1192 1404 1281 1463 jam
1305 1403 1442 1462 ipsam
1464 1403 1617 1447 tubam
1649 1402 1857 1447 ductilem

464 1470 575 1514 bene
597 1481 823 1516 sonantem
845 1492 854 1517 ε
889 1492 908 1515 «
934 1473 1118 1526 Quando
1139 1474 1351 1529 infirmor,
1377 1484 1483 1519 tunc
1505 1484 1658 1534 potens
1678 1475 1816 1518 sum2.
1833 1492 1851 1515 »

463 1545 520 1586 Et
548 1544 637 1602 ipse
662 1543 912 1603 ApostoluS‚
948 1554 1159 1605 tanquam
1197 1545 1431 1604 Apostolus
1457 1547 1625 1590 haerens
1658 1545 1852 1600 Christo,

463 1614 631 1657 haerens
651 1614 715 1658 illi
738 1614 942 1670 dexterae,
975 1615 1030 1659 de
1052 1631 1139 1676 qua
1165 1624 1335 1659 tenetur
1363 1615 1544 1659 malleus
1572 1625 1622 1659 ut
1642 1615 1857 1675 producat

463 1685 632 1738 tubam,
648 1685 692 1728 in
710 1684 783 1728 illa
799 1685 974 1729 dextera
995 1687 1162 1745 positus
1184 1684 1289 1730 facit
1312 1695 1354 1729 et
1376 1687 1466 1745 ipse
1488 1686 1542 1729 de
1560 1687 1656 1745 ipso
1679 1685 1852 1743 malleo3

463 1754 568 1798 dicit
590 1755 644 1798 de
674 1755 936 1815 quibusdam
958 1791 968 1811 ‚
1010 1775 1030 1798 «
1056 1761 1172 1810 Quos
1193 1756 1355 1800 tradidi
1380 1759 1549 1801 Satanae
1565 1792 1575 1811 ,
1612 1766 1661 1800 ut
1685 1756 1855 1800 discant

468 1847 485 1867 »
522 1842 611 1871 non
633 1827 935 1887 blasphemare
954 1829 985 1872 ³,
1013 1847 1032 1869 n
1062 1828 1258 1873 Tradidit
1272 1828 1431 1873 malleo
1446 1828 1712 1872 tundendos.
1740 1828 1854 1873 Male

460 1898 676 1942 sonabant
699 1908 933 1958 antequam
953 1899 1300 1958 producerentur
1317 1920 1325 1944 2
1342 1898 1454 1944 forte
1471 1899 1676 1959 producti
1693 1908 1735 1942 et
1751 1898 1852 1943 facti

459 1968 579 2011 tubae
601 1968 800 2024 ductiles,
830 1970 980 2013 amissa
1003 1969 1273 2030 blasphemia
1290 2006 1300 2025 ‚
1326 1970 1476 2015 laudes
1493 1970 1667 2015 Domini
1691 1985 1852 2015 sonue-

458 2048 578 2082 runt.
607 2043 685 2083 Hae
703 2049 805 2084 sunt
826 2040 947 2084 tubae
971 2040 1170 2085 ductiles.

514 2112 614 2153 VII.
640 2112 736 2154 Vox
769 2110 889 2154 tubas
923 2126 1093 2155 cornere
1116 2111 1223 2171 quid
1247 2113 1332 2155 est?
1369 2113 1519 2156 Cornu
1553 2111 1724 2156 excedit
1749 2127 1850 2156 car-

455 2196 556 2224 nem
585 2201 593 2225 :
619 2197 790 2226 necesse
813 2192 875 2226 est
903 2192 953 2226 ut
977 2199 1152 2227 carnem
1174 2183 1422 2243 superando
1458 2184 1511 2227 sit
1544 2184 1747 2241 firmum3
1793 2183 1850 2228 ad

455 2252 783 2311 perdurandum
800 2289 810 2308 ,
838 2263 880 2297 et
906 2269 1039 2312 capax
1071 2254 1202 2298 vocis.
1236 2253 1320 2298 Sed
1339 2253 1457 2297 unde
1478 2255 1562 2299 hoc
1580 2256 1598 2298 Ξ)
1619 2254 1730 2308 Quia
1757 2270 1850 2299 car-

454 2338 554 2366 nem
576 2325 810 2383 superavit.
843 2325 923 2377 Qui
952 2324 1049 2368 vult
1077 2340 1166 2368 esse
1201 2324 1308 2368 tuba
1341 2340 1512 2379 cornea,
1557 2334 1731 2385 superet
1752 2341 1848 2370 car-

453 2410 569 2437 nem.
607 2395 720 2448 Quid
745 2405 828 2450 est‚
869 2405 1044 2455 superet
1076 2398 1282 2440 carnem?
1327 2397 1623 2441 Transcendat
1650 2397 1846 2443 carnales

453 2465 650 2519 affectus,
686 2465 832 2509 vincat
857 2466 1050 2510 carnales
1081 2466 1298 2511 libidines.
1346 2466 1461 2511 Audi
1494 2467 1622 2511 tubas
1645 2483 1838 2512 corneas.

455 2555 475 2577 «
512 2536 554 2580 Si
589 2545 734 2580 autem
767 2537 1056 2581 resurrexistis
1082 2552 1183 2581 cum
1228 2537 1415 2593 Christo,
1452 2538 1686 2597 Apostolus
1709 2538 1832 2592 dicit,

499 2627 508 2643 ¹
528 2621 824 2663 Jore1n.t‚⁴23.-—
851 2629 862 2644 ²
882 2631 900 2654 2
918 2624 990 2655 Cor.
1018 2633 1072 2659 xn,
1089 2633 1179 2665 7—10.
1199 2640 1228 2646 —
1257 2621 1270 2645 3
1289 2631 1307 2655 2
1328 2622 1407 2654 Tim.
1435 2633 1457 2661 1,
1475 2631 1527 2655 20.

1917 0 1923 25 1

1895 0 1903 53 l

1896 58 1903 143 l

1898 145 1907 314 ἰ

1900 318 1907 518 ξ

1903 523 1909 615 ἰ

1904 622 1910 731 Ξ

1906 824 1913 955 Ξ

1908 971 1914 1064 ἓ

1909 1067 1915 1197 ἰ

1910 1203 1915 1312 ἔ

1918 2100 1926 2155 ι

1918 2158 1926 2282 ἓ

1919 2285 1926 2590 l

1921 2727 1926 2924 l

1923 2925 1926 3052 ε
