1926 3339
444 364 687 395 nunna-1⁸10
718 367 763 393 IN
795 364 997 393 PSALMUM
1028 366 1142 392 xmv.
1397 351 1478 390 423

97 449 197 494 quae
217 448 294 479 vos
314 433 445 492 longe
459 431 651 477 fecerant
670 448 692 476 a
716 435 822 485 Deo,
841 430 1011 476 solliciti
1033 431 1131 474 estis
1151 449 1160 474 z
1186 428 1393 473 faciamus
1411 444 1479 473 se-

95 506 301 566 quentia:
329 524 352 548 «
375 507 432 549 Et
455 503 673 564 ploremus
699 519 845 547 coram
867 503 1053 547 Domino
1073 537 1084 557 ‚
1109 501 1185 562 qui
1205 500 1310 545 fecit
1332 515 1427 544 nos.
1456 518 1476 541 »

97 576 234 622 Ardes
257 576 370 620 sorte
396 576 659 620 conscientia
687 574 860 629 delicti,
895 574 1094 632 lacrymis
1127 573 1330 632 extingue
1352 572 1480 615 flam—

97 662 214 691 mam
233 647 400 707 peccati
417 682 427 701 ‚
457 645 580 705 plora
610 655 709 689 ante
736 646 969 690 Dominum
1004 664 1013 689 z
1042 659 1217 689 securus
1243 643 1365 703 plora
1383 652 1483 687 ante

98 721 254 772 Deum,
271 717 347 778 qui
365 727 408 762 te
430 716 556 774 feci‘t3
573 732 663 760 non
679 716 795 759 enim
816 731 923 775 opus
946 730 1155 759 manuum
1179 729 1355 758 suarum
1377 729 1483 758 con-

98 788 255 833 temnit
271 788 317 832 in
339 797 396 832 te.
422 786 521 832 Noli
544 796 697 846 putare
714 787 814 846 quia
844 796 964 846 potes
988 802 1010 830 a
1031 795 1073 829 te
1092 786 1222 830 refici.
1250 788 1287 829 Α
1309 794 1351 829 te
1373 783 1485 828 defi-

99 874 195 904 cere
212 867 357 918 potes,
381 867 431 902 tu
449 858 649 916 teipsum
674 858 849 901 reficere
867 873 955 901 non
974 866 1096 915 potes
1121 876 1130 901 ι
1154 855 1226 899 ille
1249 855 1386 899 reficit
1409 855 1486 915 qui

99 939 142 974 te
166 928 284 975 fecit.
310 949 330 973 «
350 929 574 974 Ploremus
597 938 697 972 ante
723 929 957 973 Dominum
977 964 987 983 ‚
1013 929 1090 988 qui
1112 943 1190 972 nos
1214 927 1318 971 fecit
1340 946 1350 971 2
1377 945 1397 967 n
1418 926 1485 971 la·-

99 1015 296 1057 crymare
316 1009 417 1044 ante
434 998 560 1043 illum
580 1034 592 1053 7
613 999 821 1043 confitere
840 998 918 1051 illi,
943 998 1133 1057 praeveni
1158 996 1310 1041 faciem
1329 997 1419 1056 ejus
1442 996 1487 1039 in

100 1070 384 1116 confessione.
411 1071 515 1123 Quis
537 1070 652 1113 enim
675 1085 718 1113 es
748 1078 796 1113 tu
817 1104 827 1123 ‚
853 1068 929 1128 qui
952 1068 1013 1111 illi
1035 1068 1177 1127 ploras
1202 1103 1212 1123 ‚
1237 1077 1280 1111 et
1300 1067 1363 1110 illi
1380 1083 1488 1111 con-

100 1140 255 1195 fiteris,
290 1141 370 1184 nisi
393 1155 526 1200 quem
553 1139 684 1184 fecit?
707 1142 804 1184 Non
826 1154 970 1198 parvae
993 1139 1164 1182 fiduciae
1186 1147 1250 1181 est
1272 1137 1327 1181 ad
1349 1135 1488 1181 facto-

101 1226 193 1255 rem
207 1226 273 1256 res
294 1209 408 1256 facta
424 1246 435 1266 ‚
461 1220 501 1255 et
523 1226 613 1254 non
635 1209 1048 1270 quomodocumque
1068 1208 1196 1262 facta,
1214 1208 1289 1250 sed
1311 1208 1365 1250 ad
1378 1208 1488 1250 ima-

102 1281 248 1340 ginem
284 1291 328 1324 et
363 1280 692 1324 similitudinem
725 1279 872 1338 ipsius.
910 1298 930 1320 «
951 1279 1104 1321 Venite
1122 1313 1130 1332 ‚
1158 1277 1412 1331 adoremus,
1447 1285 1490 1320 et

105 1369 126 1394 »
161 1351 438 1412 procidamus
459 1352 497 1395 ei
519 1387 530 1407 ‚
568 1361 612 1395 et
639 1350 859 1411 ploremus
882 1358 982 1394 ante
1011 1349 1244 1393 Dominum
1259 1383 1270 1404 ,
1295 1349 1371 1408 qui
1388 1347 1491 1392 fecit

105 1441 127 1465 )›
162 1439 258 1468 nOS.
289 1442 309 1464 »
957 1475 965 1478 ‚

160 1496 241 1537 XI.
264 1513 284 1535 «
302 1493 519 1546 Quoniam
539 1493 630 1551 ipse
653 1500 717 1535 est
737 1491 950 1535 Dominus
974 1494 1088 1534 Deus
1110 1493 1290 1535 noster1.
1313 1508 1334 1531 »
1350 1492 1406 1534 Ut
1419 1505 1493 1534 au-

102 1573 191 1608 tem
210 1565 349 1608 securi
371 1574 471 1608 ante
493 1563 616 1608 illum
639 1561 916 1623 procidamus
947 1571 990 1606 et
1010 1561 1228 1621 ploremus
1245 1597 1255 1617 ‚
1282 1577 1361 1605 nos
1384 1561 1492 1622 quid

102 1637 281 1679 sumus?
302 1655 321 1676 «
346 1638 433 1680 Nos
455 1644 601 1678 autem
623 1633 813 1694 populus
845 1648 1019 1693 pascuae
1051 1636 1165 1692 erS‚
1198 1642 1241 1676 et
1268 1648 1369 1677 oves
1397 1648 1492 1676 ma-

107 1724 127 1747 »
162 1721 303 1751 nuum
324 1707 431 1766 ejus.
461 1725 480 1748 »
507 1705 617 1750 Vide
637 1721 769 1765 quam
797 1705 1016 1762 eleganter
1036 1704 1271 1754 verborum
1294 1703 1493 1748 ordinem

104 1777 391 1822 commutavit
409 1812 420 1831 ‚
454 1786 498 1820 et
531 1785 739 1835 tanquam
758 1791 846 1820 non
870 1774 1053 1834 propria
1070 1774 1286 1831 reddidit3
1311 1783 1361 1818 ut
1381 1774 1495 1833 ipsos

103 1846 398 1906 intelligamus
416 1861 531 1901 oves,
551 1847 626 1906 qui
642 1855 744 1890 sunt
765 1854 807 1888 ct
825 1844 989 1905 populi.
1006 1847 1101 1889 Non
1120 1845 1248 1888 dixit:
1266 1846 1378 1888 Oves
1394 1860 1495 1903 pas—

106 1933 201 1962 cuae
229 1918 321 1976 ejus
343 1925 386 1960 et
408 1916 598 1976 populus
628 1931 839 1959 manuum
862 1918 953 1975 ejus
973 1937 984 1972 3
1016 1916 1136 1975 quod
1154 1915 1288 1973 magis
1306 1915 1495 1973 putaba—

107 1997 178 2032 tur
205 2002 330 2046 posse
352 2002 590 2044 congruere
609 2021 619 2041 ‚
644 1987 746 2046 quia
769 2001 868 2030 oves
887 1985 941 2029 ad
965 2001 1122 2045 pascua
1142 1986 1361 2044 pertinent
1386 2004 1394 2028 :
1422 1985 1497 2030 sed

107 2059 193 2102 ait:
224 2076 244 2100 «
267 2056 461 2116 Populus
482 2073 668 2116 pascuae.
706 2075 724 2097 »
748 2060 862 2114 Ergo
885 2055 1072 2115 populus
1095 2071 1196 2100 oves
1225 2064 1326 2099 sunt
1351 2077 1361 2113 3
1395 2056 1498 2116 quia

107 2128 214 2174 dicit
239 2147 248 2172 :
272 2146 292 2169 «
318 2126 513 2186 Populus
544 2142 717 2186 pascuae
739 2127 831 2186 ejus
853 2147 862 2170 2
891 2145 910 2167 »
937 2127 1026 2185 ipse
1048 2125 1236 2185 populus
1258 2141 1358 2169 oves
1377 2134 1493 2169 sunt.

111 2198 197 2244 Sed
231 2213 379 2242 rursus
395 2234 405 2251 ‚
431 2198 531 2258 quia
563 2213 641 2241 nos
663 2197 877 2240 habemus
910 2212 1010 2241 oves
1033 2212 1141 2256 quas
1162 2196 1344 2239 emimus
1365 2231 1375 2250 ‚
1408 2211 1499 2239 non

108 2284 217 2329 quas
239 2267 444 2325 fecimus3
480 2267 647 2312 dixerat
678 2277 825 2311 autem
846 2268 1073 2327 superius:
1103 2286 1121 2308 «
1148 2264 1429 2311 Procidamus
1461 2267 1499 2309 ei

112 2358 134 2382 »
168 2339 246 2399 qui
282 2337 385 2383 fecit
419 2354 497 2382 nos
523 2358 532 2382 2
561 2356 580 2379 »
617 2347 733 2382 recte
765 2337 933 2382 dictum
963 2347 1026 2382 est
1052 2357 1060 2382 :
1092 2356 1111 2378 «
1143 2339 1254 2382 Oves
1290 2352 1501 2380 manuum

112 2429 134 2453 »
169 2411 278 2469 ejus.
306 2427 326 2450 »
351 2407 508 2454 Nullus
527 2408 758 2452 hominum
782 2409 863 2452 sibi
888 2407 990 2452 facit
1011 2423 1110 2452 oves
1134 2427 1143 2452 ε
1167 2423 1309 2451 emere
1332 2416 1473 2467 potest
1489 2442 1500 2461 ,

110 2480 266 2525 donari
293 2489 477 2539 possunt
497 2515 508 2534 ,
533 2479 729 2523 invenire
749 2488 891 2538 potest
908 2515 918 2533 ‚
946 2494 1178 2538 aggregare
1199 2487 1368 2537 potest,
1399 2493 1502 2537 pos-

111 2561 252 2596 tremo
274 2550 412 2594 furari
434 2559 606 2609 potest·⁷
628 2548 771 2594 facere
793 2565 894 2594 oves
916 2565 1006 2594 non
1031 2559 1184 2609 potest.
1208 2552 1265 2592 At
1286 2563 1390 2592 vero
1413 2552 1501 2605 Do,-

113 2621 256 2665 minus
290 2630 436 2664 noster
465 2620 567 2663 fecit
601 2635 678 2664 nos
703 2639 711 2662 :
748 2620 846 2664 ideo
874 2639 893 2661 «
921 2619 1114 2678 Populus
1148 2634 1318 2678 pascu-se
1341 2620 1430 2677 ejus
1461 2627 1503 2661 et

164 2713 169 2726 ¹
195 2704 274 2736 Psal.
298 2715 380 2743 xcw,
397 2715 427 2745 7.
