1926 3339
0 0 17 405 ξ

382 336 621 363 ENAnnATlo
655 337 699 362 IN
732 334 933 362 PsALMUM
967 332 1132 359 Lxxxiv.
1365 324 1445 362 169

0 409 5 434 v'
66 409 128 455 te,
153 409 197 445 et
217 409 267 445 tu
281 400 518 445 vivificabis
537 416 614 445 nos
641 420 649 445 :
676 399 752 445 sed
767 435 778 455 ‚
805 419 825 441 «
846 401 912 443 Tu
932 408 1189 443 convertens
1210 398 1445 443 vivificabis

66 488 86 511 »
120 486 198 515 nos
215 492 226 528 3
244 489 264 512 η
281 480 331 514 ut
352 486 438 514 non
458 470 596 514 solum
620 471 848 515 vivificatio
867 479 1011 513 nostra
1033 484 1057 512 a
1080 478 1121 512 te
1138 468 1293 523 sit‚sed
1316 471 1445 513 etiam

61 541 152 600 ipsa
175 540 397 585 conversio
415 550 464 584 ut
483 540 764 585 vivificemur.
796 544 961 595 «Deus,
990 549 1036 584 tu
1053 549 1307 584 convertens
1332 540 1444 584 vivi-

0 655 3 670 Ι
64 629 83 651 2>
119 611 268 655 ficabis
290 627 367 655 nos
393 631 403 657 ε
429 621 472 655 et
493 610 616 671 plebs
634 621 706 655 tua
730 611 949 655 laetabitur
976 610 1021 654 in
1053 619 1095 654 te
1113 612 1142 654 ¹.
1172 628 1192 651 »
1228 609 1344 655 Malo
1366 626 1444 655 suo

60 680 282 725 laetabitur
302 681 347 725 in
370 698 413 726 se
430 717 440 737 ,
467 682 584 726 bono
610 698 689 726 suo
718 681 938 726 laetabitur
964 682 1009 725 in
1038 691 1095 725 te.
1120 680 1304 735 Quando
1327 681 1445 725 enim

59 751 199 797 voluit
215 753 376 797 habere
400 753 556 812 gaudia
574 753 629 798 de
651 769 694 799 se
709 790 720 809 ,
746 754 911 798 invenit
932 752 1158 812 planctum
1181 752 1227 797 in
1244 768 1302 797 se.
1319 756 1444 798 Nunc

59 839 160 868 vero
183 824 284 884 quia
306 833 444 869 totum
465 825 671 884 gaudium
695 834 892 869 nostrum
918 828 1032 868 Deus
1055 833 1118 868 cst
1134 859 1144 878 ‚
1171 824 1360 884 quivult
1381 840 1446 869 se-

58 910 186 939 curus
205 894 409 954 gaudere,
425 896 471 939 in
491 895 569 940 illo
593 896 778 955 gaudeat
796 896 871 955 qui
890 911 978 939 non
999 903 1141 954 potest
1159 895 1313 954 perire.
1328 896 1443 948 Quid

58 964 173 1008 enim
191 1001 202 1020 ‚
228 964 380 1010 fratres
403 967 503 1020 mei,
527 965 715 1025 gaudere
736 965 866 1010 vultis
888 966 933 1009 in
954 967 1164 1024 argento?
1182 970 1270 1009 Aut
1288 981 1444 1024 argen-

57 1045 150 1080 tum
171 1037 307 1095 perit,
329 1046 405 1081 aut
426 1046 502 1095 tu·‚
523 1046 566 1081 et
587 1053 715 1082 nemo
737 1037 818 1081 seit
843 1035 950 1096 quid
972 1036 1118 1096 prius3
1139 1046 1442 1081 verumtamen

56 1105 167 1150 illud
188 1115 382 1161 constat,
409 1108 509 1167 quia
533 1117 770 1167 utrumque
787 1107 1030 1166 periturum
1055 1115 1142 1164 est3
1168 1106 1277 1167 quid
1295 1108 1439 1166 prius,

55 1177 269 1221 incertum
291 1188 369 1222 est.
391 1181 500 1223 Nam
526 1194 606 1222 nec
632 1179 765 1222 homo
787 1177 858 1222 hic
880 1186 1022 1237 potest
1043 1193 1219 1221 manere
1242 1193 1413 1237 semper
1428 1214 1439 1233 ,

54 1263 134 1292 nec
162 1257 390 1306 argentum
415 1249 484 1292 hic
505 1258 648 1308 potest
669 1264 845 1293 manere
866 1264 1036 1308 semper
1057 1268 1066 1292 z
1095 1249 1154 1293 sic
1177 1263 1333 1292 aurum
1353 1285 1363 1304 ,
1383 1250 1442 1294 sic

53 1320 202 1374 vestis,
234 1319 293 1364 sic
316 1319 495 1374 domus,
521 1321 580 1364 sie
607 1320 790 1379 pecunia
810 1354 820 1374 ‚
847 1319 905 1363 sie
930 1318 1199 1379 latapraedia
1217 1355 1227 1373 ‚
1253 1320 1311 1364 sic
1338 1336 1442 1379 pos-

52 1399 191 1435 tremo
208 1390 282 1434 lux
299 1392 392 1436 ista.
410 1392 507 1436 Noli
526 1407 628 1450 ergo
645 1390 757 1435 velle
780 1394 969 1450 gaudere
986 1391 1032 1434 in
1053 1391 1142 1434 istis
1168 1411 1175 1435 :
1199 1391 1275 1434 sed
1299 1391 1441 1450 gaude

19 1472 23 1476 ”
52 1463 96 1506 in
117 1462 191 1506 illa
211 1463 310 1507 luce
324 1499 335 1518 7
360 1480 459 1524 quae
482 1480 570 1508 non
592 1463 723 1507 habet
742 1478 970 1519 occasum3
991 1461 1131 1520 gaude
1153 1462 1198 1505 in
1215 1461 1288 1506 illa
1310 1461 1409 1507 luce
1427 1498 1438 1517 ‚

51 1549 184 1594 quam
216 1549 304 1578 non
329 1533 537 1593 praeeedit
564 1535 790 1578 hesternus
818 1533 909 1577 dies
926 1569 936 1588 ‚
963 1549 1042 1577 nec
1067 1533 1264 1593 sequitur
1287 1534 1440 1578 erasti-

51 1619 148 1648 nus.
174 1604 289 1657 Quid
311 1613 374 1648 est
390 1604 469 1648 ista
486 1604 593 1648 lux?
613 1624 631 1645 «
659 1606 752 1663 Ego
770 1619 866 1647 sum
884 1639 894 1659 ,
920 1604 1079 1664 inquit,
1105 1603 1182 1647 lux
1204 1603 1359 1647 mundi
1374 1608 1436 1647 2.»

51 1675 136 1729 Qui
169 1675 249 1719 tibi
271 1674 377 1719 dicit
399 1695 407 1720 ;
438 1695 457 1717 «
483 1679 576 1734 Ego
613 1691 709 1720 sum
731 1674 806 1719 lux
827 1675 1008 1728 mundi,
1037 1694 1056 1716 ³)
1082 1683 1210 1719 vocat
1233 1684 1276 1719 te
1300 1674 1355 1719 ad
1377 1691 1435 1719 se.

51 1748 162 1791 Cum
182 1755 310 1791 vocat
337 1756 380 1791 te
395 1782 405 1801 ,
432 1748 646 1791 convertit
664 1756 706 1791 te
731 1766 740 1790 z
766 1762 864 1790 cum
890 1746 1104 1790 convertit
1126 1755 1168 1790 te
1183 1782 1193 1801 ‚
1219 1755 1342 1790 sanat
1363 1756 1405 1791 te
1427 1767 1436 1792 z

50 1833 150 1862 cum
168 1818 383 1862 sanaverit
404 1827 462 1871 te,
485 1817 651 1862 videbis
673 1833 974 1862 conversorem
998 1827 1141 1873 tuum,
1160 1817 1230 1862 cui
1253 1817 1435 1864 dicitur:

52 1907 74 1930 c(
108 1891 165 1932 Et
187 1888 309 1948 plebs
332 1897 406 1932 tua
427 1888 650 1932 laetabitur
670 1889 716 1932 in
739 1898 796 1933 te.
822 1907 842 1929 »

109 1961 186 2003 IX.
219 1978 238 2001 «
261 1960 451 2003 Ostende
474 1959 600 2003 nobis
616 1995 626 2013 ,
651 1959 851 2013 Domine,
875 1958 1214 2003 misericordiam
1238 1961 1433 2003 tuam3.»

50 2031 142 2073 Hoc
160 2038 224 2073 est
240 2029 360 2089 quod
383 2030 649 2073 cantavimus
665 2065 674 2083 ‚
696 2038 738 2073 et
753 2031 844 2089 jam
863 2029 964 2073 hinc
986 2028 1194 2073 diximus:
1213 2031 1437 2074 «Ostende

51 2118 72 2141 »
106 2101 231 2144 nobis
247 2136 258 2155 ‚
280 2101 462 2145 Domine
477 2137 487 2156 ‚
520 2100 859 2145 misericordiam
882 2110 1024 2158 tuam3
1044 2110 1087 2145 et
1104 2101 1291 2145 salutare
1309 2111 1435 2146 tuum

49 2188 70 2211 η
106 2170 160 2215 da
184 2171 306 2215 nobis
332 2191 341 2216 z
375 2190 395 2212 n
425 2171 622 2216 salutare
647 2181 795 2226 tuum,
817 2172 1038 2216 Christum
1062 2181 1203 2215 tuum.
1232 2172 1351 2216 Felix
1373 2183 1437 2217 est

46 2242 116 2285 cui
135 2241 324 2286 ostendit
341 2245 453 2286 Deus
475 2242 810 2286 misericordiam
836 2258 973 2286 suam.
991 2245 1087 2302 Ipse
1109 2251 1172 2286 est
1193 2243 1270 2303 qui
1291 2259 1439 2302 super-

48 2311 140 2356 bire
168 2329 257 2356 non
288 2321 429 2371 potest
445 2348 455 2367 ³
481 2313 551 2356 eui
583 2316 697 2356 Deus
717 2312 907 2357 ostendit
929 2312 1270 2357 misericordiam
1293 2329 1431 2358 suam.

47 2382 326 2426 Ostendendo
344 2383 458 2426 enim
478 2382 567 2426 iilic
589 2382 926 2427 misericordiam
946 2399 1068 2427 suam
1083 2419 1093 2438 ,
1118 2383 1346 2441 persuadet
1375 2384 1436 2428 illi

47 2452 149 2511 quia
178 2452 395 2512 quidquid
416 2452 519 2496 boni
544 2453 676 2496 habet
697 2453 787 2512 ipse
812 2454 943 2497 homo
961 2489 972 2508 ‚
1005 2470 1095 2497 non
1118 2454 1251 2498 habet
1274 2455 1354 2498 nisi
1380 2455 1434 2498 ab

46 2521 119 2566 illo
135 2558 145 2576 ,
167 2523 243 2581 qui
265 2538 393 2566 omne
412 2523 575 2566 bonum
595 2533 793 2567 nostrum
816 2533 893 2567 est.
921 2527 977 2568 Et
999 2540 1099 2568 eum
1121 2525 1280 2569 viderit
1302 2526 1433 2570 homo

47 2592 263 2652 quidquid
279 2593 383 2637 boni
402 2594 549 2648 habet,
575 2610 664 2638 non
686 2609 730 2638 se
749 2594 909 2638 habere
932 2611 955 2638 a
980 2611 1039 2650 se,
1065 2595 1140 2640 sed
1166 2612 1189 2639 a
1215 2600 1302 2641 Deo
1324 2612 1430 2652 suo;

97 2683 105 2698 ¹
126 2677 207 2709 Psal.
227 2688 351 2718 mxxiv,
367 2690 396 2719 7.
415 2696 455 2701 —-·
473 2686 484 2700 2·
506 2681 596 2710 Joan.
619 2690 686 2720 viu,
716 2689 764 2711 127
789 2697 828 2702 -
850 2678 862 2701 3
879 2677 947 2710 Dm!
977 2692 1103 2717 vaxiv.
1123 2683 1152 2713 8.
