1926 3339
401 243 640 273 ENARRATIO
671 246 716 274 nv
750 248 952 277 PSALML'M
984 251 1159 279 Lxxvm.
1384 249 1432 286 81

0 266 15 367 '2⁵3
59 322 110 351 eo
132 308 360 353 miserante
381 309 610 370 adjuvetur
631 310 687 355 ad
707 314 798 373 ejus
816 325 1033 376 praecepta
1055 316 1275 375 facienda,
1297 336 1352 365 ne
1381 324 1436 367 ad

0 364 14 453 ἰβ
51 377 268 439 judicium
290 381 380 441 ejus
401 380 639 427 damnandi
659 384 899 430 veniamus.

0 455 13 515 ξι
113 451 214 494 XII.
242 449 347 496 Ideo
364 453 559 512 sequitur
584 469 592 495 ε
622 473 642 497 «
668 454 836 516 Adjuva
857 472 961 513 nos,
986 461 1101 504 Deus
1122 458 1317 506 salutaris
1334 477 1438 507 nos-

0 523 6 569 1
58 537 79 560 »
114 522 222 564 ter1.
250 539 270 561 »
293 523 387 566 Hoc
407 523 540 568 verbo
562 524 683 584 quod
713 526 801 582 ait,
834 546 853 569 «
881 527 1086 574 Salutaris
1107 540 1268 587 noster,
1292 550 1312 573 »
1338 535 1438 579 satis

0 578 12 658 ᾗ]
53 590 228 649 exponit
260 607 393 652 quam
423 592 611 638 voluerit
631 606 931 656 paupertatem
959 599 1144 660 intelligi
1166 602 1211 646 in
1244 618 1294 647 eo
1316 604 1437 664 quod

0 662 12 722 ja*
52 658 217 704 dixerat
242 676 251 701 :
280 663 536 715 «Quoniam
558 680 768 726 pauperes
796 667 899 712 facti
935 684 1083 715 sumus
1107 671 1249 717 nimis.
1288 693 1308 716 «
1338 677 1436 734 Ipsa

0 744 12 786 μ
51 738 115 774 est
136 731 299 791 quippe
323 731 573 790 infirmitas,
603 737 673 780 cui
697 737 903 787 Salutaris
935 750 998 784 est
1023 743 1300 788 necessarius.
1326 747 1438 790 Cum

0 799 12 859 l*
50 815 153 846 vero
169 801 363 862 adjuvari
380 819 458 849 nos
480 805 577 850 vult
592 841 602 861 ‚
629 823 709 852 nec
731 809 923 867 ingratus
945 820 1009 855 est
1030 813 1198 870 gratiae,
1224 830 1304 859 nec
1322 816 1437 861 tollit

0 846 12 919 ll
47 871 236 917 liberum
271 874 512 919 arbitrium.
549 878 634 930 Qui
667 879 782 923 enim
815 880 1068 941 adjuvatur,
1110 885 1239 928 etiam
1278 901 1355 945 per
1391 902 1436 932 se

47 941 190 1002 ipsum
229 943 395 1005 aliquid
432 946 533 1005 agit.
575 947 760 993 Addidit
791 951 921 995 etiam
950 972 959 997 :
991 972 1012 995 «
1038 957 1220 1014 Propter
1256 955 1437 1015 gloriam

0 1025 10 1078 g
50 1030 71 1055 »
105 1015 294 1060 nominis
316 1015 410 1072 tui,
437 1017 647 1074 Domine,
677 1019 815 1066 libera
843 1038 950 1067 nos:
980 1042 1001 1066 »
1026 1035 1077 1070 ut
1098 1027 1175 1087 qui
1198 1026 1431 1086 gloriatur,

0 1078 11 1149 Ἰ
46 1099 136 1129 non
157 1085 202 1129 in
225 1101 269 1130 se
285 1086 379 1146 ipso
395 1122 406 1142 ,
431 1087 507 1132 sed
528 1088 573 1133 in
595 1091 782 1136 Domino
811 1091 1061 1152 glorietur2.
1093 1116 1112 1139 «
1138 1100 1195 1142 Et
1218 1100 1433 1160 propitius

0 1170 11 1216 ις
48 1173 69 1197 »
104 1165 194 1200 esto
210 1191 221 1211 ‚
253 1156 423 1217 inquit,
444 1160 631 1218 peccatis
652 1162 809 1207 nostris
838 1174 1017 1225 propter
1037 1183 1199 1213 nomen
1220 1178 1347 1215 tuum
1373 1191 1383 1216 :
1409 1189 1430 1213 »

0 1217 11 1328 :j
44 1241 134 1271 non
155 1237 332 1288 propter
359 1244 454 1273 nos.
479 1232 589 1274 Nam
611 1232 720 1292 quid
743 1232 864 1278 aliud
886 1247 1111 1282 merentur
1132 1249 1310 1299 peccata
1330 1257 1434 1287 nos-

0 1313 9 1343 :1
43 1306 108 1342 tra
127 1333 138 1353 ,
175 1314 308 1359 quam
341 1298 488 1344 debita
515 1310 559 1344 et
587 1300 719 1361 digna
754 1304 996 1365 supplicia?
1026 1307 1136 1365 Sed,
1171 1329 1191 1352 «
1216 1313 1432 1372 Propitius

0 1369 11 1431 1}
45 1386 66 1410 »
101 1378 193 1413 esto
225 1370 411 1429 peccatis
442 1372 597 1416 nostris
620 1383 799 1434 propter
824 1392 984 1422 nomen
1010 1388 1152 1424 tuum.
1184 1400 1205 1423 »
1233 1383 1300 1428 Sic
1328 1399 1431 1444 ergo

0 1455 3 1495 3:
41 1456 120 1486 nos
141 1440 300 1486 liberas
318 1477 329 1497 ,
353 1441 399 1485 id
420 1452 504 1497 est,
525 1444 637 1488 eruis
660 1461 685 1489 a
710 1446 834 1491 malis
850 1482 861 1503 ‚
883 1464 984 1494 eum
1008 1460 1051 1495 et
1072 1450 1250 1512 adjuvas
1272 1470 1351 1500 nos
1375 1455 1430 1500 ad

0 1458 11 1569 'i
40 1510 285 1556 faciendam
298 1512 510 1572 justitiam
528 1548 538 1568 ‚
559 1522 602 1558 et
623 1516 836 1575 propitius
858 1534 901 1563 es
923 1521 1109 1578 peccatis
1130 1525 1286 1569 nostris
1304 1559 1314 1579 ‚
1340 1526 1433 1570 sine

0 1570 10 1642 ᾖ
39 1581 200 1642 quibus
214 1582 261 1627 in
273 1583 354 1627 hac
371 1583 459 1627 vita
473 1598 563 1628 non
580 1600 743 1630 sumus.
755 1589 1000 1641 «Quoniam
1017 1607 1107 1637 non
1115 1593 1431 1653 justificabitur

5 1645 9 1732 ‘i
40 1669 61 1694 »
95 1651 142 1697 in
154 1662 391 1713 conspectu
409 1662 484 1698 tuo
503 1654 641 1700 omnis
657 1655 841 1702 vivensss.
861 1662 1093 1706 Peccatum
1108 1673 1253 1710 autem
1270 1666 1432 1727 iniqui·

39 1741 61 1765 »
95 1732 159 1768 tas
174 1725 272 1768 est4.
284 1727 342 1769 Et
360 1724 394 1769 si
409 1724 660 1785 iniquitates
678 1727 987 1787 observaveris,
1001 1733 1097 1793 quis
1115 1736 1421 1782 sustinebit5P»

0 1733 10 1870 1
94 1797 220 1839 XIII.
259 1794 389 1849 Quod
420 1805 565 1840 autem
599 1797 798 1859 adjungit
827 1816 836 1842 ι
868 1820 888 1844 «
922 1804 1166 1864 Nequando
1201 1806 1348 1853 dicant
1379 1810 1426 1853 in

0 1889 1 1893 =
39 1881 60 1906 »
95 1865 308 1910 Gentibus
328 1885 336 1910 ε
358 1866 442 1911 Ubi
463 1875 526 1911 est
543 1873 651 1912 Deus
669 1873 845 1914 eorum6
860 1873 876 1914 ἱ)
892 1890 912 1914 ))
934 1875 1070 1932 Magis
1085 1891 1164 1935 pro
1185 1876 1286 1937 ipsis
1304 1880 1423 1923 Gen-

0 1935 3 1978 i
35 1934 153 1979 tibus
183 1945 246 1980 est
279 1936 596 1995 accipiendum.
625 1937 741 1983 Male
774 1940 890 1984 enim
924 1955 1110 2001 pereunt
1144 1947 1218 2007 qui
1246 1947 1301 2000 de
1331 1951 1422 1995 Deo

33 2020 137 2050 vero
159 2006 480 2066 desperaverint
496 2042 507 2062 ‚
531 2017 734 2067 putantes
757 2026 858 2055 eum
879 2012 949 2056 vel
971 2030 1060 2059 non
1081 2031 1195 2073 esse,
1227 2018 1307 2062 vel
1323 2035 1422 2065 suos

2 2095 3 2100 ¹
33 2092 123 2121 non
146 2076 376 2138 adjuvare,
398 2093 478 2122 nec
495 2079 553 2123 eis
568 2095 657 2124 esse
669 2082 924 2141 propitium.
947 2084 1066 2130 Illud
1087 2103 1189 2133 vero
1211 2089 1332 2149 quod
1353 2107 1421 2135 se-

32 2148 207 2208 quitur:
235 2166 256 2190 «
274 2151 330 2193 Et
349 2148 592 2194 innotescat
607 2150 652 2194 in
675 2152 924 2198 nationibus
946 2170 1091 2200 eoram
1106 2158 1242 2204 oculis
1264 2162 1422 2207 nostris

0 2238 2 2277 j
34 2235 55 2260 »
90 2218 281 2264 vindicta
303 2219 524 2278 sanguinis
545 2236 768 2266 servorum
790 2232 966 2269 tuorum
988 2228 1065 2286 qui
1086 2229 1250 2274 effusus
1272 2240 1335 2275 est
1356 2251 1364 2276 ε
1394 2250 1414 2273 »

0 2310 4 2349 ,³
30 2289 99 2334 vel
129 2291 187 2335 sic
219 2290 490 2349 intelligitur,
528 2308 629 2337 cum
662 2293 847 2340 credunt
877 2296 923 2341 in
954 2313 1105 2343 verum
1138 2303 1303 2358 Deum,
1341 2304 1418 2363 qui

2 2367 3 2370 ’
29 2362 401 2423 persequebantur
434 2365 526 2424 ejus
559 2364 882 2425 haereditatem,
919 2369 1020 2428 quia
1044 2380 1087 2414 et
1106 2371 1197 2431 ipsa
1227 2372 1419 2419 vindicta

30 2441 114 2489 est,
134 2449 222 2493 qua
243 2433 473 2494 perimitur
494 2449 605 2479 saeva
625 2434 830 2496 iniquitas
847 2453 998 2483 eorum
1020 2440 1166 2499 gladio
1183 2444 1305 2488 verbi
1321 2446 1414 2501 Dei,

0 2511 9 2573 ’μ’
77 2533 88 2551 ¹
114 2527 197 2561 Psal.
216 2539 358 2570 Lxxvm,
376 2540 409 2572 9.
431 2546 473 2552 —
494 2536 507 2552 ²
536 2541 549 2563 1
574 2532 647 2563 Cor.
667 2542 697 2572 ι,
730 2531 783 2564 31.
803 2549 846 2555 —
868 2531 881 2556 3
905 2534 986 2567 Psal.
1012 2546 1107 2580 extu,
1130 2547 1162 2571 2.
1191 2555 1232 2562 --
1250 2538 1267 2570 4
1287 2551 1300 2573 1
1323 2543 1415 2576 Joan.

3 2575 5 2583 Α
28 2592 76 2626 ιιι,
94 2583 127 2627 4.
153 2600 196 2608 —-
215 2582 230 2608 ⁵
254 2584 333 2617 psal.
353 2595 457 2619 cxxix.
478 2585 510 2618 3.
534 2601 576 2609 —-
598 2584 675 2620 61d.
696 2597 828 2631 txxwu,
857 2600 909 2623 ιο.

215 2649 355 2681 cxvu.
1204 2649 1229 2687 6

0 2654 2 2701 ἶ

0 2711 11 2766 ἱί

0 2787 4 2814 ¹>
