1926 3339
459 307 513 346 24
878 316 910 342 s,
947 314 1175 342 AUGUSTIM
1208 311 1390 338 EPISCOPI

458 383 576 444 quod
599 381 845 441 superficies
866 388 1013 433 sonat,
1038 377 1113 422 sed
1135 375 1312 420 interius
1340 374 1502 435 aliquid
1522 373 1835 432 intelligentem

458 462 662 514 quaerunt
676 454 753 496 ista
770 452 989 495 lectorem.
1009 446 1172 493 Deinde
1189 454 1440 490 narraturus
1461 455 1504 490 et
1517 442 1834 490 commemora-

457 534 579 568 turus
610 524 703 565 haec
724 521 888 574 omnia,
914 535 1012 578 quae
1033 516 1238 561 videntur
1268 515 1466 560 auditore
1501 531 1634 575 quam
1665 515 1835 574 exposi-

461 604 550 638 tore
572 593 714 652 potius
736 590 928 647 indigere
953 608 960 633 :
991 608 1010 630 «
1036 587 1259 645 Aperiam,
1281 587 1445 646 inquit,
1475 587 1520 629 in
1544 584 1759 644 parabolis
1789 600 1836 628 os

459 681 480 704 »
515 677 686 714 meum,
727 660 904 717 eloquar
936 656 1248 715 propositiones
1279 656 1333 699 ab
1361 656 1530 699 initio¹.
1559 673 1579 695 ³>
1613 655 1717 707 Quis
1746 669 1837 698 non

455 734 526 777 hic
549 732 602 775 de
624 745 775 774 somno
797 729 1029 772 excitetur?
1052 727 1158 780 Quis
1185 726 1343 771 audeat
1363 726 1484 770 velut
1501 724 1747 769 manifestas
1773 725 1837 769 le-

457 801 598 861 gendo
622 815 872 860 percurrere
888 798 1114 858 parabolas
1136 807 1179 842 ct
1200 797 1535 856 propositiones,
1570 812 1670 856 quae
1691 796 1836 840 nomi—

455 874 584 917 nibus
617 873 702 916 suis
728 871 923 915 indicant
950 870 1076 914 altius
1104 885 1147 913 se
1170 868 1428 928 perscrutari
1452 870 1684 927 oportere?
1707 871 1838 911 Para-

456 942 558 987 bola
580 943 741 1001 quippe
755 940 933 1000 alicujus
951 940 1011 983 rei
1031 938 1360 983 similitudinem
1382 954 1472 998 prae
1496 953 1539 981 se
1561 937 1696 995 gerit:
1717 936 1838 997 quod

455 1012 555 1057 licet
579 1013 633 1056 sit
653 1011 918 1056 vocabulum
939 1026 1150 1070 graecum,
1168 1012 1256 1070 jam
1280 1019 1426 1053 tamen
1447 1024 1527 1068 pro
1551 1007 1686 1052 latino
1707 1023 1838 1052 usur-

455 1092 598 1143 patur.
614 1085 671 1127 Et
685 1091 839 1126 notum
854 1091 917 1126 est
929 1081 1049 1141 quod
1066 1081 1110 1125 in
1127 1080 1340 1141 parabolis
1353 1096 1451 1141 quae
1465 1079 1673 1124 dicuntur
1692 1094 1838 1124 rerum

456 1152 757 1198 similitudines
774 1189 785 1209 ,
810 1153 940 1198 rebus
957 1153 1011 1197 de
1024 1153 1184 1213 quibus
1202 1153 1364 1212 agitur,
1384 1160 1706 1211 comparantur.
1729 1154 1838 1195 Pro-

459 1224 692 1283 positiones
715 1233 860 1268 autem
883 1239 981 1283 quae
1005 1239 1142 1282 graece
1164 1223 1454 1282 appellantur,
1479 1228 1686 1275 προελτῖματσ.
1703 1237 1841 1282 quaes-

457 1294 595 1338 tiones
612 1303 713 1338 sunt
726 1295 935 1338 habentes
953 1294 1119 1353 aliquid
1140 1294 1261 1354 quod
1273 1294 1566 1353 disputatione
1580 1292 1840 1338 solvendum

454 1364 522 1407 sit.
549 1364 652 1416 Quis
669 1378 770 1421 ergo
792 1362 1019 1422 parabolas
1041 1373 1084 1407 et
1101 1364 1416 1423 propositiones
1430 1364 1676 1408 transitorie
1697 1363 1839 1423 legat?

455 1432 559 1486 Quis
593 1448 681 1476 non
713 1433 778 1476 his
808 1432 962 1477 auditis
999 1433 1220 1491 vigilantia
1252 1435 1409 1478 mentis
1446 1433 1666 1489 intendat,
1701 1443 1752 1478 ut
1783 1432 1840 1478 ad

454 1518 600 1546 earum
620 1500 811 1547 fructum
826 1503 1112 1562 intelligendo
1130 1505 1379 1564 perveniat?

515 1576 573 1617 II.
597 1592 616 1615 «
638 1574 877 1629 Attendite,
899 1575 1057 1634 inquit,
1080 1575 1269 1635 populus
1286 1591 1423 1630 meus,
1449 1575 1591 1635 legem
1608 1578 1793 1619 meam?
1814 1593 1835 1617 »

454 1647 591 1697 Quem
604 1644 674 1687 hic
689 1643 1045 1705 credamusloqui
1060 1646 1139 1689 nisi
1153 1649 1290 1690 Deum
1300 1648 1317 1690 P
1328 1649 1423 1706 Ipse
1436 1646 1551 1690 enim
1565 1645 1706 1704 legem
1719 1645 1840 1690 dedit

454 1714 617 1773 populo
628 1730 705 1758 suo
716 1750 726 1769 ,
743 1730 875 1774 quem
898 1715 1130 1759 liberatum
1144 1731 1193 1759 cx
1208 1719 1402 1775 AEgypto
1418 1716 1697 1775 congregavit
1708 1751 1719 1771 ,
1739 1731 1839 1776 quae

454 1785 728 1842 congregatio
740 1785 913 1844 proprie
933 1787 1161 1845 Synagoga
1173 1796 1470 1846 nuncupatur,
1487 1786 1608 1847 quod
1620 1787 1838 1846 interpre-

453 1863 570 1898 tatur
577 1856 737 1914 Asaph.
753 1857 908 1899 Utrum
916 1856 1083 1913 ergoita
1092 1855 1257 1900 dictum
1267 1866 1346 1911 est,
1357 1856 1634 1902 «Intellectus
1643 1858 1805 1916 Asaph,
1814 1874 1835 1898 n

454 1925 575 1984 quod
600 1925 691 1984 ipse
712 1926 857 1984 Asaph
879 1925 1165 1983 intellexerit,
1191 1943 1246 1970 an
1263 1927 1446 1985 figurate
1472 1926 1809 1986 intelligendum
1824 1963 1836 1983 ,

454 1994 575 2054 quod
588 1995 738 2038 eadem
757 1997 1002 2054 Synagoga,
1024 1997 1108 2041 hoc
1123 2006 1201 2051 est,
1222 1997 1338 2040 idem
1350 1997 1539 2057 populus
1557 1997 1835 2053 intellexerit,

455 2065 525 2107 cui
557 2064 716 2108 dicitur
740 2085 748 2110 ι
777 2084 797 2107 «
818 2066 1057 2121 Attendite,
1083 2067 1270 2126 populus
1299 2083 1435 2124 meus,
1459 2069 1601 2128 legem
1620 2071 1789 2113 meam?
1813 2088 1833 2111 »

453 2134 569 2187 Quid
588 2145 651 2179 est
673 2150 773 2193 ergo
797 2135 917 2195 quod
940 2136 1142 2181 eumdem
1160 2138 1374 2197 populum
1391 2155 1467 2198 per
1490 2140 1754 2199 Prophetam
1773 2140 1839 2184 in-

451 2213 619 2263 crepat,
641 2203 786 2249 dicens
805 2225 812 2250 :
834 2225 853 2247 «
876 2206 1008 2250 Israel
1026 2216 1170 2251 autem
1189 2223 1258 2252 me
1272 2225 1359 2253 non
1380 2211 1569 2267 agnovit,
1590 2219 1633 2254 et
1649 2209 1838 2270 populus

454 2292 475 2314 »
510 2290 631 2318 meus
648 2291 736 2319 non
754 2276 1021 2321 intellexitss?
1046 2296 1065 2319 »
1096 2279 1179 2322 Sed
1200 2278 1397 2338 profecto
1412 2290 1536 2325 erant
1552 2281 1680 2324 etiam
1698 2281 1744 2325 in
1762 2280 1837 2325 illo

449 2345 612 2403 populo
630 2347 706 2406 qui
727 2347 1035 2405 intelligerent,
1057 2349 1268 2393 habentes
1283 2349 1414 2394 fidem
1430 2367 1529 2411 quae
1550 2360 1696 2410 postea
1717 2367 1838 2396 reve-

450 2414 537 2458 lata
560 2424 643 2469 est,
678 2432 766 2459 non
800 2416 854 2460 ad
882 2417 986 2475 legis
1022 2418 1233 2475 litteram,
1268 2420 1343 2464 sed
1373 2421 1427 2465 ad
1451 2423 1631 2480 gratiam
1657 2423 1837 2482 Spiritus

449 2485 752 2543 pertinentem.
780 2489 876 2531 Non
896 2488 1011 2530 enim
1033 2489 1124 2532 sine
1148 2490 1239 2549 ipsa
1262 2491 1348 2534 fide
1365 2491 1568 2546 fuerunt,
1590 2492 1666 2551 qui
1684 2493 1775 2552 ejus
1789 2493 1836 2536 in

451 2554 622 2598 Christo
645 2554 837 2599 futuram
867 2557 1174 2603 revelationem
1204 2559 1440 2619 praevidere
1469 2570 1510 2604 ct
1538 2563 1833 2620 praenuntiare

501 2640 506 2653 ¹
531 2638 609 2669 psal.
637 2650 860 2679 i.xxv11‚‘)..—-
884 2648 895 2662 ²
916 2641 995 2673 Ibid.
1019 2643 1048 2673 3.
1070 2660 1110 2665 —-
1133 2643 1144 2663 3
1163 2646 1232 2675 lsai.
1251 2656 1272 2684 1,
1295 2645 1325 2675 3.
