1926 3339
1284 0 1926 134 ἡ]

492 302 578 339 296
939 322 972 348 s.
1009 322 1236 352 Areus‘rmi
1270 327 1449 355 Emscori

493 387 630 435 stant,
655 396 743 425 non
766 395 962 442 manent,
988 389 1209 434 celerrima
1232 394 1522 439 mutabilitate
1543 405 1868 460 transcurrunt3

492 464 572 494 nec
600 466 688 496 una
711 453 818 497 hora
844 455 887 498 in
920 457 979 501 eis
1000 458 1232 516 invenitur,
1257 463 1303 506 in
1324 479 1410 523 qua
1441 466 1499 509 ita
1528 466 1659 512 simus
1675 504 1686 523 ‚
1711 479 1762 513 ut
1783 486 1869 515 non

491 518 573 564 alia
588 536 686 580 pars
708 523 799 582 ejus
821 527 1061 582 transierit,
1083 529 1164 574 alia
1184 542 1367 578 ventura
1384 535 1464 590 sit,
1491 536 1611 581 nulla
1626 547 1709 582 stet
1729 549 1778 583 ut
1799 541 1864 584 sit.

490 589 558 633 Illi
581 601 725 636 autem
748 595 850 638 anni
873 604 915 638 et
937 596 1027 641 dies
1057 614 1148 642 non
1170 599 1400 660 deficiunt,
1429 605 1475 650 in
1507 607 1667 667 quibus
1691 625 1771 654 nec
1793 626 1870 655 nos

490 659 741 705 deficiemus
756 698 766 717 ,
787 664 862 708 sed
879 666 968 709 sine
989 666 1164 713 defectu
1185 672 1428 718 reficiemur
1447 695 1456 719 ε
1488 679 1708 722 Exaestuet
1729 680 1870 725 anima

490 740 635 775 nostra
657 732 831 777 illorum
855 735 1023 780 dierum
1045 738 1278 798 desiderio,
1301 744 1414 789 sitiat
1437 748 1637 793 ardenter
1653 760 1783 811 atque
1801 767 1872 796 ve·

488 801 715 847 hementer
741 824 749 849 z
775 815 824 849 ut
847 806 935 851 illic
962 808 1223 868 repleamur,
1253 814 1313 857 ibi
1346 817 1566 874 satiemur,
1595 821 1655 864 ibi
1676 821 1870 868 dicamus
1918 822 1920 854 ἶ

485 872 606 931 quod
627 873 697 918 hic
718 875 991 934 praedicimus
1014 899 1022 924 :
1053 899 1073 922 «
1101 883 1248 927 Satiati
1265 900 1413 931 sumus
1436 903 1562 932 mane
1579 891 1870 939 misericordia
1918 895 1920 922 ἵ

488 961 508 983 »
544 952 618 988 tua
647 964 655 989 ε
688 955 731 989 et
765 947 1072 1005 exultavimus,
1109 962 1152 997 et
1177 955 1407 1013 jucundati
1434 975 1583 1005 sumus
1603 962 1648 1005 in
1670 964 1870 1009 omnibus
1918 985 1920 1026 J

486 1032 507 1055 »
543 1015 697 1061 diebus
730 1020 899 1064 nostris.
935 1024 1087 1067 Laetati
1119 1040 1268 1071 sumus
1300 1044 1380 1087 pro
1416 1031 1570 1077 diebus
1603 1034 1763 1093 quihus
1792 1051 1868 1080 nos

486 1102 506 1126 »
542 1087 803 1144 humiliasti,
824 1091 946 1135 annis
968 1093 1128 1152 quibus
1145 1096 1333 1143 vidimus
1356 1101 1468 1146 mala
1484 1105 1512 1146 ¹.
1539 1122 1558 1144 »

541 1159 660 1202 XVI.
693 1162 819 1204 Nunc
844 1172 989 1206 autem
1020 1165 1065 1208 in
1094 1165 1245 1212 diebus
1275 1170 1419 1216 adhuc
1444 1175 1643 1234 malignis
1676 1176 1867 1223 dicamus
1917 1178 1919 1223 f

482 1227 603 1286 quod
630 1230 854 1288 sequitur:
892 1251 911 1273 «
939 1235 995 1276 Et
1024 1237 1185 1294 respice
1212 1238 1257 1282 in
1280 1255 1423 1286 servos
1454 1253 1551 1289 tuos
1584 1256 1627 1289 et
1661 1247 1704 1290 in
1738 1263 1867 1306 opera
1917 1249 1919 1254 “

481 1315 500 1338 »
538 1307 612 1342 tua
626 1302 656 1342 ².
681 1318 700 1340 »
729 1301 814 1359 Ipsi
837 1303 952 1346 enim
984 1307 1095 1350 servi
1120 1308 1181 1352 tui
1205 1325 1335 1369 opera
1364 1322 1438 1357 tua
1463 1325 1579 1360 sunt.
1605 1319 1703 1362 Non
1725 1318 1867 1363 solum
1915 1355 1917 1381 3

480 1378 530 1410 ut
552 1369 748 1413 homines
771 1371 877 1426 sint,
906 1374 981 1418 sed
1004 1376 1130 1419 etiam
1154 1388 1203 1422 ut
1225 1380 1310 1425 sint
1333 1385 1442 1428 servi
1464 1386 1553 1440 tui,
1579 1386 1625 1430 id
1647 1397 1732 1442 est,
1757 1389 1866 1433 obe·
1916 1410 1918 1415 ·

479 1438 646 1482 dientes
675 1441 801 1499 jussis
835 1444 935 1488 tuis.
968 1447 1107 1504 Ipsius
1135 1450 1248 1493 enim
1282 1467 1429 1497 sumus
1461 1457 1745 1514 figmentum⁷
1778 1475 1865 1504 non

478 1509 618 1554 solum
641 1511 688 1555 in
708 1514 866 1570 Adam,
886 1515 961 1559 sed
984 1518 1110 1562 ctiam
1129 1522 1259 1565 creati
1283 1523 1325 1566 in
1349 1526 1519 1570 Christo
1542 1530 1642 1571 Jesu
1661 1565 1671 1583 ‚
1697 1531 1741 1573 iu
1759 1546 1866 1590 ope-

476 1580 596 1623 ribus
613 1580 752 1637 bonis,
774 1600 873 1643 quae
892 1590 1151 1646 praeparavit
1174 1594 1287 1636 Deus
1306 1604 1354 1637 ut
1375 1596 1419 1638 in
1443 1596 1524 1640 illis
1543 1599 1859 1646 ambulemus3.

481 1652 591 1694 Deus
616 1659 680 1694 est
702 1653 815 1696 enim
848 1656 923 1714 qui
945 1667 1150 1715 operatur
1178 1661 1222 1703 in
1245 1663 1369 1707 nobis
1393 1674 1435 1708 et
1467 1666 1578 1710 velle
1600 1679 1644 1712 et
1666 1671 1860 1728 operari,

476 1735 556 1778 pro
578 1721 693 1765 bona
713 1722 983 1770 voluntate4.
1012 1747 1031 1770 «
1057 1731 1113 1771 Et
1141 1729 1277 1789 dirige
1304 1733 1414 1778 filios
1447 1752 1599 1781 eorum
1624 1758 1632 1783 :
1660 1757 1680 1780 »
1707 1750 1757 1785 ut
1779 1742 1864 1787 sint

476 1791 582 1834 recti
600 1791 730 1836 corde
748 1829 758 1848 ,
779 1795 939 1854 quibus
957 1798 1098 1842 bonus
1117 1810 1180 1844 est
1198 1805 1325 1848 Deus.
1357 1806 1503 1850 Bonus
1522 1809 1638 1852 enim
1661 1813 1775 1854 Deus
1798 1815 1862 1856 Is-

474 1859 587 1914 rael,
619 1861 693 1904 sed
722 1864 848 1908 rectis
878 1865 1023 1910 corde.
1060 1871 1154 1913 Non
1190 1871 1303 1916 sicut
1331 1873 1403 1917 ille
1430 1877 1500 1920 cui
1527 1881 1732 1924 commoti
1761 1891 1862 1926 sunt

471 1929 617 1988 pedeS,
639 1933 740 1991 quia
758 1949 908 1992 pacem
924 1948 1200 1996 peccatorum
1218 1942 1406 1989 intuenti
1425 1945 1652 2007 displicere
1668 1962 1861 2010 coeperat

473 2001 608 2056 Deus,
635 2005 757 2063 quasi
774 2005 853 2050 ista
869 2009 1078 2065 nesciens,
1094 2013 1216 2071 quasi
1238 2013 1317 2058 ista
1337 2031 1426 2060 non
1444 2032 1613 2074 curam,
1639 2029 1682 2064 et
1705 2021 1760 2065 ab
1777 2023 1860 2067 hu·-

470 2074 586 2116 mani
604 2076 769 2131 generis
787 2076 1101 2134 gubernatione
1123 2081 1394 2130 dissimulans
1410 2090 1440 2130 ⁵.

530 2145 671 2188 XVII.
702 2164 722 2187 «
739 2149 795 2190 Et
815 2147 869 2191 sit
887 2148 1093 2207 splendor
1109 2155 1281 2198 Domini
1299 2157 1373 2200 Dei
1394 2159 1528 2203 nostri
1545 2176 1676 2220 super
1691 2178 1769 2207 nos
1783 2165 1815 2208 ⁶.
1832 2182 1853 2206 η
1910 2178 1912 2223 j

472 2215 596 2258 Unde
616 2214 801 2261 dicitur:
823 2237 842 2260 «
864 2220 1089 2278 Signatum
1107 2233 1169 2267 est
1186 2240 1314 2284 super
1336 2243 1414 2272 nos
1435 2228 1586 2274 lumen
1607 2233 1754 2278 vultus
1772 2235 1852 2290 tui,

472 2302 491 2325 »
528 2286 711 2330 Domine
727 2289 756 2329 ⁷.
791 2290 848 2331 Et
875 2304 1003 2348 opera
1039 2307 1248 2338 manuum
1286 2307 1529 2344 nostrarum
1561 2302 1696 2361 dirige
1727 2321 1856 2364 super
1909 2305 1913 2355 Ϊ

471 2372 491 2395 »
528 2371 605 2398 nos
635 2375 642 2399 :
678 2378 693 2397 »
726 2367 884 2402 utnon
907 2375 954 2403 ea
983 2377 1062 2420 pro
1087 2379 1229 2408 rerum
1261 2375 1525 2414 terrenarum
1559 2374 1758 2419 mercede
1792 2376 1854 2420 fa-
1909 2368 1911 2372 ’

466 2425 629 2469 ciamus
661 2445 669 2469 :
708 2435 813 2470 tunc
840 2429 953 2472 enim
989 2447 1077 2475 non
1112 2433 1298 2491 directa,
1334 2439 1409 2482 sed
1442 2456 1572 2486 curva
1606 2455 1721 2489 sunt.
1755 2449 1852 2491 Huc

466 2510 603 2554 usquc
626 2495 845 2540 Psalmum
864 2499 991 2543 istum
1018 2503 1143 2546 multi
1167 2506 1336 2550 codices
1360 2509 1524 2556 habent
1546 2532 1553 2556 :
1576 2514 1712 2558 sedin
1736 2532 1850 2561 non-

517 2597 524 2612 ¹
544 2591 623 2622 Psal.
646 2603 772 2632 mxxix,
797 2595 845 2625 15.
868 2613 907 2617 ——
928 2597 1040 2629 ²1bid.
1067 2599 1116 2630 16.
1144 2618 1183 2623 —
1204 2601 1215 2623 3
1236 2604 1348 2645 Eplies.
1376 2617 1411 2647 ιι,
1436 2619 1484 2639 ιο.
1505 2608 1575 2638 -4
1597 2611 1696 2654 Philip
1731 2625 1768 2653 ir,
1795 2614 1845 2645 13.

466 2662 507 2668 —·
527 2644 540 2668 5
558 2647 923 2690 Psal.1.u'11‚1-ii'i.—
942 2649 1462 2703 ⁰1‹l.txxx1‹‚17.—71‹1.1v‚
1483 2675 1513 2705 7.
