1926 3339
478 263 563 303 456
904 279 937 309 s.
973 281 1204 311 Accus'rrm
1237 284 1418 312 EPISCOPI

480 358 500 382 »
537 344 769 403 Apostolus
799 345 1036 407 loquitur)
1071 331 1168 408 (iure
1197 364 1365 393 sursum
1399 359 1501 396 sunt
1534 353 1745 412 quaerite,
1780 354 1858 398 ubi

479 431 500 454 »
535 415 731 460 Christus
759 426 822 461 est
854 418 899 461 in
934 417 1108 463 dextera
1142 421 1220 464 Dei
1241 420 1393 466 sedens
1415 442 1423 466 :
1449 438 1548 482 quae
1568 438 1738 467 sursum
1758 434 1859 469 sunt
1901 422 1905 427 ²

476 502 499 526 »
537 487 669 546 sapite
688 523 698 542 ,
725 503 814 532 non
836 505 935 548 quae
958 505 1086 549 super
1106 499 1263 534 terram
1278 495 1308 536 ¹.
1337 511 1357 533 »
1383 494 1564 553 Coepisti
1591 510 1739 554 sapere
1759 512 1859 556 quae

477 573 647 601 sursum
670 568 771 601 sunt
787 594 797 613 ,
823 569 866 603 ct
888 576 977 604 non
994 576 1092 620 quae
1110 576 1238 620 super
1259 571 1417 607 terram
1440 574 1541 609 sunt
1567 585 1575 610 z
1600 582 1748 610 nonne
1770 566 1861 611 fac-

475 637 546 672 tus
569 643 612 672 es
634 628 823 673 coelum?
858 632 1041 674 Carnem
1065 641 1231 691 portas,
1258 641 1300 677 et
1324 633 1454 678 corde
1478 637 1568 694 jam
1596 636 1758 680 coelum
1782 652 1825 681 es
1847 656 1856 682 :

477 700 746 744 conversatio
779 700 891 744 enim
912 710 987 745 tua
1009 702 1054 745 in
1072 702 1191 746 coelis
1217 704 1336 748 erit2.
1365 704 1477 749 Talis
1501 708 1730 751 annuntias
1748 717 1791 751 et
1811 717 1861 752 tu

476 770 714 815 Christum.
753 772 854 824 Quis
883 772 997 815 enim
1020 772 1217 817 fidelium
1238 783 1352 819 tacet
1373 776 1627 821 Christum?
1657 778 1862 822 Intendat
1914 827 1915 830 Ἴ

477 841 675 886 Charitas
698 845 871 887 Vestra:
897 843 1058 902 putatis
1081 845 1183 904 quia
1206 860 1282 888 nos
1313 844 1391 889 soli
1413 856 1572 891 stantes
1593 847 1663 891 hic
1689 863 1862 892 annun-

477 911 634 956 tiamus
651 913 889 967 Christum,
907 923 950 958 et
963 930 1038 959 vos
1057 931 1145 959 non
1163 916 1453 961 annuntiatis?
1471 917 1595 961 Unde
1614 917 1668 961 ad
1685 934 1764 962 nos
1785 934 1862 963 ve·-

477 983 629 1038 niunt,
655 984 888 1028 Christiani
909 984 1102 1029 volentes
1126 1001 1215 1029 esse
1231 1021 1241 1041 ,
1267 1002 1377 1045 quos
1399 1002 1624 1047 nunquam
1644 987 1832 1033 vidimus
1848 1024 1859 1044 ,

477 1069 587 1113 quos
609 1069 699 1097 non
726 1054 925 1098 novimus
944 1090 954 1109 ‚
980 1055 1138 1114 quihus
1166 1071 1392 1116 nunquam
1414 1057 1772 1117 praedicavimus?
1796 1062 1862 1103 An

477 1122 590 1167 forte
624 1123 902 1168 crediderunt
932 1124 1055 1168 nullo
1086 1127 1413 1170 annuntiante?
1446 1128 1676 1187 Apostolus
1708 1127 1812 1173 dicit
1851 1149 1860 1174 :

481 1211 501 1235 «
537 1193 768 1247 Quomodo
791 1195 970 1239 credent
996 1211 1127 1255 quem
1148 1212 1237 1241 non
1255 1198 1516 1242 audierunt?
1538 1198 1760 1259 quomodo
1783 1216 1863 1244 au-

481 1282 501 1304 »
538 1264 659 1308 dient
681 1265 772 1308 sine
793 1264 1058 1324 praedicante
1072 1267 1118 1307 ³?
1140 1285 1160 1307 »
1192 1270 1309 1326 Ergo
1330 1277 1420 1312 tota
1444 1268 1635 1313 Ecclesia
1656 1269 1864 1329 praedicat

478 1334 703 1378 Christum
721 1370 731 1389 ,
757 1344 801 1379 et
823 1336 1087 1379 annuntiant
1108 1335 1209 1380 coeli
1227 1338 1441 1397 justitiam
1462 1339 1594 1398 ipsius
1614 1356 1625 1383 .-
1651 1340 1751 1400 quia
1769 1356 1864 1384 om-

477 1420 553 1449 nes
586 1404 736 1450 fideles
761 1407 922 1467 quibus
946 1423 1049 1451 cura
1073 1417 1136 1451 est
1154 1407 1312 1452 lucrari
1335 1412 1425 1454 Deo
1448 1425 1542 1465 eos,
1567 1411 1644 1470 qui
1666 1411 1864 1455 nondum

478 1475 782 1532 crediderunt,
803 1487 846 1521 et
868 1477 1035 1522 faciunt
1057 1479 1141 1523 hoc
1169 1495 1221 1523 ex
1243 1480 1453 1524 charitate
1469 1516 1479 1536 ,
1521 1481 1621 1526 coeli
1643 1491 1759 1526 sunt.
1790 1485 1864 1526 In-

477 1557 603 1592 tonat
624 1547 678 1592 de
699 1547 783 1592 illis
811 1552 923 1592 Deus
940 1549 1094 1609 judicii
1111 1551 1177 1594 sui
1200 1560 1408 1595 terrorem
1436 1571 1444 1596 :
1471 1562 1514 1596 et
1531 1553 1677 1596 tremit
1697 1554 1774 1613 qui
1795 1554 1866 1596 in-

475 1617 617 1662 fidelis
647 1627 758 1673 erat,
795 1628 837 1663 et
858 1620 1074 1679 pavescit,
1098 1630 1141 1665 et
1163 1620 1316 1665 credit.
1352 1622 1579 1666 Ostendite
1616 1623 1865 1668 hominihus

477 1691 584 1750 quid
603 1691 954 1750 potuitChristus
969 1708 1046 1751 per
1069 1702 1209 1736 totum
1228 1694 1378 1737 orbem
1397 1703 1625 1749 terrarum,
1641 1694 1864 1755 loquendo

475 1762 550 1816 eis,
568 1771 610 1805 et
633 1761 892 1806 adducendo
911 1778 981 1807 eos
997 1763 1053 1807 ad
1070 1763 1306 1808 amandum
1322 1765 1558 1811 Christum.
1572 1767 1731 1820 Quanti
1748 1767 1865 1811 enim

475 1831 607 1876 hodie
630 1832 909 1877 adduxerunt
929 1835 1087 1879 amicos
1110 1851 1207 1879 suos
1228 1871 1238 1889 ,
1265 1846 1340 1880 aut
1362 1838 1416 1880 ad
1440 1838 1774 1896 pantomimum,
1791 1848 1866 1882 aut

477 1902 533 1946 ad
555 1902 807 1946 choraulam
827 1905 844 1947 Ξ)
879 1908 1040 1959 Quare,
1061 1906 1141 1949 nisi
1161 1907 1348 1951 amando
1376 1906 1531 1952 illum?
1549 1910 1604 1952 Et
1629 1924 1702 1952 vos
1725 1918 1865 1953 amate

477 1973 714 2018 Christum.
743 1976 879 2017 Tanta
901 1975 1015 2018 enirn
1046 1976 1290 2035 spectacula
1316 1977 1531 2036 praebuit,
1555 1979 1601 2022 in
1624 1994 1712 2039 quo
1735 1994 1865 2024 nemo

475 2053 620 2103 potest
647 2044 790 2088 dicere
819 2045 984 2105 aliquid
1011 2062 1055 2090 se
1078 2048 1422 2107 reprehensionis
1444 2049 1662 2103 invenire,
1693 2049 1767 2094 ille
1788 2051 1865 2110 qui

475 2115 578 2159 vicit
606 2115 830 2159 saeculum.
861 2119 969 2161 Nam
998 2126 1040 2160 et
1062 2117 1297 2178 aliquando
1325 2134 1454 2179 quem
1479 2130 1593 2164 amat
1615 2120 1799 2181 quisque
1818 2122 1865 2166 in

475 2186 646 2231 theatro
662 2222 672 2241 ‚
697 2187 887 2231 vincitur
913 2187 959 2230 in
981 2187 1070 2232 illo.
1104 2191 1242 2232 Nemo
1263 2205 1366 2233 vero
1383 2190 1572 2233 vincitur
1592 2191 1638 2234 in
1658 2193 1830 2236 Christo
1851 2211 1861 2236 ε

474 2265 565 2301 non
587 2266 651 2301 est
672 2257 727 2300 de
749 2273 838 2317 quo
868 2258 1137 2302 erubescere.
1167 2259 1376 2319 Arripite,
1409 2260 1612 2305 adducite
1630 2297 1640 2317 ,
1662 2263 1864 2307 attrahite

474 2343 584 2387 quos
607 2329 786 2387 potestis
813 2348 822 2372 ι
852 2329 990 2372 securi
1012 2337 1148 2373 estote
1163 2364 1173 2383 ,
1201 2328 1256 2373 ad
1277 2345 1375 2373 eum
1407 2330 1623 2376 adducitis
1639 2367 1649 2387 ‚
1676 2332 1752 2393 qui
1774 2349 1862 2378 non

473 2396 674 2456 displicet
696 2398 974 2456 videntibus,
997 2407 1040 2442 et
1061 2408 1210 2457 rogate
1231 2399 1356 2443 illum
1378 2410 1428 2445 ut
1448 2401 1667 2446 illuminet
1687 2418 1759 2447 eos
1778 2439 1789 2458 ,
1819 2413 1863 2448 et

471 2467 585 2512 bene
616 2478 827 2528 spectent.
857 2488 878 2511 «
913 2470 1299 2515 Annuntiaverunt
1324 2472 1423 2516 coeli
1439 2473 1652 2533 justitiam
1675 2475 1791 2533 ejus,
1819 2484 1863 2519 et

473 2557 496 2580 »
529 2539 735 2585 viderunt
758 2556 907 2586 omnes
929 2541 1082 2601 populi
1099 2542 1281 2602 gloriam
1299 2545 1405 2603 ejus.
1436 2561 1455 2584 n

521 2632 530 2648 ¹
558 2625 662 2657 Coloss
695 2638 742 2665 ru,
768 2638 796 2667 r,
817 2636 848 2658 9..
867 2645 906 2649 —
928 2634 940 2649 ²
963 2627 1137 2669 Pt1ilip.111,
1161 2638 1215 2660 ¹20.
1243 2646 1283 2651 -
1306 2627 1317 2651 3
1342 2632 1430 2660 Romi
1453 2641 1484 2670 τ,
1507 2629 1558 2671 14.
