1926 3339
393 282 637 310 ENARRATIO
669 284 711 309 ΙΝ
746 282 948 310 PsALMUM
981 286 1083 313 xcn.
1343 280 1426 318 363

42 351 198 394 timens
221 348 430 393 mentitur
448 367 456 392 :
475 347 670 391 nondum
691 346 831 391 elevat
851 363 1020 404 vocem,
1041 351 1236 396 nondum
1262 365 1323 398 est
1341 356 1428 399 ssu-

42 435 158 467 men.
187 419 270 463 Ubi
289 427 432 462 autem
453 417 618 477 impleti
641 427 743 462 sunt
764 418 926 477 Spiritu
948 429 1112 474 sancto,
1140 423 1430 468 accersierunt

41 505 113 534 eos
140 488 305 543 Judaei,
338 497 381 531 et
412 497 714 548 praeceperunt
744 488 802 532 eis
836 504 890 532 ne
914 489 1093 534 omnino
1124 489 1426 551 loquerentur,

41 575 185 620 neque
214 558 421 603 docerent
454 558 499 601 in
525 557 700 601 nomine
722 560 840 602 Jesu.
873 562 1025 604 Petrus
1058 569 1204 604 autem
1232 571 1275 605 et
1296 565 1432 609 Joan-

41 646 115 675 nes
138 629 342 674 dixerunt
362 627 414 672 ad
439 644 510 673 eos
538 649 546 673 :
572 648 590 671 «
614 629 654 674 Si
669 629 838 689 justum
860 638 922 675 est
938 646 1083 675 coram
1107 634 1213 684 Deo,
1238 641 1288 676 ut
1308 633 1430 681 vobis

44 721 64 744 »
99 702 352 746 obediamus
372 701 507 759 magis
530 717 657 762 quam
688 704 792 755 Deo,
812 701 1005 761 judicate
1039 722 1047 746 ε
1074 719 1163 747 non
1189 705 1305 748 enim
1331 721 1432 764 pos-

43 791 64 814 »
99 788 247 816 sumus
270 789 369 833 quae
386 774 573 817 vidimus
595 781 638 816 et
655 770 917 827 audivimus,
943 788 1033 816 non
1055 772 1192 833 loqui.
1220 773 1431 820 Elevave-

43 862 62 885 »
98 853 202 888 runt
232 859 334 903 ergo
364 844 545 888 flumina
575 859 725 888 vocem
767 858 888 886 suam
907 879 917 898 ‚
956 860 978 891 a
1003 845 1183 890 vocibus
1216 862 1431 905 aquarum

46 935 63 956 »
98 914 352 959 multarum.
379 934 398 956 »
425 915 493 960 Ad
514 916 650 974 ipsam
668 914 952 958 elevationem
970 915 1085 961 vocis
1102 918 1292 975 pertinet
1310 918 1431 977 quod

40 985 101 1030 ibi
123 987 330 1045 scriptum
352 995 414 1030 est
441 1006 448 1030 :
478 1005 497 1027 «
529 986 656 1030 Stetit
673 994 817 1029 autem
841 989 995 1029 Petrus
1017 1002 1119 1030 cum
1141 987 1362 1041 undecim,
1389 998 1433 1032 et

43 1075 62 1097 η
98 1057 262 1100 elevata
290 1072 398 1100 voce
426 1056 532 1100 dixit
555 1055 608 1100 ad
645 1072 745 1101 eos:
778 1057 869 1101 Viri
896 1059 920 1100 J
927 1057 1065 1101 udaei1
1099 1075 1109 1101 :
1148 1076 1167 1098 υ
1197 1068 1240 1101 et
1276 1068 1433 1103 caetera

40 1127 199 1188 quibus
228 1128 459 1172 annuntiat
481 1131 629 1173 Jesum
652 1128 743 1171 sine
765 1128 922 1172 timore
945 1144 1044 1173 cum
1076 1144 1231 1187 magna
1255 1129 1428 1174 fiducia.

45 1218 65 1241 «
98 1199 391 1244 Elevaverunt
407 1200 522 1243 enim
541 1199 722 1243 flumina
735 1215 887 1244 vocem
906 1216 1044 1254 suam,
1061 1217 1082 1243 a
1096 1201 1277 1245 vocibus
1295 1217 1432 1261 aqua-

43 1289 62 1312 »
100 1286 196 1314 rum
225 1271 479 1315 multarum.
507 1290 526 1311 »
552 1274 662 1316 Nam
685 1281 726 1315 et
749 1287 849 1315 cum
881 1271 1042 1315 dimissi
1064 1282 1205 1316 essent
1238 1272 1433 1332 Apostoli

40 1341 94 1385 de
113 1341 295 1385 concilio
318 1341 591 1395 Juclaeorum,
617 1351 834 1386 venerunt
852 1342 906 1386 ad
926 1358 1042 1396 suos,
1067 1351 1108 1385 et
1130 1342 1434 1389 indicaverunt

40 1422 204 1473 quanta
227 1413 286 1456 eis
303 1413 546 1457 sacerdotes
569 1422 612 1456 et
633 1413 822 1456 seniores
844 1412 1061 1457 dixerunt.
1090 1416 1145 1457 At
1164 1412 1226 1457 illi
1249 1414 1433 1457 audien-

41 1493 103 1527 tes
135 1483 392 1527 levaverunt
419 1500 570 1528 vocem
599 1483 826 1527 unanimes
856 1498 1005 1527 omnes
1030 1483 1086 1527 ad
1107 1483 1360 1539 Dominum,
1392 1494 1436 1528 et

41 1554 243 1598 dixerunt
267 1573 275 1598 :
309 1574 329 1596 «
353 1555 562 1609 Domine,
589 1563 637 1598 tu
668 1570 710 1597 es
738 1554 814 1614 qui
837 1553 975 1598 fecisti
1005 1554 1168 1598 coelum
1192 1564 1235 1598 et
1254 1564 1431 1610 terram,

44 1643 63 1666 »
103 1633 146 1668 et
166 1640 305 1677 mare,
332 1634 375 1668 et
402 1625 546 1669 omnia
570 1641 669 1684 quae
692 1624 737 1668 in
760 1625 819 1667 eis
842 1628 969 1668 sunt2
1003 1644 1011 1669 :
1045 1643 1064 1665 »
1092 1633 1134 1668 et
1156 1634 1311 1668 caetera
1335 1641 1435 1684 quae

41 1695 185 1740 dicere
200 1706 441 1756 potuerunt
463 1696 646 1740 flumina
673 1695 886 1740 elevantia
908 1711 1061 1740 vocem
1086 1711 1224 1739 suam.
1257 1715 1276 1737 «
1300 1696 1434 1741 Mira-

45 1785 64 1809 »
100 1767 208 1811 biles
230 1784 501 1827 suspensurae
532 1767 675 1811 maris.
708 1787 724 1807 »
751 1769 865 1811 Cum
883 1767 999 1811 enim
1020 1766 1082 1811 illi
1097 1767 1335 1811 elevassent
1356 1783 1437 1811 vo-

42 1853 110 1883 ces
134 1854 229 1882 suas
252 1838 477 1898 Discipuli,
498 1837 788 1882 crediderunt*
803 1837 946 1889 multi,
966 1846 1009 1880 et
1029 1847 1294 1897 acceperunt
1310 1836 1438 1881 multi

46 1908 253 1966 Spiritum
270 1919 491 1962 sanctuni,
528 1917 571 1952 et
601 1917 835 1967 coeperunt
862 1906 1000 1952 multa
1034 1907 1217 1951 flumina
1251 1906 1438 1951 clamare

43 1979 97 2023 de
118 1980 282 2039 paucis.
310 1979 414 2024 Ideo
442 1979 639 2040 sequitur
667 1999 675 2023 2
706 1999 725 2021 «
751 1982 788 2023 Α
814 1979 995 2023 vocibus
1028 1994 1241 2038 aquarum
1274 1977 1435 2022 multa-

47 2070 66 2092 »
102 2068 201 2095 rum
232 2051 451 2096 mirabiles
480 2067 754 2111 suspensurae
775 2051 904 2094 maris
932 2071 940 2095 ;
970 2070 988 2092 »
1015 2050 1061 2094 id
1086 2060 1179 2104 est,
1205 2050 1333 2110 hujus
1355 2065 1438 2094 sae-

44 2122 147 2166 culi.
186 2124 297 2167 Cum
332 2123 535 2182 coepisset
568 2123 766 2166 Christus
810 2122 940 2165 tantis
970 2121 1152 2165 vocibus
1179 2119 1436 2180 praedicari,

44 2193 180 2252 coepit
206 2194 331 2238 irasci
362 2209 481 2237 mare
498 2229 508 2248 ,
541 2201 772 2253 coeperunt
803 2192 1074 2236 crebrescere
1098 2191 1434 2250 persecutiones.

50 2283 70 2305 «
100 2266 212 2308 Cum
237 2264 476 2309 elevassent
504 2280 607 2324 ergo
642 2264 824 2308 flumina
851 2278 1003 2307 vocem
1032 2278 1179 2317 suam,
1214 2279 1236 2306 a
1259 2262 1440 2306 vocibus

49 2353 68 2375 »
105 2350 317 2395 aquarum
336 2334 575 2379 multarum
600 2334 818 2379 mirabiles
836 2350 1109 2393 suspensurae
1128 2333 1270 2377 maris.
1289 2351 1308 2372 »
1339 2335 1441 2377 Sus-

45 2420 259 2464 pensurae,
287 2405 569 2450 exaltationes
593 2415 717 2463 sunt,
739 2406 841 2465 quia
871 2404 1049 2465 quando
1071 2404 1270 2448 irascitur
1293 2419 1411 2447 mare
1427 2438 1438 2457 ,

46 2476 373 2534 suspenduntur
391 2476 565 2519 fluctus.
595 2475 850 2535 Suspendan
860 2485 930 2519 tur
947 2475 1108 2519 fluctus
1130 2484 1345 2534 quantum
1370 2489 1441 2517 vo-

46 2544 161 2600 lunt,
184 2544 341 2590 fremat
372 2561 488 2589 mare
518 2555 736 2605 quantum
772 2545 895 2603 vult3
924 2564 943 2586 «
969 2545 1229 2589 mirabiles»
1261 2542 1442 2603 quidem

103 2637 111 2651 ¹
135 2631 205 2661 Act.
227 2641 262 2669 n,
287 2629 337 2671 14.
361 2648 401 2652 -
421 2638 432 2652 ²
452 2631 497 2660 111*
516 2641 559 2668 iv,
584 2628 690 2670 18-24.
