1926 3339
0 0 427 138 Γᾷ

341 338 584 369 murmuro
617 341 662 367 IN
695 332 898 366 rsaisvmm
931 334 1122 365 Lxxxvrr.
1349 320 1433 366 24⁴7·

54 424 75 447 »
109 414 256 450 manet
275 420 405 464 super
422 419 524 449 eum
540 407 571 448 ¹.
596 425 613 446 »
644 406 703 448 Et
722 413 907 448 terrores
929 403 1005 446 Dei
1027 402 1294 446 conturbant
1314 403 1437 446 infir-

50 476 246 521 mitatem
278 475 475 520 fidelium
512 495 522 520 ;
565 475 667 535 quia
705 489 834 519 omne
872 473 992 534 quod
1034 472 1228 518 accidere
1266 482 1410 532 potest
1424 508 1435 529 ‚

52 546 215 591 etiamsi
240 562 327 590 non
350 545 516 590 accidat
531 582 542 601 ‚
561 545 801 605 prudenter
820 545 1012 589 timetur.
1028 547 1086 588 Et
1103 543 1336 603 aliquando
1348 552 1439 587 ter-

52 632 166 662 rores
189 617 269 676 ipsi
291 618 348 661 ita
377 616 644 661 conturbant
676 617 869 660 animum
909 615 1138 674 cogitantis
1160 615 1439 674 circumpen-

50 686 253 732 dentibus
296 686 420 731 malis
440 722 450 742 ‚
487 697 537 731 ut
586 687 696 731 sicut
740 703 851 747 aqua
895 686 1092 746 undique
1137 686 1441 730 circumfluere

48 758 278 803 videantur
298 768 341 803 et
356 758 484 802 simul
501 759 771 803 circumdare
789 768 1073 803 metuentem.
1092 761 1150 802 Et
1171 758 1272 818 quia
1287 757 1442 802 Eccle-

49 829 121 873 siae
153 829 199 872 in
232 829 316 873 hoc
353 829 518 873 mundo
542 829 834 889 peregrinanti
875 831 954 872 ista
990 844 1079 873 non
1110 829 1291 883 desunt,
1333 827 1441 872 dum

48 898 180 944 modo
201 900 247 943 in
276 900 340 944 his
359 935 369 949 ‚
405 900 537 944 modo
567 901 613 943 in
646 899 729 943 illis
756 899 963 942 membris
1000 901 1091 959 ejus
1126 914 1442 959 usquequaque

49 970 332 1028 contingunt3
356 969 455 1014 ideo
477 969 600 1025 dixit,
631 989 650 1012 «
672 972 779 1014 Tota
801 968 888 1024 die,
912 988 931 1010 »
958 969 1331 1013 continuationem
1353 970 1442 1029 sig-

50 1041 229 1086 nificans
266 1041 492 1100 temporis,
530 1041 670 1084 donec
693 1040 869 1084 finiatur
889 1041 974 1084 hoc
995 1039 1221 1084 saeculum.
1253 1042 1310 1084 Et
1330 1056 1444 1100 saepe

51 1110 177 1156 amici
210 1120 253 1154 et
283 1111 376 1155 noti
404 1110 697 1169 periclitantes
728 1109 971 1155 secundum
1004 1111 1230 1165 saeculum,
1273 1120 1444 1156 sanctos

51 1180 283 1226 formidine
303 1180 524 1225 deserunt.
557 1185 619 1226 De
639 1181 801 1242 quibus
823 1181 929 1226 dicit
949 1181 1183 1241 Apostolus
1199 1217 1209 1236 ‚
1241 1200 1261 1223 «
1283 1182 1446 1226 Omnes

55 1269 76 1294 n
109 1267 180 1296 me
220 1251 515 1312 reliquerunt,
548 1262 639 1296 non
671 1251 754 1296 illis
787 1252 1030 1312 imputetur
1045 1256 1076 1296 ².
1115 1271 1134 1293 »
1173 1251 1257 1297 Sed
1286 1253 1448 1313 utquid

51 1324 145 1368 haec
167 1324 312 1367 omnia
329 1357 340 1379 ,
369 1324 448 1367 nisi
470 1333 520 1368 ut
539 1324 676 1368 oratio
697 1324 828 1385 hujus
858 1324 995 1368 sancti
1016 1324 1207 1383 corporis
1228 1339 1374 1379 mane,
1399 1324 1447 1368 id

52 1403 131 1448 est,
151 1403 247 1454 post
262 1403 436 1438 noctem
454 1393 717 1439 infidelitatis
733 1394 779 1438 in
800 1394 898 1439 luce
917 1395 1019 1438 fidei
1041 1395 1278 1454 praeveniat
1291 1400 1444 1449 Deum,

53 1464 192 1509 donec
212 1466 358 1509 veniat
381 1465 494 1509 salus
518 1465 608 1520 illa,
635 1466 681 1509 in
703 1467 825 1526 cujus
851 1465 1048 1509 nondum
1073 1481 1119 1509 re
1135 1501 1145 1518 ‚
1169 1464 1244 1509 sed
1261 1466 1349 1526 jam
1373 1481 1447 1525 spe

54 1533 158 1579 salvi
179 1534 283 1579 facti
305 1551 477 1590 sumus,
513 1551 698 1595 eamque
725 1551 826 1580 cum
853 1536 1061 1595 patientia
1084 1535 1270 1579 fideliter
1293 1550 1449 1595 expec-

3 1630 6 1650 ἢ
54 1606 260 1649 ῑειηωε39
297 1606 380 1650 Ubi
416 1621 495 1650 nec
530 1604 712 1664 repellet
743 1606 955 1649 Dominus
984 1607 1224 1650 orationem
1256 1615 1449 1650 nostram

55 1674 262 1735 quoniam
276 1683 382 1719 tunc
399 1674 510 1719 nihil
531 1675 611 1718 erit
625 1675 883 1734 petendum,
905 1675 981 1719 sed
1003 1675 1220 1736 quidquid
1243 1684 1359 1720 recte
1376 1691 1449 1736 pe-

55 1746 184 1790 titum
203 1754 283 1800 est,
309 1746 600 1790 obtinendum
624 1766 632 1790 :
658 1762 738 1791 nec
760 1745 914 1791 faciem
932 1762 1052 1791 suam
1073 1755 1237 1791 avertet
1260 1763 1283 1790 a
1305 1747 1446 1802 nobis,

56 1817 262 1878 quon-iam
290 1817 535 1861 videbimus
574 1833 674 1861 eum
696 1818 819 1862 sicuti
841 1827 905 1862 est
920 1820 936 1843 4
962 1837 971 1862 :
993 1833 1072 1862 nec
1094 1818 1244 1878 inopes
1267 1818 1446 1873 erimus,

56 1888 158 1948 quia
175 1888 298 1947 copia
320 1897 465 1932 nostra
488 1889 578 1947 ipse
600 1891 714 1932 Deus
736 1889 817 1932 erit
839 1888 983 1932 omnia
1005 1889 1051 1931 in
1073 1889 1304 1933 omnibus⁵
1333 1907 1342 1933 ;
1367 1904 1448 1933 nec

57 1960 351 2004 laborabimus
367 1995 378 2014 ‚
411 1961 513 2020 quia
541 1959 662 2003 nulla
681 1960 922 2003 remanebit
943 1960 1170 2004 infirmitas
1197 1979 1205 2004 z
1231 1975 1312 2004 nec
1335 1959 1451 2004 exal·

58 2031 136 2075 tati
167 2029 499 2074 humiliabimur
531 2040 575 2074 et
607 2030 992 2085 conturbabimur,
1018 2031 1118 2090 quia
1140 2029 1261 2074 nulla
1282 2030 1343 2074 ibi
1370 2031 1452 2075 erit

59 2101 292 2146 adversitas
318 2120 327 2145 :
353 2117 433 2146 nec
460 2102 569 2145 iram
595 2101 671 2145 Dei
700 2100 771 2145 vel
793 2110 1089 2145 transeuntem
1112 2101 1421 2145 sustinebimus
1437 2137 1448 2157 ‚

60 2173 160 2233 quia
182 2173 229 2216 in
251 2174 343 2233 ejus
366 2173 634 2232 benignitate
655 2182 860 2216 manente
883 2172 1157 2217 manebimus
1184 2192 1193 2217 :
1218 2188 1298 2217 nec
1316 2182 1451 2218 terro-

59 2259 126 2287 res
148 2245 240 2303 ejus
262 2259 340 2288 nos
357 2244 703 2298 conturbabunt,
721 2244 823 2304 quia
833 2244 1043 2303 promissa
1060 2243 1229 2288 reddita
1248 2260 1327 2288 nos
1344 2244 1451 2288 bea-

60 2314 174 2358 bunt
197 2331 209 2359 3
233 2330 313 2359 nec
335 2307 509 2359 terlitus
529 2314 659 2373 longe
681 2315 757 2359 fiet
779 2332 801 2359 a
817 2316 944 2360 nobis
965 2323 1094 2360 notus
1111 2324 1154 2359 et
1171 2316 1351 2372 amicus,
1374 2313 1452 2359 ubi

62 2383 208 2429 nullus
225 2385 307 2429 erit
327 2385 405 2446 qui
421 2385 628 2429 timeatur
643 2386 860 2430 inimicus.

111 2488 120 2504 ¹
139 2484 231 2514 Joan.
252 2494 290 2515 111
305 2508 314 2524 ‚
336 2482 387 2515 36.
405 2500 446 2505 -—-
467 2489 479 2504 2
496 2492 515 2515 2
533 2482 614 2515 Tim.
633 2494 663 2515 iv
680 2508 689 2524 ,
709 2483 758 2516 16.
780 2500 822 2506 --
842 2481 1048 2524 3R0n1.v1n‚
1071 2481 1113 2526 24
1127 2508 1136 2525 ,
1156 2482 1211 2516 25.
1230 2482 1305 2513 -4
1329 2495 1340 2515 1
1361 2485 1450 2515 Joan.

64 2547 111 2578 m,
126 2546 158 2570 2.
177 2555 220 2561 —
239 2536 254 2561 5
281 2550 294 2571 1
316 2539 390 2570 Cor.
415 2549 448 2578 v,
467 2538 521 2571 28.
