1926 3339
475 256 526 294 48
903 262 936 289 s.
975 262 1200 289 Aucus-mm
1236 259 1414 286 Emscom

469 331 694 374 velabatur
712 336 803 371 erat
824 328 868 369 in
890 325 1048 379 electis,
1067 333 1110 367 et
1127 338 1242 366 nuuc
1262 320 1440 381 quando
1452 321 1541 378 jam
1558 318 1746 362 revelata
1764 327 1844 372 est,

471 417 561 444 non
583 409 645 442 cst
661 399 705 441 in
727 396 873 441 multis
894 395 1070 439 vocatis.
1091 412 1110 434 «
1130 392 1259 437 Multi
1281 392 1396 434 enim
1418 398 1520 433 sunt
1541 388 1698 443 vocati,
1722 388 1850 447 pauci

473 490 495 512 »
530 480 674 514 autem
692 469 816 512 electi
834 471 861 509 ¹.
886 484 905 506 »
929 464 1038 509 Talis
1061 478 1161 520 ergo
1175 471 1266 505 erat
1289 461 1507 519 generatio
1530 475 1659 519 prava
1677 468 1720 503 et
1737 473 1852 502 ama-

471 541 632 593 ricans,
665 538 794 581 ctiam
821 551 921 579 cum
944 537 1080 578 Deum
1100 546 1295 592 quaerere
1323 530 1544 575 videretur
1559 565 1571 585 ,
1595 528 1777 586 diligens
1805 528 1851 572 in

469 626 542 656 ore
559 619 602 653 et
623 609 668 652 in
689 608 836 663 lingua
860 603 1095 658 mentien53
1119 602 1165 645 in
1186 600 1316 645 corde
1342 609 1486 643 autem
1504 615 1594 643 non
1615 607 1730 643 recta
1749 613 1851 642 cum

470 684 574 733 Deo,
590 678 666 721 ubi
688 692 737 720 ea
751 675 895 735 potius
915 672 1152 731 diligebat,
1173 679 1351 731 propter
1372 686 1472 731 quae
1493 670 1570 715 Dei
1587 668 1851 728 adjutorium

470 747 731 808 requirebat.

527 818 671 861 XXII.
709 833 731 857 «
755 817 851 873 Ipse
882 821 1029 858 autem
1066 820 1130 856 est
1156 811 1425 865 misericors,
1464 818 1507 853 et
1535 808 1747 870 propitius
1777 807 1854 852 fiet

473 906 494 930 »
529 886 715 947 peccatis
737 899 917 939 eorum,
948 891 991 927 et
1022 898 1113 927 non
1146 880 1370 941 disperdet
1399 895 1470 925 eos
1500 899 1509 924 ε
1542 889 1585 924 et
1611 877 1855 923 abundabit

474 976 495 999 »
532 966 581 1000 ut
603 964 766 1000 avertat
789 954 896 997 iram
923 968 1044 997 suam
1059 986 1070 1007 ,
1098 960 1142 995 et
1163 950 1371 996 accendet
1387 964 1562 994 omnem
1582 949 1689 993 iram
1712 963 1850 992 suam.

473 1046 493 1069 »
529 1030 586 1071 Et
618 1025 868 1070 recordatus
896 1033 960 1068 est
986 1023 1090 1083 quia
1122 1038 1221 1066 caro
1252 1030 1383 1075 sunt,
1415 1020 1588 1079 spiritus
1619 1018 1782 1063 vadens
1810 1026 1855 1062 et

1527 1089 1534 1096 ι
1573 1090 1581 1096 .
1618 1089 1626 1096 ·
1665 1088 1673 1095 ι

473 1166 779 1226 impunitatem
808 1165 862 1207 dc
894 1163 1038 1207 divina
1081 1161 1370 1206 misericordia
1406 1159 1689 1220 pollicentur,
1725 1158 1856 1202 etiam

472 1238 507 1280 si
543 1235 647 1280 tales
679 1251 767 1279 esse
795 1232 1087 1293 perstiterint,
1121 1231 1260 1291 qualis
1289 1230 1509 1290 generatio
1539 1230 1618 1274 ista
1643 1227 1854 1272 describi-

472 1317 570 1360 tur,
608 1325 627 1347 «
654 1309 790 1348 Prava
813 1313 856 1346 et
883 1303 1143 1355 amaricans,
1169 1317 1270 1361 quae
1298 1317 1372 1345 cor
1399 1316 1489 1345 non
1511 1300 1666 1344 direxit
1698 1314 1852 1354 suum,
1923 1346 1926 1355 Ι

475 1395 495 1417 »
530 1386 573 1420 et
595 1391 684 1419 non
717 1383 781 1417 est
813 1372 1001 1417 creditus
1037 1387 1138 1415 cum
1170 1375 1260 1415 Deo
1294 1372 1469 1432 spiritus
1498 1373 1588 1431 ejus
1614 1391 1624 1415 ;
1652 1370 1856 1430 »quibus

470 1445 713 1490 consentire
747 1458 835 1487 non
870 1441 1056 1500 expedit.
1109 1441 1151 1485 Si
1197 1441 1341 1495 enim,
1384 1451 1434 1485 ut
1469 1439 1711 1485 secundum
1741 1439 1856 1499 ipsos
1920 1496 1924 1510 Ι

469 1516 648 1575 loquar,
681 1517 792 1557 Deus
812 1510 990 1556 fortasse
1012 1527 1100 1554 non
1132 1509 1285 1570 perdet
1305 1526 1385 1555 nec
1410 1511 1570 1566 malos,
1604 1511 1693 1554 sine
1718 1509 1856 1554 dubio
1919 1515 1926 1566 ᾗ

470 1601 560 1629 non
591 1583 744 1644 perdet
784 1583 937 1626 bonos.
982 1583 1072 1626 Cur
1104 1596 1206 1640 ergo
1238 1596 1327 1625 non
1365 1582 1507 1640 potius
1542 1580 1587 1624 id
1628 1580 1853 1639 eligimus,
1918 1575 1926 1646 ,j

469 1655 547 1699 ubi
568 1652 784 1698 dubitatio
807 1652 927 1695 nulla
950 1652 1044 1695 est?
1065 1653 1174 1696 Nam
1197 1651 1273 1710 qui
1294 1651 1340 1694 in
1360 1651 1509 1710 lingua
1532 1666 1607 1695 sua
1630 1651 1855 1694 mentiun-
1918 1679 1921 1699 2

470 1735 540 1769 tur
566 1724 653 1779 illi,
689 1738 789 1767 cum
819 1720 941 1764 aliud
968 1720 1129 1764 habeat
1158 1736 1233 1764 cor
1255 1734 1428 1775 eorum,
1459 1729 1618 1780 putant
1639 1720 1793 1780 utique
1813 1728 1857 1764 et

471 1795 655 1848 volunt,
693 1792 869 1853 quando
902 1806 1078 1850 poenam
1115 1800 1324 1837 aeternam
1353 1791 1512 1835 talibus
1535 1791 1852 1846 comminatur,

470 1866 600 1909 etiam
635 1867 775 1908 Deum
807 1877 897 1906 esse
932 1861 1202 1905 mendacem.
1239 1860 1324 1905 Sed
1356 1877 1456 1905 cum
1488 1862 1568 1920 ipsi
1596 1877 1695 1905 eum
1728 1876 1856 1904 men-
1916 1855 1919 1883 ἶ

471 1934 618 1979 tiendo
640 1949 729 1977 non
750 1931 926 1986 fallant,
966 1930 1039 1974 ille
1070 1946 1222 1974 verum
1252 1930 1438 1975 dicendo
1471 1947 1561 1976 non
1581 1931 1709 1976 fallit.
1751 1934 1857 1976 Haec

469 2005 616 2064 itaque
633 2002 765 2047 verba
788 2001 1034 2045 divinorum
1056 1999 1346 2059 eloquiorum,
1368 2000 1422 2045 de
1444 2002 1605 2062 quibus
1626 2001 1708 2045 sibi
1725 2017 1858 2060 gene·
1913 1990 1917 2027 ἶ

470 2074 578 2118 ratio
598 2087 725 2132 prava
748 2069 996 2125 blanditur,
1022 2085 1112 2113 non
1136 2085 1185 2112 ea
1207 2069 1436 2129 depravet,
1462 2072 1572 2116 sicut
1593 2088 1667 2116 eor
1687 2087 1817 2116 suum
1843 2091 1853 2117 ε
1913 2086 1916 2132 g

468 2144 571 2204 quia
589 2152 632 2186 et
650 2141 724 2186 illo
747 2140 984 2200 depravato
1011 2139 1091 2183 ista
1113 2148 1229 2184 recta
1250 2142 1502 2200 persistunt.
1524 2142 1670 2187 Primo
1692 2133 1857 2203 quippe
1912 2133 1920 2181 ‘s

469 2212 709 2258 secundum
731 2212 816 2256 hoc
840 2209 1021 2268 intelligi
1044 2220 1224 2270 possunt
1245 2211 1366 2271 quod
1386 2212 1432 2256 in
1458 2213 1695 2272 Evangelio
1717 2217 1857 2274 scrip-
1911 2215 1915 2260 ἔ

470 2293 566 2328 tum
588 2292 651 2327 est
673 2302 681 2327 :
704 2302 724 2325 «
745 2284 803 2327 Ut
822 2281 910 2326 sitis
932 2281 1043 2325 sicut
1062 2283 1187 2324 Pater
1208 2291 1347 2325 vester
1368 2283 1508 2343 quiin
1529 2284 1651 2328 coelis
1672 2293 1752 2340 est,
1778 2285 1856 2344 qui
1910 2327 1913 2337 „

471 2372 492 2395 ³)
527 2353 632 2398 facit
668 2352 770 2396 oriri
791 2351 926 2396 solem
955 2365 1084 2394 suum
1112 2365 1241 2410 super
1262 2351 1400 2397 bonos
1420 2362 1463 2397 et
1492 2353 1652 2410 malos,
1677 2363 1721 2399 et
1742 2353 1857 2414 pluit
1910 2343 1913 2404 ,l

472 2442 493 2464 »
529 2437 655 2481 super
671 2422 811 2482 justos
833 2430 876 2465 et
898 2421 1149 2480 injustos³.»
1165 2420 1270 2473 Quis
1288 2422 1403 2466 enim
1425 2439 1514 2467 non
1536 2424 1680 2468 videat
1692 2433 1856 2485 quanta

471 2491 773 2536 misericordiae
804 2491 1011 2551 patientia
1040 2489 1162 2534 malis
1198 2495 1378 2549 parcat?
1405 2492 1482 2537 sed
1500 2503 1600 2538 ante
1618 2495 1851 2554 judicium.
1906 2507 1911 2548 ς

517 2583 527 2601 ¹
549 2577 662 2609 Matth.
683 2587 736 2617 xx,
759 2576 809 2608 16.
836 2593 877 2599 ——
899 2583 911 2599 ²
927 2576 1006 2608 Psal,
1025 2585 1140 2616 mcxvii,
1158 2574 1211 2617 33,
1239 2577 1292 2620 39.
1309 2594 1350 2600 —-
1370 2576 1383 2600 3
1403 2577 1515 2611 Matth.
1542 2590 1575 2620 v,
1591 2578 1650 2632 435.
1908 2552 1910 2562 Ι
