<?xml version="1.0" encoding="UTF-8"?>
<!DOCTYPE html PUBLIC "-//W3C//DTD XHTML 1.0 Transitional//EN"
    "http://www.w3.org/TR/xhtml1/DTD/xhtml1-transitional.dtd">
<html xmlns="http://www.w3.org/1999/xhtml" xml:lang="en" lang="en">
 <head>
  <title>
</title>
<meta http-equiv="Content-Type" content="text/html;charset=utf-8" />
  <meta name='ocr-system' content='tesseract 3.04.00' />
  <meta name='ocr-capabilities' content='ocr_page ocr_carea ocr_par ocr_line ocrx_word'/>
</head>
<body>
  <div class='ocr_page' id='page_1' title='image "./operaomniaaccura10auguuoft_0325.png"; bbox 0 0 1926 3339; ppageno 0'>
   <div class='ocr_carea' id='block_1_1' title="bbox 174 309 1419 352">
    <p class='ocr_par' dir='ltr' id='par_1_1' title="bbox 174 309 1419 352">
     <span class='ocr_line' id='line_1_1' title="bbox 174 309 1419 352; baseline 0.002 -9"><span class='ocrx_word' id='word_1_1' title='bbox 174 316 415 343; x_wconf 64' lang='lat' dir='ltr'>ENAmiA&#39;rlo</span> <span class='ocrx_word' id='word_1_2' title='bbox 448 318 461 342; x_wconf 89' lang='lat'><em>1</em></span> <span class='ocrx_word' id='word_1_3' title='bbox 495 317 537 342; x_wconf 64' lang='lat'>11⁸⁴</span> <span class='ocrx_word' id='word_1_4' title='bbox 572 315 774 343; x_wconf 77' lang='lat' dir='ltr'><strong>PSALMUM</strong></span> <span class='ocrx_word' id='word_1_5' title='bbox 807 317 1035 352; x_wconf 79' lang='lat' dir='ltr'>Lxxxviu,</span> <span class='ocrx_word' id='word_1_6' title='bbox 1070 315 1209 344; x_wconf 67' lang='lat' dir='ltr'>§izimo</span> <span class='ocrx_word' id='word_1_7' title='bbox 1243 321 1271 343; x_wconf 89' lang='lat'>1.</span> <span class='ocrx_word' id='word_1_8' title='bbox 1339 309 1419 345; x_wconf 68' lang='lat'>2:27</span> 
     </span>
    </p>
   </div>
   <div class='ocr_carea' id='block_1_2' title="bbox 39 377 1437 1639">
    <p class='ocr_par' dir='ltr' id='par_1_2' title="bbox 39 377 1435 1288">
     <span class='ocr_line' id='line_1_2' title="bbox 39 377 1425 438; baseline 0.001 -15"><span class='ocrx_word' id='word_1_9' title='bbox 39 380 158 424; x_wconf 90' lang='lat' dir='ltr'>mino</span> <span class='ocrx_word' id='word_1_10' title='bbox 186 381 230 422; x_wconf 86' lang='lat' dir='ltr'>in</span> <span class='ocrx_word' id='word_1_11' title='bbox 258 379 355 423; x_wconf 84' lang='lat' dir='ltr'>filiis</span> <span class='ocrx_word' id='word_1_12' title='bbox 379 379 482 433; x_wconf 87' lang='lat' dir='ltr'>Dei,</span> <span class='ocrx_word' id='word_1_13' title='bbox 509 378 687 438; x_wconf 87' lang='lat' dir='ltr'>quando</span> <span class='ocrx_word' id='word_1_14' title='bbox 718 377 791 421; x_wconf 87' lang='lat' dir='ltr'>ille</span> <span class='ocrx_word' id='word_1_15' title='bbox 814 384 923 422; x_wconf 85' lang='lat' dir='ltr'>Deus</span> <span class='ocrx_word' id='word_1_16' title='bbox 956 388 1019 422; x_wconf 88' lang='lat' dir='ltr'>est</span> <span class='ocrx_word' id='word_1_17' title='bbox 1042 379 1347 437; x_wconf 82' lang='lat' dir='ltr'>glorificandus</span> <span class='ocrx_word' id='word_1_18' title='bbox 1378 382 1425 426; x_wconf 82' lang='lat' dir='ltr'>in</span> 
     </span>
     <span class='ocr_line' id='line_1_3' title="bbox 39 449 1423 510; baseline 0.001 -17"><span class='ocrx_word' id='word_1_19' title='bbox 39 450 218 494; x_wconf 85' lang='lat' dir='ltr'>consilio</span> <span class='ocrx_word' id='word_1_20' title='bbox 233 451 478 510; x_wconf 78' lang='lat' dir='ltr'>justorum?</span> <span class='ocrx_word' id='word_1_21' title='bbox 491 449 708 502; x_wconf 81' lang='lat' dir='ltr'>Quoniam</span> <span class='ocrx_word' id='word_1_22' title='bbox 722 464 810 492; x_wconf 90' lang='lat' dir='ltr'>non</span> <span class='ocrx_word' id='word_1_23' title='bbox 829 458 1009 507; x_wconf 80' lang='lat' dir='ltr'>possunt</span> <span class='ocrx_word' id='word_1_24' title='bbox 1025 449 1214 509; x_wconf 61' lang='lat' dir='ltr'>aequales</span> <span class='ocrx_word' id='word_1_25' title='bbox 1230 450 1293 493; x_wconf 85' lang='lat' dir='ltr'>illi</span> <span class='ocrx_word' id='word_1_26' title='bbox 1310 466 1423 509; x_wconf 67' lang='lat' dir='ltr'>esse,</span> 
     </span>
     <span class='ocr_line' id='line_1_4' title="bbox 40 518 1428 580; baseline -0.001 -15"><span class='ocrx_word' id='word_1_27' title='bbox 40 521 267 565; x_wconf 82' lang='lat' dir='ltr'>consilium</span> <span class='ocrx_word' id='word_1_28' title='bbox 290 522 482 580; x_wconf 86' lang='lat' dir='ltr'>ipsorum</span> <span class='ocrx_word' id='word_1_29' title='bbox 505 521 559 564; x_wconf 86' lang='lat' dir='ltr'>sit</span> <span class='ocrx_word' id='word_1_30' title='bbox 580 519 754 564; x_wconf 87' lang='lat' dir='ltr'>credere</span> <span class='ocrx_word' id='word_1_31' title='bbox 772 519 816 562; x_wconf 87' lang='lat' dir='ltr'>in</span> <span class='ocrx_word' id='word_1_32' title='bbox 830 518 968 564; x_wconf 86' lang='lat' dir='ltr'>illum.</span> <span class='ocrx_word' id='word_1_33' title='bbox 987 521 1203 573; x_wconf 78' lang='lat' dir='ltr'>Quoniam</span> <span class='ocrx_word' id='word_1_34' title='bbox 1226 536 1316 564; x_wconf 89' lang='lat' dir='ltr'>non</span> <span class='ocrx_word' id='word_1_35' title='bbox 1334 536 1428 580; x_wconf 84' lang='lat' dir='ltr'>pos-</span> 
     </span>
     <span class='ocr_line' id='line_1_5' title="bbox 40 590 1428 651; baseline 0 -16"><span class='ocrx_word' id='word_1_36' title='bbox 40 600 142 636; x_wconf 83' lang='lat' dir='ltr'>sunt</span> <span class='ocrx_word' id='word_1_37' title='bbox 162 590 351 651; x_wconf 70' lang='lat' dir='ltr'>aequales</span> <span class='ocrx_word' id='word_1_38' title='bbox 372 590 436 634; x_wconf 81' lang='lat' dir='ltr'>illi</span> <span class='ocrx_word' id='word_1_39' title='bbox 466 606 556 635; x_wconf 84' lang='lat' dir='ltr'>esse</span> <span class='ocrx_word' id='word_1_40' title='bbox 575 591 716 634; x_wconf 84' lang='lat' dir='ltr'>nubes</span> <span class='ocrx_word' id='word_1_41' title='bbox 743 599 786 634; x_wconf 90' lang='lat' dir='ltr'>et</span> <span class='ocrx_word' id='word_1_42' title='bbox 808 591 885 634; x_wconf 88' lang='lat' dir='ltr'>filii</span> <span class='ocrx_word' id='word_1_43' title='bbox 912 591 1016 649; x_wconf 66' lang='lat' dir='ltr'>Dei,</span> <span class='ocrx_word' id='word_1_44' title='bbox 1039 601 1170 635; x_wconf 81' lang='lat' dir='ltr'>restat</span> <span class='ocrx_word' id='word_1_45' title='bbox 1198 591 1428 636; x_wconf 86' lang='lat' dir='ltr'>consilium</span> 
     </span>
     <span class='ocr_line' id='line_1_6' title="bbox 40 659 1429 721; baseline 0.001 -15"><span class='ocrx_word' id='word_1_46' title='bbox 40 662 244 706; x_wconf 84' lang='lat' dir='ltr'>humanae</span> <span class='ocrx_word' id='word_1_47' title='bbox 265 660 488 720; x_wconf 80' lang='lat' dir='ltr'>fragilitati</span> <span class='ocrx_word' id='word_1_48' title='bbox 503 697 514 715; x_wconf 90' lang='lat'>,</span> <span class='ocrx_word' id='word_1_49' title='bbox 544 680 565 704; x_wconf 92' lang='lat'>«</span> <span class='ocrx_word' id='word_1_50' title='bbox 585 664 644 705; x_wconf 82' lang='lat' dir='ltr'>Ut</span> <span class='ocrx_word' id='word_1_51' title='bbox 665 661 741 721; x_wconf 91' lang='lat' dir='ltr'>qui</span> <span class='ocrx_word' id='word_1_52' title='bbox 763 659 973 719; x_wconf 85' lang='lat' dir='ltr'>gloriatur</span> <span class='ocrx_word' id='word_1_53' title='bbox 992 661 1037 704; x_wconf 89' lang='lat' dir='ltr'>in</span> <span class='ocrx_word' id='word_1_54' title='bbox 1060 662 1247 706; x_wconf 90' lang='lat' dir='ltr'>Domino</span> <span class='ocrx_word' id='word_1_55' title='bbox 1271 663 1429 721; x_wconf 82' lang='lat' dir='ltr'>glorie-</span> 
     </span>
     <span class='ocr_line' id='line_1_7' title="bbox 44 732 1429 793; baseline 0.003 -19"><span class='ocrx_word' id='word_1_56' title='bbox 44 752 64 774; x_wconf 87' lang='lat'>»</span> <span class='ocrx_word' id='word_1_57' title='bbox 98 741 170 776; x_wconf 87' lang='lat' dir='ltr'>tur</span> <span class='ocrx_word' id='word_1_58' title='bbox 187 735 216 776; x_wconf 88' lang='lat'>¹.</span> <span class='ocrx_word' id='word_1_59' title='bbox 239 736 352 776; x_wconf 89' lang='lat' dir='ltr'>Deus</span> <span class='ocrx_word' id='word_1_60' title='bbox 379 732 686 792; x_wconf 84' lang='lat' dir='ltr'>glorificandus</span> <span class='ocrx_word' id='word_1_61' title='bbox 709 733 754 776; x_wconf 88' lang='lat' dir='ltr'>in</span> <span class='ocrx_word' id='word_1_62' title='bbox 778 732 957 777; x_wconf 90' lang='lat' dir='ltr'>consilio</span> <span class='ocrx_word' id='word_1_63' title='bbox 975 733 1193 793; x_wconf 83' lang='lat' dir='ltr'>justorum</span> <span class='ocrx_word' id='word_1_64' title='bbox 1212 753 1220 778; x_wconf 88' lang='lat'>:</span> <span class='ocrx_word' id='word_1_65' title='bbox 1245 750 1429 793; x_wconf 81' lang='lat' dir='ltr'>magnus</span> 
     </span>
     <span class='ocr_line' id='line_1_8' title="bbox 45 802 1430 863; baseline 0.002 -18"><span class='ocrx_word' id='word_1_66' title='bbox 45 822 65 844; x_wconf 84' lang='lat'>»</span> <span class='ocrx_word' id='word_1_67' title='bbox 100 811 144 847; x_wconf 85' lang='lat' dir='ltr'>et</span> <span class='ocrx_word' id='word_1_68' title='bbox 166 802 368 847; x_wconf 86' lang='lat' dir='ltr'>terribilis</span> <span class='ocrx_word' id='word_1_69' title='bbox 387 804 431 846; x_wconf 89' lang='lat' dir='ltr'>in</span> <span class='ocrx_word' id='word_1_70' title='bbox 450 819 599 847; x_wconf 89' lang='lat' dir='ltr'>omnes</span> <span class='ocrx_word' id='word_1_71' title='bbox 620 803 696 863; x_wconf 87' lang='lat' dir='ltr'>qui</span> <span class='ocrx_word' id='word_1_72' title='bbox 712 803 758 847; x_wconf 92' lang='lat' dir='ltr'>in</span> <span class='ocrx_word' id='word_1_73' title='bbox 779 803 965 848; x_wconf 88' lang='lat' dir='ltr'>circuitu</span> <span class='ocrx_word' id='word_1_74' title='bbox 987 805 1080 863; x_wconf 84' lang='lat' dir='ltr'>ejus</span> <span class='ocrx_word' id='word_1_75' title='bbox 1103 808 1245 848; x_wconf 74' lang='lat' dir='ltr'>sunt2.</span> <span class='ocrx_word' id='word_1_76' title='bbox 1274 823 1294 845; x_wconf 89' lang='lat'>»</span> <span class='ocrx_word' id='word_1_77' title='bbox 1323 805 1430 850; x_wconf 85' lang='lat' dir='ltr'>Ubi-</span> 
     </span>
     <span class='ocr_line' id='line_1_9' title="bbox 41 874 1432 936; baseline 0.002 -19"><span class='ocrx_word' id='word_1_78' title='bbox 41 889 127 934; x_wconf 87' lang='lat' dir='ltr'>que</span> <span class='ocrx_word' id='word_1_79' title='bbox 148 877 278 918; x_wconf 83' lang='lat' dir='ltr'>Deus.</span> <span class='ocrx_word' id='word_1_80' title='bbox 292 874 376 927; x_wconf 83' lang='lat' dir='ltr'>Qui</span> <span class='ocrx_word' id='word_1_81' title='bbox 393 890 494 933; x_wconf 86' lang='lat' dir='ltr'>ergo</span> <span class='ocrx_word' id='word_1_82' title='bbox 516 874 563 918; x_wconf 91' lang='lat' dir='ltr'>in</span> <span class='ocrx_word' id='word_1_83' title='bbox 584 874 769 919; x_wconf 87' lang='lat' dir='ltr'>circuitu</span> <span class='ocrx_word' id='word_1_84' title='bbox 792 875 882 934; x_wconf 89' lang='lat' dir='ltr'>ejus</span> <span class='ocrx_word' id='word_1_85' title='bbox 905 884 1021 929; x_wconf 89' lang='lat' dir='ltr'>sunt,</span> <span class='ocrx_word' id='word_1_86' title='bbox 1048 875 1125 935; x_wconf 89' lang='lat' dir='ltr'>qui</span> <span class='ocrx_word' id='word_1_87' title='bbox 1146 876 1313 936; x_wconf 90' lang='lat' dir='ltr'>ubique</span> <span class='ocrx_word' id='word_1_88' title='bbox 1332 886 1395 920; x_wconf 90' lang='lat' dir='ltr'>est</span> <span class='ocrx_word' id='word_1_89' title='bbox 1413 879 1432 920; x_wconf 75' lang='grc' dir='ltr'><strong><em>Ρ</em></strong></span> 
     </span>
     <span class='ocr_line' id='line_1_10' title="bbox 43 944 1431 1005; baseline 0.001 -17"><span class='ocrx_word' id='word_1_90' title='bbox 43 944 87 989; x_wconf 93' lang='lat' dir='ltr'>Si</span> <span class='ocrx_word' id='word_1_91' title='bbox 109 944 223 988; x_wconf 89' lang='lat' dir='ltr'>enim</span> <span class='ocrx_word' id='word_1_92' title='bbox 243 945 376 988; x_wconf 86' lang='lat' dir='ltr'>habet</span> <span class='ocrx_word' id='word_1_93' title='bbox 407 945 573 1005; x_wconf 84' lang='lat' dir='ltr'>aliquos</span> <span class='ocrx_word' id='word_1_94' title='bbox 600 945 647 987; x_wconf 90' lang='lat' dir='ltr'>in</span> <span class='ocrx_word' id='word_1_95' title='bbox 672 944 857 988; x_wconf 84' lang='lat' dir='ltr'>circuitu</span> <span class='ocrx_word' id='word_1_96' title='bbox 877 979 887 999; x_wconf 90' lang='lat'>,</span> <span class='ocrx_word' id='word_1_97' title='bbox 918 945 1039 1005; x_wconf 82' lang='lat' dir='ltr'>quasi</span> <span class='ocrx_word' id='word_1_98' title='bbox 1064 945 1262 1005; x_wconf 89' lang='lat' dir='ltr'>undique</span> <span class='ocrx_word' id='word_1_99' title='bbox 1281 947 1431 990; x_wconf 86' lang='lat' dir='ltr'>finitus</span> 
     </span>
     <span class='ocr_line' id='line_1_11' title="bbox 41 1013 1428 1073; baseline 0.001 -14"><span class='ocrx_word' id='word_1_100' title='bbox 41 1013 312 1073; x_wconf 82' lang='lat' dir='ltr'>intelligitur.</span> <span class='ocrx_word' id='word_1_101' title='bbox 347 1019 480 1059; x_wconf 86' lang='lat' dir='ltr'>Porro</span> <span class='ocrx_word' id='word_1_102' title='bbox 505 1014 539 1058; x_wconf 90' lang='lat' dir='ltr'>si</span> <span class='ocrx_word' id='word_1_103' title='bbox 571 1030 723 1058; x_wconf 84' lang='lat' dir='ltr'>verum</span> <span class='ocrx_word' id='word_1_104' title='bbox 756 1014 924 1059; x_wconf 89' lang='lat' dir='ltr'>dictum</span> <span class='ocrx_word' id='word_1_105' title='bbox 962 1025 1027 1059; x_wconf 84' lang='lat' dir='ltr'>est</span> <span class='ocrx_word' id='word_1_106' title='bbox 1049 1018 1141 1060; x_wconf 85' lang='lat' dir='ltr'>Deo</span> <span class='ocrx_word' id='word_1_107' title='bbox 1172 1016 1291 1060; x_wconf 87' lang='lat' dir='ltr'>etde</span> <span class='ocrx_word' id='word_1_108' title='bbox 1314 1020 1428 1073; x_wconf 91' lang='lat' dir='ltr'>Deo,</span> 
     </span>
     <span class='ocr_line' id='line_1_12' title="bbox 47 1085 1433 1165; baseline 0.003 -36"><span class='ocrx_word' id='word_1_109' title='bbox 47 1105 68 1128; x_wconf 83' lang='lat'>«</span> <span class='ocrx_word' id='word_1_110' title='bbox 100 1085 414 1144; x_wconf 82' lang='lat' dir='ltr'>Magnitudinis</span> <span class='ocrx_word' id='word_1_111' title='bbox 443 1086 535 1146; x_wconf 88' lang='lat' dir='ltr'>ejus</span> <span class='ocrx_word' id='word_1_112' title='bbox 559 1102 650 1130; x_wconf 92' lang='lat' dir='ltr'>non</span> <span class='ocrx_word' id='word_1_113' title='bbox 672 1095 736 1130; x_wconf 90' lang='lat' dir='ltr'>est</span> <span class='ocrx_word' id='word_1_114' title='bbox 757 1086 905 1130; x_wconf 80' lang='lat' dir='ltr'>finis3·</span> <span class='ocrx_word' id='word_1_115' title='bbox 898 1123 907 1132; x_wconf 89' lang='lat'><strong>.</strong></span> <span class='ocrx_word' id='word_1_116' title='bbox 934 1103 956 1127; x_wconf 87' lang='lat'>»</span> <span class='ocrx_word' id='word_1_117' title='bbox 971 1086 1058 1165; x_wconf 32' lang='lat' dir='ltr'>‘qui</span> <span class='ocrx_word' id='word_1_118' title='bbox 1080 1097 1328 1143; x_wconf 83' lang='lat' dir='ltr'><strong>remanent,</strong></span> <span class='ocrx_word' id='word_1_119' title='bbox 1356 1089 1433 1150; x_wconf 88' lang='lat' dir='ltr'>qui</span> 
     </span>
     <span class='ocr_line' id='line_1_13' title="bbox 43 1123 1435 1236; baseline 0.002 -35"><span class='ocrx_word' id='word_1_120' title='bbox 43 1165 145 1201; x_wconf 89' lang='lat' dir='ltr'>sunt</span> <span class='ocrx_word' id='word_1_121' title='bbox 165 1156 210 1200; x_wconf 89' lang='lat' dir='ltr'>in</span> <span class='ocrx_word' id='word_1_122' title='bbox 238 1156 424 1201; x_wconf 86' lang='lat' dir='ltr'>circuitu</span> <span class='ocrx_word' id='word_1_123' title='bbox 445 1158 560 1217; x_wconf 86' lang='lat' dir='ltr'>ejus,</span> <span class='ocrx_word' id='word_1_124' title='bbox 584 1157 666 1201; x_wconf 87' lang='lat' dir='ltr'>nisi</span> <span class='ocrx_word' id='word_1_125' title='bbox 689 1157 792 1236; x_wconf 80' lang='lat' dir='ltr'>quia</span> <span class='ocrx_word' id='word_1_126' title='bbox 810 1156 884 1201; x_wconf 84' lang='lat' dir='ltr'>ille</span> <span class='ocrx_word' id='word_1_127' title='bbox 906 1158 983 1218; x_wconf 86' lang='lat' dir='ltr'>qui</span> <span class='ocrx_word' id='word_1_128' title='bbox 1001 1158 1165 1218; x_wconf 92' lang='lat' dir='ltr'>ubique</span> <span class='ocrx_word' id='word_1_129' title='bbox 1183 1168 1267 1215; x_wconf 89' lang='lat' dir='ltr'>est,</span> <span class='ocrx_word' id='word_1_130' title='bbox 1292 1123 1435 1204; x_wconf 69' lang='lat' dir='ltr'>v⁷oluit</span> 
     </span>
     <span class='ocr_line' id='line_1_14' title="bbox 43 1227 1432 1288; baseline 0.002 -17"><span class='ocrx_word' id='word_1_131' title='bbox 43 1243 120 1287; x_wconf 89' lang='lat' dir='ltr'>per</span> <span class='ocrx_word' id='word_1_132' title='bbox 141 1243 317 1271; x_wconf 88' lang='lat' dir='ltr'>carnem</span> <span class='ocrx_word' id='word_1_133' title='bbox 346 1227 393 1271; x_wconf 90' lang='lat' dir='ltr'>in</span> <span class='ocrx_word' id='word_1_134' title='bbox 413 1244 502 1272; x_wconf 91' lang='lat' dir='ltr'>uno</span> <span class='ocrx_word' id='word_1_135' title='bbox 523 1227 620 1273; x_wconf 93' lang='lat' dir='ltr'>loco</span> <span class='ocrx_word' id='word_1_136' title='bbox 650 1229 794 1285; x_wconf 88' lang='lat' dir='ltr'>nasci,</span> <span class='ocrx_word' id='word_1_137' title='bbox 818 1230 866 1273; x_wconf 89' lang='lat' dir='ltr'>in</span> <span class='ocrx_word' id='word_1_138' title='bbox 887 1245 975 1274; x_wconf 87' lang='lat' dir='ltr'>una</span> <span class='ocrx_word' id='word_1_139' title='bbox 1007 1239 1134 1288; x_wconf 84' lang='lat' dir='ltr'>gente</span> <span class='ocrx_word' id='word_1_140' title='bbox 1157 1231 1432 1287; x_wconf 88' lang='lat' dir='ltr'>conversari,</span> 
     </span>
    </p>

    <p class='ocr_par' dir='ltr' id='par_1_3' title="bbox 43 1297 1437 1639">
     <span class='ocr_line' id='line_1_15' title="bbox 43 1297 1436 1359; baseline 0.004 -17"><span class='ocrx_word' id='word_1_141' title='bbox 43 1299 89 1342; x_wconf 87' lang='lat' dir='ltr'>in</span> <span class='ocrx_word' id='word_1_142' title='bbox 109 1313 199 1342; x_wconf 91' lang='lat' dir='ltr'>uno</span> <span class='ocrx_word' id='word_1_143' title='bbox 220 1297 318 1343; x_wconf 87' lang='lat' dir='ltr'>loco</span> <span class='ocrx_word' id='word_1_144' title='bbox 342 1298 560 1358; x_wconf 85' lang='lat' dir='ltr'>crucifigi,</span> <span class='ocrx_word' id='word_1_145' title='bbox 585 1314 637 1343; x_wconf 78' lang='lat' dir='ltr'>ex</span> <span class='ocrx_word' id='word_1_146' title='bbox 657 1315 748 1344; x_wconf 90' lang='lat' dir='ltr'>uno</span> <span class='ocrx_word' id='word_1_147' title='bbox 769 1299 867 1345; x_wconf 88' lang='lat' dir='ltr'>loco</span> <span class='ocrx_word' id='word_1_148' title='bbox 888 1316 1133 1359; x_wconf 84' lang='lat' dir='ltr'>resurgere,</span> <span class='ocrx_word' id='word_1_149' title='bbox 1158 1317 1210 1345; x_wconf 78' lang='lat' dir='ltr'>ex</span> <span class='ocrx_word' id='word_1_150' title='bbox 1231 1318 1320 1347; x_wconf 91' lang='lat' dir='ltr'>uno</span> <span class='ocrx_word' id='word_1_151' title='bbox 1337 1302 1436 1348; x_wconf 91' lang='lat' dir='ltr'>loco</span> 
     </span>
     <span class='ocr_line' id='line_1_16' title="bbox 44 1367 1437 1433; baseline 0.004 -20"><span class='ocrx_word' id='word_1_152' title='bbox 44 1369 91 1414; x_wconf 84' lang='lat' dir='ltr'>in</span> <span class='ocrx_word' id='word_1_153' title='bbox 111 1367 274 1413; x_wconf 87' lang='lat' dir='ltr'>coelum</span> <span class='ocrx_word' id='word_1_154' title='bbox 296 1368 560 1414; x_wconf 81' lang='lat' dir='ltr'>ascendere?</span> <span class='ocrx_word' id='word_1_155' title='bbox 574 1371 659 1415; x_wconf 87' lang='lat' dir='ltr'>Ubi</span> <span class='ocrx_word' id='word_1_156' title='bbox 680 1371 764 1415; x_wconf 91' lang='lat' dir='ltr'>hoc</span> <span class='ocrx_word' id='word_1_157' title='bbox 785 1369 904 1426; x_wconf 88' lang='lat' dir='ltr'>fecit,</span> <span class='ocrx_word' id='word_1_158' title='bbox 932 1372 979 1416; x_wconf 91' lang='lat' dir='ltr'>in</span> <span class='ocrx_word' id='word_1_159' title='bbox 1000 1372 1186 1417; x_wconf 81' lang='lat' dir='ltr'>circuitu</span> <span class='ocrx_word' id='word_1_160' title='bbox 1208 1374 1300 1433; x_wconf 84' lang='lat' dir='ltr'>ejus</span> <span class='ocrx_word' id='word_1_161' title='bbox 1319 1375 1437 1418; x_wconf 84' lang='lat' dir='ltr'>Gen-</span> 
     </span>
     <span class='ocr_line' id='line_1_17' title="bbox 45 1439 1437 1504; baseline 0.004 -20"><span class='ocrx_word' id='word_1_162' title='bbox 45 1449 107 1484; x_wconf 92' lang='lat' dir='ltr'>tes</span> <span class='ocrx_word' id='word_1_163' title='bbox 129 1449 246 1484; x_wconf 91' lang='lat' dir='ltr'>sunt.</span> <span class='ocrx_word' id='word_1_164' title='bbox 274 1439 318 1485; x_wconf 90' lang='lat' dir='ltr'>Si</span> <span class='ocrx_word' id='word_1_165' title='bbox 333 1439 396 1483; x_wconf 91' lang='lat' dir='ltr'>ibi</span> <span class='ocrx_word' id='word_1_166' title='bbox 418 1451 660 1486; x_wconf 84' lang='lat' dir='ltr'>remaneret</span> <span class='ocrx_word' id='word_1_167' title='bbox 680 1441 757 1486; x_wconf 86' lang='lat' dir='ltr'>ubi</span> <span class='ocrx_word' id='word_1_168' title='bbox 778 1442 859 1486; x_wconf 89' lang='lat' dir='ltr'>ista</span> <span class='ocrx_word' id='word_1_169' title='bbox 884 1441 1008 1498; x_wconf 82' lang='lat' dir='ltr'>fecit,</span> <span class='ocrx_word' id='word_1_170' title='bbox 1033 1459 1123 1487; x_wconf 91' lang='lat' dir='ltr'>non</span> <span class='ocrx_word' id='word_1_171' title='bbox 1140 1453 1250 1488; x_wconf 88' lang='lat' dir='ltr'>essct</span> <span class='ocrx_word' id='word_1_172' title='bbox 1275 1464 1296 1486; x_wconf 86' lang='lat'>«</span> <span class='ocrx_word' id='word_1_173' title='bbox 1310 1448 1437 1504; x_wconf 81' lang='lat' dir='ltr'>Mag-</span> 
     </span>
     <span class='ocr_line' id='line_1_18' title="bbox 49 1510 1431 1573; baseline 0.002 -21"><span class='ocrx_word' id='word_1_174' title='bbox 49 1528 69 1551; x_wconf 86' lang='lat'>»</span> <span class='ocrx_word' id='word_1_175' title='bbox 104 1526 186 1554; x_wconf 87' lang='lat' dir='ltr'>nus</span> <span class='ocrx_word' id='word_1_176' title='bbox 210 1519 253 1553; x_wconf 84' lang='lat' dir='ltr'>et</span> <span class='ocrx_word' id='word_1_177' title='bbox 274 1510 479 1554; x_wconf 87' lang='lat' dir='ltr'>terribilis</span> <span class='ocrx_word' id='word_1_178' title='bbox 500 1510 551 1554; x_wconf 53' lang='lat' dir='ltr'>in*</span> <span class='ocrx_word' id='word_1_179' title='bbox 567 1527 740 1567; x_wconf 91' lang='lat' dir='ltr'>omnes,</span> <span class='ocrx_word' id='word_1_180' title='bbox 765 1513 842 1572; x_wconf 89' lang='lat' dir='ltr'>qui</span> <span class='ocrx_word' id='word_1_181' title='bbox 864 1512 910 1556; x_wconf 91' lang='lat' dir='ltr'>in</span> <span class='ocrx_word' id='word_1_182' title='bbox 931 1512 1118 1556; x_wconf 89' lang='lat' dir='ltr'>circuitu</span> <span class='ocrx_word' id='word_1_183' title='bbox 1149 1514 1240 1573; x_wconf 86' lang='lat' dir='ltr'>ejus</span> <span class='ocrx_word' id='word_1_184' title='bbox 1262 1524 1380 1558; x_wconf 87' lang='lat' dir='ltr'>sunt.</span> <span class='ocrx_word' id='word_1_185' title='bbox 1411 1532 1431 1555; x_wconf 87' lang='lat'>»</span> 
     </span>
     <span class='ocr_line' id='line_1_19' title="bbox 47 1579 1437 1639; baseline 0.004 -16"><span class='ocrx_word' id='word_1_186' title='bbox 47 1579 152 1634; x_wconf 84' lang='lat' dir='ltr'>Quia</span> <span class='ocrx_word' id='word_1_187' title='bbox 174 1595 276 1623; x_wconf 89' lang='lat' dir='ltr'>vero</span> <span class='ocrx_word' id='word_1_188' title='bbox 293 1579 355 1623; x_wconf 88' lang='lat' dir='ltr'>ibi</span> <span class='ocrx_word' id='word_1_189' title='bbox 378 1580 438 1624; x_wconf 90' lang='lat' dir='ltr'>sic</span> <span class='ocrx_word' id='word_1_190' title='bbox 455 1580 722 1639; x_wconf 85' lang='lat' dir='ltr'>praedicavit,</span> <span class='ocrx_word' id='word_1_191' title='bbox 746 1591 796 1625; x_wconf 85' lang='lat' dir='ltr'>ut</span> <span class='ocrx_word' id='word_1_192' title='bbox 816 1583 919 1626; x_wconf 88' lang='lat' dir='ltr'>inde</span> <span class='ocrx_word' id='word_1_193' title='bbox 941 1583 1007 1626; x_wconf 92' lang='lat' dir='ltr'>sui</span> <span class='ocrx_word' id='word_1_194' title='bbox 1028 1583 1216 1627; x_wconf 90' lang='lat' dir='ltr'>nominis</span> <span class='ocrx_word' id='word_1_195' title='bbox 1244 1585 1437 1628; x_wconf 84' lang='lat' dir='ltr'>mitteret</span> 
     </span>
    </p>
   </div>
   <div class='ocr_carea' id='block_1_3' title="bbox 0 1649 1436 1713">
    <p class='ocr_par' dir='ltr' id='par_1_4' title="bbox 0 1649 1436 1713">
     <span class='ocr_line' id='line_1_20' title="bbox 0 1649 1436 1713; baseline 0.003 -20"><span class='ocrx_word' id='word_1_196' title='bbox 0 1705 1 1713; x_wconf 11' lang='grc' dir='ltr'>ἵ</span> <span class='ocrx_word' id='word_1_197' title='bbox 46 1649 350 1710; x_wconf 70' lang='lat' dir='ltr'>praedicatores</span> <span class='ocrx_word' id='word_1_198' title='bbox 377 1666 457 1710; x_wconf 89' lang='lat' dir='ltr'>per</span> <span class='ocrx_word' id='word_1_199' title='bbox 489 1667 638 1696; x_wconf 89' lang='lat' dir='ltr'>omnes</span> <span class='ocrx_word' id='word_1_200' title='bbox 664 1653 823 1696; x_wconf 87' lang='lat' dir='ltr'>Gentes</span> <span class='ocrx_word' id='word_1_201' title='bbox 846 1661 940 1697; x_wconf 90' lang='lat' dir='ltr'>toto</span> <span class='ocrx_word' id='word_1_202' title='bbox 962 1653 1069 1696; x_wconf 87' lang='lat' dir='ltr'>orbe</span> <span class='ocrx_word' id='word_1_203' title='bbox 1098 1662 1341 1711; x_wconf 81' lang='lat' dir='ltr'>terrarum3</span> <span class='ocrx_word' id='word_1_204' title='bbox 1368 1654 1436 1698; x_wconf 74' lang='lat' dir='ltr'>ia-</span> 
     </span>
    </p>
   </div>
   <div class='ocr_carea' id='block_1_4' title="bbox 0 1720 10 2698">
    <p class='ocr_par' dir='ltr' id='par_1_5' title="bbox 0 1720 10 2698">
     <span class='ocr_line' id='line_1_21' title="bbox 0 1720 1 1742; baseline 0 0"><span class='ocrx_word' id='word_1_205' title='bbox 0 1720 1 1742; x_wconf 85' lang='grc'><strong>1</strong></span> 
     </span>
     <span class='ocr_line' id='line_1_22' title="bbox 0 1745 3 1870; baseline 0 0"><span class='ocrx_word' id='word_1_206' title='bbox 0 1745 3 1870; x_wconf 82' lang='grc'><strong>1</strong></span> 
     </span>
     <span class='ocr_line' id='line_1_23' title="bbox 0 1900 4 1990; baseline 0 0"><span class='ocrx_word' id='word_1_207' title='bbox 0 1900 4 1990; x_wconf 84' lang='grc'><strong>1</strong></span> 
     </span>
     <span class='ocr_line' id='line_1_24' title="bbox 0 2005 4 2023; baseline 0 -1"><span class='ocrx_word' id='word_1_208' title='bbox 0 2005 4 2023; x_wconf 81' lang='grc'><strong><em>,</em></strong></span> 
     </span>
     <span class='ocr_line' id='line_1_25' title="bbox 0 2056 5 2126; baseline 0 0"><span class='ocrx_word' id='word_1_209' title='bbox 0 2056 5 2126; x_wconf 81' lang='grc'><strong>1</strong></span> 
     </span>
     <span class='ocr_line' id='line_1_26' title="bbox 2 2251 6 2275; baseline 0 0"><span class='ocrx_word' id='word_1_210' title='bbox 2 2251 6 2275; x_wconf 95' lang='grc'><strong>1</strong></span> 
     </span>
     <span class='ocr_line' id='line_1_27' title="bbox 4 2392 8 2472; baseline 0 0"><span class='ocrx_word' id='word_1_211' title='bbox 4 2392 8 2472; x_wconf 84' lang='lat' dir='ltr'>i</span> 
     </span>
     <span class='ocr_line' id='line_1_28' title="bbox 5 2485 9 2538; baseline 0 0"><span class='ocrx_word' id='word_1_212' title='bbox 5 2485 9 2538; x_wconf 76' lang='lat'>1</span> 
     </span>
     <span class='ocr_line' id='line_1_29' title="bbox 5 2566 9 2621; baseline 0 0"><span class='ocrx_word' id='word_1_213' title='bbox 5 2566 9 2621; x_wconf 70' lang='lat' dir='ltr'>t</span> 
     </span>
     <span class='ocr_line' id='line_1_30' title="bbox 6 2632 10 2649; baseline 0 0"><span class='ocrx_word' id='word_1_214' title='bbox 6 2632 10 2649; x_wconf 35' lang='lat' dir='ltr'>i</span> 
     </span>
     <span class='ocr_line' id='line_1_31' title="bbox 7 2682 10 2698; baseline 0 0"><span class='ocrx_word' id='word_1_215' title='bbox 7 2682 10 2698; x_wconf 53' lang='lat'>2</span> 
     </span>
    </p>
   </div>
   <div class='ocr_carea' id='block_1_5' title="bbox 47 1721 1440 1925">
    <p class='ocr_par' dir='ltr' id='par_1_6' title="bbox 47 1721 1440 1925">
     <span class='ocr_line' id='line_1_32' title="bbox 47 1721 1439 1784; baseline 0.001 -16"><span class='ocrx_word' id='word_1_216' title='bbox 47 1721 202 1768; x_wconf 89' lang='lat' dir='ltr'>ciendo</span> <span class='ocrx_word' id='word_1_217' title='bbox 221 1721 430 1767; x_wconf 80' lang='lat' dir='ltr'>miracula</span> <span class='ocrx_word' id='word_1_218' title='bbox 461 1739 538 1783; x_wconf 90' lang='lat' dir='ltr'>per</span> <span class='ocrx_word' id='word_1_219' title='bbox 561 1739 704 1768; x_wconf 87' lang='lat' dir='ltr'>servos</span> <span class='ocrx_word' id='word_1_220' title='bbox 727 1739 826 1768; x_wconf 86' lang='lat' dir='ltr'>suos</span> <span class='ocrx_word' id='word_1_221' title='bbox 843 1759 854 1778; x_wconf 95' lang='lat'>,</span> <span class='ocrx_word' id='word_1_222' title='bbox 878 1723 1019 1769; x_wconf 80' lang='lat' dir='ltr'>factus</span> <span class='ocrx_word' id='word_1_223' title='bbox 1039 1734 1103 1769; x_wconf 86' lang='lat' dir='ltr'>est</span> <span class='ocrx_word' id='word_1_224' title='bbox 1135 1744 1156 1767; x_wconf 91' lang='lat'>«</span> <span class='ocrx_word' id='word_1_225' title='bbox 1187 1728 1371 1784; x_wconf 82' lang='lat' dir='ltr'>Magnus</span> <span class='ocrx_word' id='word_1_226' title='bbox 1395 1735 1439 1770; x_wconf 92' lang='lat' dir='ltr'>et</span> 
     </span>
     <span class='ocr_line' id='line_1_33' title="bbox 52 1792 1220 1855; baseline 0 -20"><span class='ocrx_word' id='word_1_227' title='bbox 52 1810 72 1834; x_wconf 86' lang='lat'>»</span> <span class='ocrx_word' id='word_1_228' title='bbox 106 1792 310 1837; x_wconf 81' lang='lat' dir='ltr'>terribilis</span> <span class='ocrx_word' id='word_1_229' title='bbox 326 1793 375 1836; x_wconf 90' lang='lat' dir='ltr'>in</span> <span class='ocrx_word' id='word_1_230' title='bbox 398 1809 548 1837; x_wconf 89' lang='lat' dir='ltr'>omnes</span> <span class='ocrx_word' id='word_1_231' title='bbox 566 1794 642 1854; x_wconf 88' lang='lat' dir='ltr'>qui</span> <span class='ocrx_word' id='word_1_232' title='bbox 663 1794 708 1837; x_wconf 92' lang='lat' dir='ltr'>in</span> <span class='ocrx_word' id='word_1_233' title='bbox 731 1794 917 1838; x_wconf 87' lang='lat' dir='ltr'>circuitu</span> <span class='ocrx_word' id='word_1_234' title='bbox 942 1795 1033 1855; x_wconf 84' lang='lat' dir='ltr'>ejus</span> <span class='ocrx_word' id='word_1_235' title='bbox 1057 1804 1174 1839; x_wconf 88' lang='lat' dir='ltr'>sunt.</span> <span class='ocrx_word' id='word_1_236' title='bbox 1199 1813 1220 1836; x_wconf 88' lang='lat'>»</span> 
     </span>
     <span class='ocr_line' id='line_1_34' title="bbox 108 1863 1440 1925; baseline 0.002 -17"><span class='ocrx_word' id='word_1_237' title='bbox 108 1865 187 1908; x_wconf 79' lang='lat' dir='ltr'>IX.</span> <span class='ocrx_word' id='word_1_238' title='bbox 219 1883 239 1905; x_wconf 88' lang='lat'>«</span> <span class='ocrx_word' id='word_1_239' title='bbox 266 1863 450 1907; x_wconf 88' lang='lat' dir='ltr'>Domine</span> <span class='ocrx_word' id='word_1_240' title='bbox 471 1867 585 1908; x_wconf 89' lang='lat' dir='ltr'>Deus</span> <span class='ocrx_word' id='word_1_241' title='bbox 611 1864 840 1919; x_wconf 83' lang='lat' dir='ltr'>virtutum,</span> <span class='ocrx_word' id='word_1_242' title='bbox 868 1865 962 1925; x_wconf 86' lang='lat' dir='ltr'>quis</span> <span class='ocrx_word' id='word_1_243' title='bbox 986 1865 1134 1909; x_wconf 89' lang='lat' dir='ltr'>similis</span> <span class='ocrx_word' id='word_1_244' title='bbox 1152 1864 1262 1910; x_wconf 84' lang='lat' dir='ltr'>tibi?</span> <span class='ocrx_word' id='word_1_245' title='bbox 1282 1870 1440 1910; x_wconf 86' lang='lat' dir='ltr'>Potens</span> 
     </span>
    </p>
   </div>
   <div class='ocr_carea' id='block_1_6' title="bbox 0 1934 1445 2278">
    <p class='ocr_par' dir='ltr' id='par_1_7' title="bbox 0 1934 1445 2278">
     <span class='ocr_line' id='line_1_35' title="bbox 53 1934 1441 1996; baseline 0.005 -22"><span class='ocrx_word' id='word_1_246' title='bbox 53 1952 74 1975; x_wconf 83' lang='lat'>»</span> <span class='ocrx_word' id='word_1_247' title='bbox 108 1950 152 1978; x_wconf 85' lang='lat' dir='ltr'>es</span> <span class='ocrx_word' id='word_1_248' title='bbox 169 1969 179 1989; x_wconf 95' lang='lat'>,</span> <span class='ocrx_word' id='word_1_249' title='bbox 204 1934 406 1988; x_wconf 83' lang='lat' dir='ltr'>Domine,</span> <span class='ocrx_word' id='word_1_250' title='bbox 431 1943 475 1977; x_wconf 89' lang='lat' dir='ltr'>et</span> <span class='ocrx_word' id='word_1_251' title='bbox 501 1935 656 1978; x_wconf 85' lang='lat' dir='ltr'>veritas</span> <span class='ocrx_word' id='word_1_252' title='bbox 684 1943 759 1978; x_wconf 83' lang='lat' dir='ltr'>tua</span> <span class='ocrx_word' id='word_1_253' title='bbox 783 1935 829 1978; x_wconf 89' lang='lat' dir='ltr'>in</span> <span class='ocrx_word' id='word_1_254' title='bbox 855 1935 1043 1979; x_wconf 87' lang='lat' dir='ltr'>circuitu</span> <span class='ocrx_word' id='word_1_255' title='bbox 1068 1936 1191 1980; x_wconf 71' lang='lat' dir='ltr'>tuo4.</span> <span class='ocrx_word' id='word_1_256' title='bbox 1227 1956 1246 1978; x_wconf 66' lang='grc' dir='ltr'><strong>υ</strong></span> <span class='ocrx_word' id='word_1_257' title='bbox 1279 1940 1441 1996; x_wconf 68' lang='lat' dir='ltr'>Magna</span> 
     </span>
     <span class='ocr_line' id='line_1_36' title="bbox 0 1998 1442 2068; baseline 0.001 -18"><span class='ocrx_word' id='word_1_258' title='bbox 0 1998 4 2050; x_wconf 67' lang='grc'><strong>1</strong></span> <span class='ocrx_word' id='word_1_259' title='bbox 50 2005 243 2065; x_wconf 87' lang='lat' dir='ltr'>potentia</span> <span class='ocrx_word' id='word_1_260' title='bbox 260 2013 335 2048; x_wconf 83' lang='lat' dir='ltr'>tua</span> <span class='ocrx_word' id='word_1_261' title='bbox 355 2025 366 2062; x_wconf 81' lang='lat'><em>3</em></span> <span class='ocrx_word' id='word_1_262' title='bbox 387 2013 437 2048; x_wconf 88' lang='lat' dir='ltr'>tu</span> <span class='ocrx_word' id='word_1_263' title='bbox 451 2002 590 2049; x_wconf 80' lang='lat' dir='ltr'>fecisti</span> <span class='ocrx_word' id='word_1_264' title='bbox 612 2005 772 2049; x_wconf 82' lang='lat' dir='ltr'>coelum</span> <span class='ocrx_word' id='word_1_265' title='bbox 798 2015 842 2050; x_wconf 88' lang='lat' dir='ltr'>et</span> <span class='ocrx_word' id='word_1_266' title='bbox 855 2015 1030 2061; x_wconf 86' lang='lat' dir='ltr'>terram,</span> <span class='ocrx_word' id='word_1_267' title='bbox 1052 2017 1095 2051; x_wconf 90' lang='lat' dir='ltr'>et</span> <span class='ocrx_word' id='word_1_268' title='bbox 1111 2007 1255 2051; x_wconf 83' lang='lat' dir='ltr'>omnia</span> <span class='ocrx_word' id='word_1_269' title='bbox 1273 2023 1373 2068; x_wconf 79' lang='lat' dir='ltr'>quae</span> <span class='ocrx_word' id='word_1_270' title='bbox 1395 2008 1442 2051; x_wconf 88' lang='lat' dir='ltr'>in</span> 
     </span>
     <span class='ocr_line' id='line_1_37' title="bbox 2 2074 1443 2143; baseline 0.003 -25"><span class='ocrx_word' id='word_1_271' title='bbox 2 2127 5 2137; x_wconf 27' lang='grc' dir='ltr'><strong><em>γ</em></strong></span> <span class='ocrx_word' id='word_1_272' title='bbox 51 2075 110 2120; x_wconf 87' lang='lat' dir='ltr'>eis</span> <span class='ocrx_word' id='word_1_273' title='bbox 132 2084 260 2119; x_wconf 85' lang='lat' dir='ltr'>sunt:</span> <span class='ocrx_word' id='word_1_274' title='bbox 285 2074 361 2118; x_wconf 91' lang='lat' dir='ltr'>sed</span> <span class='ocrx_word' id='word_1_275' title='bbox 382 2074 480 2135; x_wconf 87' lang='lat' dir='ltr'>plus</span> <span class='ocrx_word' id='word_1_276' title='bbox 484 2084 568 2143; x_wconf 50' lang='lat' dir='ltr'>‘e-st</span> <span class='ocrx_word' id='word_1_277' title='bbox 587 2075 880 2120; x_wconf 83' lang='lat' dir='ltr'>misericordia</span> <span class='ocrx_word' id='word_1_278' title='bbox 905 2086 978 2121; x_wconf 81' lang='lat' dir='ltr'>tua</span> <span class='ocrx_word' id='word_1_279' title='bbox 996 2112 1007 2131; x_wconf 91' lang='lat'>,</span> <span class='ocrx_word' id='word_1_280' title='bbox 1030 2093 1129 2137; x_wconf 86' lang='lat' dir='ltr'>quae</span> <span class='ocrx_word' id='word_1_281' title='bbox 1153 2078 1348 2122; x_wconf 82' lang='lat' dir='ltr'>exhibuit</span> <span class='ocrx_word' id='word_1_282' title='bbox 1364 2094 1443 2122; x_wconf 87' lang='lat' dir='ltr'>ve-</span> 
     </span>
     <span class='ocr_line' id='line_1_38' title="bbox 1 2144 1444 2209; baseline 0.002 -19"><span class='ocrx_word' id='word_1_283' title='bbox 1 2144 6 2173; x_wconf 60' lang='lat'><em>*</em></span> <span class='ocrx_word' id='word_1_284' title='bbox 52 2146 223 2190; x_wconf 84' lang='lat' dir='ltr'>ritatem</span> <span class='ocrx_word' id='word_1_285' title='bbox 248 2154 372 2189; x_wconf 80' lang='lat' dir='ltr'>tuam</span> <span class='ocrx_word' id='word_1_286' title='bbox 392 2144 438 2189; x_wconf 86' lang='lat' dir='ltr'>in</span> <span class='ocrx_word' id='word_1_287' title='bbox 462 2146 649 2190; x_wconf 84' lang='lat' dir='ltr'>circuitu</span> <span class='ocrx_word' id='word_1_288' title='bbox 670 2155 762 2191; x_wconf 89' lang='lat' dir='ltr'>tuo.</span> <span class='ocrx_word' id='word_1_289' title='bbox 793 2147 835 2191; x_wconf 88' lang='lat' dir='ltr'>Si</span> <span class='ocrx_word' id='word_1_290' title='bbox 859 2148 974 2190; x_wconf 88' lang='lat' dir='ltr'>enim</span> <span class='ocrx_word' id='word_1_291' title='bbox 996 2147 1057 2192; x_wconf 88' lang='lat' dir='ltr'>ibi</span> <span class='ocrx_word' id='word_1_292' title='bbox 1074 2148 1215 2192; x_wconf 87' lang='lat' dir='ltr'>solum</span> <span class='ocrx_word' id='word_1_293' title='bbox 1238 2148 1444 2209; x_wconf 78' lang='lat' dir='ltr'>praedica-</span> 
     </span>
     <span class='ocr_line' id='line_1_39' title="bbox 52 2217 1445 2278; baseline 0.002 -17"><span class='ocrx_word' id='word_1_294' title='bbox 52 2218 178 2273; x_wconf 87' lang='lat' dir='ltr'>reris,</span> <span class='ocrx_word' id='word_1_295' title='bbox 203 2217 279 2261; x_wconf 91' lang='lat' dir='ltr'>ubi</span> <span class='ocrx_word' id='word_1_296' title='bbox 301 2217 418 2261; x_wconf 85' lang='lat' dir='ltr'>nasci</span> <span class='ocrx_word' id='word_1_297' title='bbox 434 2252 445 2271; x_wconf 90' lang='lat'>,</span> <span class='ocrx_word' id='word_1_298' title='bbox 470 2217 548 2261; x_wconf 87' lang='lat' dir='ltr'>ubi</span> <span class='ocrx_word' id='word_1_299' title='bbox 570 2218 676 2277; x_wconf 84' lang='lat' dir='ltr'>pati,</span> <span class='ocrx_word' id='word_1_300' title='bbox 702 2218 781 2262; x_wconf 86' lang='lat' dir='ltr'>ubi</span> <span class='ocrx_word' id='word_1_301' title='bbox 798 2234 1021 2278; x_wconf 83' lang='lat' dir='ltr'>resurgere</span> <span class='ocrx_word' id='word_1_302' title='bbox 1038 2255 1048 2275; x_wconf 91' lang='lat'>,</span> <span class='ocrx_word' id='word_1_303' title='bbox 1074 2219 1194 2264; x_wconf 86' lang='lat' dir='ltr'>unde</span> <span class='ocrx_word' id='word_1_304' title='bbox 1213 2220 1445 2265; x_wconf 80' lang='lat' dir='ltr'>ascendere</span> 
     </span>
    </p>
   </div>
   <div class='ocr_carea' id='block_1_7' title="bbox 54 2288 1446 2351">
    <p class='ocr_par' dir='ltr' id='par_1_8' title="bbox 54 2288 1446 2351">
     <span class='ocr_line' id='line_1_40' title="bbox 54 2288 1446 2351; baseline 0.002 -18"><span class='ocrx_word' id='word_1_305' title='bbox 54 2288 258 2346; x_wconf 78' lang='lat' dir='ltr'>voluisti3</span> <span class='ocrx_word' id='word_1_306' title='bbox 280 2288 462 2347; x_wconf 82' lang='lat' dir='ltr'>impleta</span> <span class='ocrx_word' id='word_1_307' title='bbox 485 2299 594 2333; x_wconf 87' lang='lat' dir='ltr'>esset</span> <span class='ocrx_word' id='word_1_308' title='bbox 614 2289 687 2333; x_wconf 83' lang='lat' dir='ltr'>illa</span> <span class='ocrx_word' id='word_1_309' title='bbox 707 2290 864 2334; x_wconf 83' lang='lat' dir='ltr'>veritas</span> <span class='ocrx_word' id='word_1_310' title='bbox 883 2291 1083 2351; x_wconf 89' lang='lat' dir='ltr'>promissi</span> <span class='ocrx_word' id='word_1_311' title='bbox 1104 2291 1198 2346; x_wconf 89' lang='lat' dir='ltr'>Dei,</span> <span class='ocrx_word' id='word_1_312' title='bbox 1220 2291 1321 2335; x_wconf 82' lang='lat' dir='ltr'>«Ad</span> <span class='ocrx_word' id='word_1_313' title='bbox 1336 2308 1446 2336; x_wconf 86' lang='lat' dir='ltr'>con-</span> 
     </span>
    </p>
   </div>
   <div class='ocr_carea' id='block_1_8' title="bbox 4 2357 1449 2564">
    <p class='ocr_par' dir='ltr' id='par_1_9' title="bbox 4 2357 1449 2564">
     <span class='ocr_line' id='line_1_41' title="bbox 4 2357 1445 2420; baseline 0.003 -20"><span class='ocrx_word' id='word_1_314' title='bbox 4 2375 7 2390; x_wconf 65' lang='lat'><strong><em>³</em></strong></span> <span class='ocrx_word' id='word_1_315' title='bbox 60 2377 80 2400; x_wconf 91' lang='lat'>»</span> <span class='ocrx_word' id='word_1_316' title='bbox 114 2357 349 2403; x_wconf 84' lang='lat' dir='ltr'>firmandas</span> <span class='ocrx_word' id='word_1_317' title='bbox 368 2359 670 2417; x_wconf 86' lang='lat' dir='ltr'>promissiones</span> <span class='ocrx_word' id='word_1_318' title='bbox 693 2369 891 2419; x_wconf 80' lang='lat' dir='ltr'>patrum:</span> <span class='ocrx_word' id='word_1_319' title='bbox 921 2379 941 2401; x_wconf 88' lang='lat'>»</span> <span class='ocrx_word' id='word_1_320' title='bbox 967 2360 1043 2404; x_wconf 78' lang='lat' dir='ltr'>sed</span> <span class='ocrx_word' id='word_1_321' title='bbox 1065 2376 1154 2405; x_wconf 85' lang='lat' dir='ltr'>non</span> <span class='ocrx_word' id='word_1_322' title='bbox 1171 2361 1445 2420; x_wconf 79' lang='lat' dir='ltr'>impleretur,</span> 
     </span>
     <span class='ocr_line' id='line_1_42' title="bbox 5 2430 1446 2489; baseline 0.003 -19"><span class='ocrx_word' id='word_1_323' title='bbox 5 2473 8 2481; x_wconf 36' lang='lat'><strong>¹</strong></span> <span class='ocrx_word' id='word_1_324' title='bbox 62 2448 82 2471; x_wconf 89' lang='lat'>«</span> <span class='ocrx_word' id='word_1_325' title='bbox 114 2431 275 2474; x_wconf 86' lang='lat' dir='ltr'>Gentes</span> <span class='ocrx_word' id='word_1_326' title='bbox 298 2439 445 2473; x_wconf 85' lang='lat' dir='ltr'>autem</span> <span class='ocrx_word' id='word_1_327' title='bbox 462 2446 592 2489; x_wconf 81' lang='lat' dir='ltr'>super</span> <span class='ocrx_word' id='word_1_328' title='bbox 612 2430 904 2475; x_wconf 82' lang='lat' dir='ltr'>misericordia</span> <span class='ocrx_word' id='word_1_329' title='bbox 935 2431 1175 2489; x_wconf 77' lang='lat' dir='ltr'>glorificare</span> <span class='ocrx_word' id='word_1_330' title='bbox 1198 2436 1337 2476; x_wconf 80' lang='lat' dir='ltr'>Deum</span> <span class='ocrx_word' id='word_1_331' title='bbox 1354 2435 1397 2489; x_wconf 80' lang='lat'>⁵3</span> <span class='ocrx_word' id='word_1_332' title='bbox 1424 2452 1446 2474; x_wconf 86' lang='lat'>»</span> 
     </span>
     <span class='ocr_line' id='line_1_43' title="bbox 6 2499 1449 2564; baseline 0.002 -20"><span class='ocrx_word' id='word_1_333' title='bbox 6 2546 9 2564; x_wconf 31' lang='lat' dir='ltr'><em>E</em></span> <span class='ocrx_word' id='word_1_334' title='bbox 60 2500 142 2545; x_wconf 81' lang='lat' dir='ltr'>nisi</span> <span class='ocrx_word' id='word_1_335' title='bbox 161 2499 236 2545; x_wconf 83' lang='lat' dir='ltr'>illa</span> <span class='ocrx_word' id='word_1_336' title='bbox 255 2501 411 2545; x_wconf 86' lang='lat' dir='ltr'>veritas</span> <span class='ocrx_word' id='word_1_337' title='bbox 433 2501 766 2560; x_wconf 79' lang='lat' dir='ltr'>expanderetur,</span> <span class='ocrx_word' id='word_1_338' title='bbox 786 2511 829 2546; x_wconf 89' lang='lat' dir='ltr'>et</span> <span class='ocrx_word' id='word_1_339' title='bbox 846 2501 900 2545; x_wconf 82' lang='lat' dir='ltr'>ab</span> <span class='ocrx_word' id='word_1_340' title='bbox 922 2501 997 2546; x_wconf 91' lang='lat' dir='ltr'>illo</span> <span class='ocrx_word' id='word_1_341' title='bbox 1019 2501 1117 2546; x_wconf 93' lang='lat' dir='ltr'>loco</span> <span class='ocrx_word' id='word_1_342' title='bbox 1140 2502 1219 2546; x_wconf 89' lang='lat' dir='ltr'>ubi</span> <span class='ocrx_word' id='word_1_343' title='bbox 1242 2519 1449 2563; x_wconf 73' lang='lat' dir='ltr'>apparere</span> 
     </span>
    </p>
   </div>
   <div class='ocr_carea' id='block_1_9' title="bbox 63 2596 1448 2695">
    <p class='ocr_par' dir='ltr' id='par_1_10' title="bbox 63 2596 1448 2695">
     <span class='ocr_line' id='line_1_44' title="bbox 108 2596 1448 2644; baseline 0.003 -14"><span class='ocrx_word' id='word_1_344' title='bbox 108 2605 118 2621; x_wconf 89' lang='lat'>¹</span> <span class='ocrx_word' id='word_1_345' title='bbox 137 2610 150 2630; x_wconf 85' lang='lat'>1</span> <span class='ocrx_word' id='word_1_346' title='bbox 171 2599 244 2630; x_wconf 57' lang='lat' dir='ltr'>Cor,</span> <span class='ocrx_word' id='word_1_347' title='bbox 259 2610 284 2639; x_wconf 82' lang='lat'>1,</span> <span class='ocrx_word' id='word_1_348' title='bbox 301 2596 354 2629; x_wconf 85' lang='lat'>31.</span> <span class='ocrx_word' id='word_1_349' title='bbox 372 2615 413 2620; x_wconf 87' lang='lat'>—-</span> <span class='ocrx_word' id='word_1_350' title='bbox 427 2605 440 2620; x_wconf 82' lang='lat'>²</span> <span class='ocrx_word' id='word_1_351' title='bbox 460 2597 539 2630; x_wconf 84' lang='lat' dir='ltr'>Psal.</span> <span class='ocrx_word' id='word_1_352' title='bbox 555 2610 703 2640; x_wconf 66' lang='lat' dir='ltr'>Lxxxvui,</span> <span class='ocrx_word' id='word_1_353' title='bbox 719 2598 750 2630; x_wconf 84' lang='lat'>8.</span> <span class='ocrx_word' id='word_1_354' title='bbox 772 2616 811 2621; x_wconf 88' lang='lat'>—</span> <span class='ocrx_word' id='word_1_355' title='bbox 823 2597 1016 2640; x_wconf 74' lang='lat' dir='ltr'>31d.cmv‚</span> <span class='ocrx_word' id='word_1_356' title='bbox 1037 2601 1068 2632; x_wconf 82' lang='lat'>3.</span> <span class='ocrx_word' id='word_1_357' title='bbox 1084 2618 1125 2622; x_wconf 90' lang='lat'><strong>—</strong></span> <span class='ocrx_word' id='word_1_358' title='bbox 1145 2599 1158 2629; x_wconf 65' lang='grc'><strong><em>4</em></strong></span> <span class='ocrx_word' id='word_1_359' title='bbox 1179 2601 1399 2643; x_wconf 71' lang='lat' dir='ltr'>Id.rxxxv111,</span> <span class='ocrx_word' id='word_1_360' title='bbox 1415 2613 1448 2644; x_wconf 80' lang='lat'>9.</span> 
     </span>
     <span class='ocr_line' id='line_1_45' title="bbox 63 2653 434 2695; baseline -0.003 -8"><span class='ocrx_word' id='word_1_361' title='bbox 63 2671 104 2677; x_wconf 90' lang='lat'>—·</span> <span class='ocrx_word' id='word_1_362' title='bbox 122 2653 136 2677; x_wconf 88' lang='lat'><strong>⁵</strong></span> <span class='ocrx_word' id='word_1_363' title='bbox 158 2657 248 2687; x_wconf 73' lang='lat' dir='ltr'>Rom.</span> <span class='ocrx_word' id='word_1_364' title='bbox 276 2665 330 2695; x_wconf 75' lang='lat' dir='ltr'>xv,</span> <span class='ocrx_word' id='word_1_365' title='bbox 349 2654 382 2695; x_wconf 80' lang='lat'>8,</span> <span class='ocrx_word' id='word_1_366' title='bbox 403 2657 434 2686; x_wconf 85' lang='grc'>9.</span> 
     </span>
    </p>
   </div>
   <div class='ocr_carea' id='block_1_10' title="bbox 251 2716 1264 2751">
    <p class='ocr_par' dir='ltr' id='par_1_11' title="bbox 251 2716 1264 2751">
     <span class='ocr_line' id='line_1_46' title="bbox 251 2716 1264 2751; baseline 0.003 -3"><span class='ocrx_word' id='word_1_367' title='bbox 251 2719 390 2748; x_wconf 72' lang='lat' dir='ltr'>CXVII.</span> <span class='ocrx_word' id='word_1_368' title='bbox 1220 2716 1264 2751; x_wconf 74' lang='grc'><strong>17</strong></span> 
     </span>
    </p>
   </div>
  </div>
 </body>
</html>
