1926 3339
185 317 426 346 ENARRATio
458 321 489 345 ιι
525 320 569 345 IN
603 318 805 346 rsALMUM
837 318 1054 355 Lxxxviu,
1088 318 1227 346 sfflizvro
1260 323 1306 346 ιι.
1364 311 1446 348 273

67 383 210 426 omnia
234 382 288 426 dc
317 383 628 427 resurrectione
651 391 941 426 mortuorum.
968 382 1159 426 Obsecro
1181 399 1277 438 vos,
1303 386 1450 429 audite

67 452 149 496 hoc
169 453 327 496 iterum
349 452 542 512 planius,
576 461 620 496 et
648 461 928 496 mementote.
966 452 1061 496 Scio
1091 453 1207 495 enim
1239 454 1450 512 quosdam

65 522 337 577 intellexisse,
364 522 468 567 alios
490 538 593 567 vero
610 521 801 567 fortassis
823 522 931 583 quid
944 522 1125 566 dixerim
1149 522 1292 567 adhuc
1309 524 1451 584 inqui-

65 607 172 636 rere.
194 595 245 636 In
270 591 391 637 nulla
414 608 460 636 re
481 593 540 637 sic
562 592 875 637 contradicitur
897 591 998 635 fidei
1021 593 1264 637 christianae
1283 628 1294 648 ‚
1320 609 1451 653 quam

65 664 109 707 in
130 664 443 708 resurrectione
470 665 624 708 carnis.
652 664 849 724 Denique
870 663 942 707 ille
968 664 1043 723 qui
1062 673 1189 708 natus
1213 673 1276 708 est
1303 664 1348 708 in
1371 665 1455 722 sig-

65 749 194 789 num,
221 734 291 778 cui
314 733 670 789 contradicitur1,
691 743 735 778 et
766 735 902 794 ipsam
932 748 1106 777 carnem
1129 749 1251 777 suam
1274 734 1455 779 resusci-

65 804 194 860 tavit,
218 814 267 849 ut
280 805 453 849 obviam
472 805 554 849 iret
575 804 883 849 contradictori
903 823 911 847 ε
938 805 1072 864 etqui
1090 813 1234 863 posset
1258 805 1453 849 membra

64 890 140 919 sua
163 875 222 918 sic
251 890 423 930 sanare,
454 884 504 918 ut
526 890 575 918 ea
598 873 824 917 vulnerata
845 873 976 917 fuisse
1002 888 1092 917 non
1117 883 1344 932 appareret
1359 909 1370 930 ,
1396 876 1458 919 ci-

64 944 241 990 catrices
259 946 444 990 servavit
465 946 510 988 in
527 960 723 1004 corpore,
741 954 790 988 ut
809 944 966 989 vulnus
981 944 1265 989 dubitationis
1288 957 1458 992 sanaret

63 1016 110 1060 in
141 1017 286 1061 corde.
326 1020 375 1060 ln
404 1015 525 1060 nulla
550 1031 652 1074 ergo
689 1031 735 1059 re
772 1025 860 1059 tam
889 1016 1196 1070 vehementer,
1231 1025 1321 1060 tam
1355 1033 1457 1076 per-

64 1087 264 1132 tinaciter
287 1122 298 1141 ‚
335 1096 423 1131 tam
453 1087 610 1131 obnixe
638 1096 681 1131 et
709 1086 979 1131 contentiose
1015 1087 1328 1131 contradicitur
1355 1089 1458 1133 fidei

63 1158 309 1202 christianae
325 1193 335 1212 ‚
361 1158 471 1202 sicut
506 1157 561 1201 de
595 1158 734 1202 carnis
763 1157 1095 1201 resurrectione.
1121 1160 1229 1203 Nam
1252 1158 1306 1202 de
1327 1159 1458 1202 animi

63 1227 388 1272 immortalitate
402 1227 530 1271 multi
543 1228 670 1271 etiam
682 1226 1145 1288 philosophiGentium
1163 1228 1301 1273 multa
1315 1229 1459 1289 dispu-

50 1308 283 1353 taverunt,
302 1308 346 1342 et
366 1297 658 1342 immortalem
682 1314 772 1342 esse
790 1298 984 1342 animum
1002 1298 1245 1342 humanum
1258 1298 1460 1358 pluribus

67 1381 112 1415 et
125 1370 439 1430 multiplicibus
461 1369 585 1414 libris
614 1370 911 1430 conscriptum
930 1369 1150 1413 memoriae
1168 1370 1456 1430 reliquerunt.

66 1444 180 1487 Cum
207 1450 388 1486 ventum
411 1439 546 1484 fuerit
573 1439 629 1484 ad
656 1440 1018 1484 resurrectionem
1047 1440 1211 1494 carnis,
1238 1457 1327 1484 non
1351 1441 1460 1485 titu-

66 1513 196 1567 bant,
218 1511 294 1555 sed
309 1510 574 1570 apertissime
596 1510 918 1565 contradicunt,
935 1519 978 1553 et
1001 1509 1287 1554 contradictio
1310 1526 1462 1555 eorum

67 1581 164 1628 talis
185 1591 249 1625 est
264 1617 275 1637 ‚
307 1590 358 1624 ut
379 1581 527 1624 dicant
568 1581 660 1624 fieri
694 1596 785 1624 non
807 1596 958 1639 posse,
984 1589 1035 1623 ut
1057 1596 1157 1624 caro
1182 1581 1261 1624 ista
1292 1590 1463 1625 terrena

67 1652 200 1712 possit
234 1651 280 1695 in
311 1650 476 1696 coelum
506 1649 753 1694 ascendere.
792 1652 897 1694 Ideo
935 1650 1041 1694 luna
1078 1650 1158 1694 ista
1191 1650 1386 1710 perfecta
1418 1652 1463 1695 in

68 1733 299 1779 aeternum,
325 1731 369 1767 et
390 1720 594 1766 adversus
617 1737 767 1766 omnes
783 1721 1126 1766 contradictores
1149 1722 1266 1766 testis
1282 1722 1329 1766 in
1347 1721 1462 1767 coelo

67 1795 222 1841 fidelis.

126 1869 202 1910 VI.
225 1868 329 1910 Haec
352 1865 407 1909 de
424 1864 597 1910 Christo
618 1863 827 1923 promissa
850 1871 980 1918 sunt,
1001 1879 1135 1923 quam
1160 1872 1276 1908 certa
1293 1899 1304 1919 ‚
1329 1879 1464 1924 quam

68 1939 214 1992 firma,
232 1952 366 1997 quam
389 1945 535 1995 aperta
549 1971 560 1990 ‚
582 1951 716 1995 quam
737 1933 1000 1978 indubitata.
1032 1937 1141 1979 Nam
1159 1934 1238 1978 etsi
1260 1933 1464 1994 quaedam

68 2016 170 2052 sunt
190 2016 304 2051 tecta
323 2005 537 2063 mysteriis
557 2025 565 2049 :
587 2004 790 2065 quaedam
808 2013 955 2047 tamen
979 2003 1038 2047 sic
1065 2003 1295 2047 manifesta
1311 2039 1321 2058 ,
1349 2013 1400 2048 ut
1414 2020 1464 2047 ex

68 2078 169 2138 ipsis
192 2076 400 2122 facillime
425 2076 676 2135 aperiantur
702 2075 903 2119 obscura.
931 2077 1035 2118 Haec
1057 2089 1159 2118 cum
1181 2074 1240 2118 ita
1259 2074 1345 2118 sint
1361 2110 1371 2128 ,
1397 2074 1465 2118 vi-

70 2149 170 2194 dete
201 2146 312 2208 quid
339 2147 535 2206 sequitur
560 2165 568 2190 :
599 2164 619 2187 «
646 2148 712 2189 Tu
743 2161 846 2190 vero
876 2144 1099 2203 repulisti,
1132 2153 1175 2188 et
1197 2143 1252 2188 ad
1275 2143 1465 2189 nihilum

73 2240 93 2262 »
129 2218 378 2264 deduxisti:
410 2217 614 2263 distulisti
645 2216 868 2262 Christum
897 2225 1039 2260 tuum.
1077 2216 1281 2260 Evertisti
1319 2218 1466 2259 Testa-

74 2309 95 2333 »
129 2299 328 2335 mentum
346 2289 454 2333 servi
477 2288 563 2343 tui,
595 2286 833 2347 profanasti
858 2287 904 2329 in
926 2295 1040 2329 terra
1058 2286 1331 2329 sanctitatem
1355 2286 1461 2345 ejus.

74 2381 94 2404 »
128 2360 383 2406 Destruxisti
409 2373 558 2403 omnes
591 2357 796 2401 macerias
830 2357 947 2416 ejus,
986 2355 1166 2415 posuisti
1201 2356 1465 2400 munitiones

76 2450 96 2474 »
131 2434 223 2492 ejus
251 2428 546 2475 formidinem.
577 2428 857 2487 Diripuerunt
887 2441 987 2469 eum
1016 2441 1165 2470 omnes
1194 2435 1466 2471 transeuntes

80 2524 97 2546 »
133 2504 263 2557 viam,
280 2500 419 2546 factus
431 2499 790 2559 estopprobrium
808 2497 961 2557 vicinis
981 2497 1081 2540 suis.
1097 2496 1307 2540 Exaltasti
1323 2496 1467 2541 dexte-

78 2593 97 2616 »
133 2589 225 2618 ram
246 2572 522 2616 inimicorum
542 2571 632 2630 ejus
649 2605 659 2625 ‚
680 2567 934 2628 jucundasti
956 2582 1106 2611 cinnes
1131 2567 1328 2611 inimicos
1357 2568 1464 2627 ejus.

123 2666 131 2682 ¹
152 2660 229 2691 Luc.
249 2670 282 2697 ιι,
303 2657 356 2699 34.

234 2721 373 2751 cxvil.
1345 2708 1389 2745 18
