1926 3339
421 359 663 389 ENARRATIO
695 361 740 389 m
772 358 975 388 PsALMUM
1008 359 1141 388 Lxxx.
1368 351 1448 387 117

63 440 252 471 amurca.
280 444 301 469 «
325 428 381 471 Et
407 425 551 470 dimisi
574 441 668 482 eos,
699 443 720 468 »
745 441 836 470 non
857 424 1100 470 secundum
1118 423 1308 469 salutem
1335 439 1450 485 prae-

63 506 290 557 ceptorum
314 512 536 555 meorum,
566 497 662 553 sed,
692 516 713 539 «
750 494 1001 542 Secundum
1023 495 1276 541 affectiones
1311 494 1452 541 cordis

65 584 87 608 »
121 582 274 611 eorum
297 585 306 611 ε
330 585 350 608 »
375 566 535 612 donavi
557 582 629 612 eos
661 567 759 611 sibi.
796 566 910 611 Dicit
937 575 981 611 et
1002 565 1258 625 Apostolus,
1294 585 1314 608 «
1342 569 1450 610 Tra-

67 655 85 678 »
121 636 232 681 didit
249 636 344 681 illos
358 640 472 681 Deus
484 637 530 680 in
547 636 922 697 concupiscentias
937 637 1077 681 cordis
1091 652 1241 681 eorum
1256 638 1287 680 ¹.
1302 636 1451 681 Dimisi

65 725 86 749 »
121 723 192 752 cos
212 708 452 753 secundum
470 709 722 754 affectiones
742 707 884 753 cordis
904 723 1055 753 eorum
1071 727 1079 752 :
1097 708 1227 752 ibunt
1247 708 1293 752 in
1315 707 1450 752 affec-

67 797 86 820 »
120 778 312 823 tionibus
328 779 428 823 suis.
452 797 473 820 n
497 778 604 824 Inde
625 780 822 839 estquod
839 778 1029 822 horretis
1046 778 1102 822 :si
1120 788 1266 822 tamen
1284 777 1452 838 eliqua-

62 848 169 892 mini
198 849 243 892 in
269 849 514 908 gemellaria
541 849 796 894 abscondita
817 848 1014 902 Domini,
1040 848 1074 891 si
1106 857 1253 892 tamen
1274 849 1451 907 apothe-

65 934 133 963 cas
154 920 244 979 ejus
267 919 517 974 adamastis,
537 921 640 964 inde
662 929 726 964 est
747 919 867 979 quod.
882 918 1082 962 horretis.
1103 917 1190 962 Alii
1203 917 1450 961 defendunt

61 991 240 1045 circum,
262 990 333 1034 alii
347 991 732 1050 amphitheatrum,
754 990 825 1034 alii
839 1004 956 1034 casas
972 989 1019 1033 in
1032 989 1152 1044 vicis,
1169 988 1240 1032 alii
1257 989 1446 1044 theatra,

61 1060 133 1104 alii
169 1059 304 1115 illud,
337 1059 409 1104 alii
445 1060 579 1115 illud,
612 1061 682 1105 alii
716 1069 937 1120 postremo
972 1060 1076 1105 deos
1109 1068 1303 1104 recentes
1333 1075 1448 1105 suos.

66 1132 240 1176 «Ibunt
259 1133 307 1176 in
327 1132 629 1178 affectionibus
651 1133 752 1177 suis.
782 1151 802 1174 »
1118 1131 1120 1133 ’

118 1204 286 1247 XVIII.
311 1221 332 1245 «
355 1204 397 1248 Si
414 1202 537 1263 plebs
552 1218 647 1247 mea
669 1202 858 1247 audisset
873 1216 945 1246 me
958 1238 969 1258 ,
991 1201 1124 1247 Israel
1140 1202 1173 1246 si
1190 1201 1235 1245 in
1252 1201 1330 1246 viis
1342 1202 1451 1246 meis

64 1291 86 1315 »
121 1272 384 1318 ambulasset
397 1277 428 1317 ².
469 1292 489 1315 »
530 1274 642 1319 Dicit
675 1274 790 1318 enim
833 1272 1012 1319 fortasse
1042 1273 1122 1317 iste
1156 1272 1288 1317 Israel
1308 1292 1316 1318 :
1339 1275 1452 1317 Ecce

61 1358 216 1403 pecco,
242 1344 520 1388 manifestum
544 1353 629 1399 est,
665 1360 716 1388 eo
749 1353 847 1403 post
876 1344 1126 1388 affectiones
1162 1342 1302 1387 cordis
1327 1344 1413 1387 mci
1437 1361 1449 1387 2

61 1413 138 1458 sed
160 1412 268 1474 quid
288 1414 433 1458 facio?
452 1414 657 1458 Diabolus
675 1415 759 1459 hoc
776 1414 895 1469 facit,
919 1414 1139 1458 daemones
1157 1415 1242 1458 hoc
1263 1414 1448 1458 faciunt.

61 1483 176 1538 Quid
196 1493 260 1528 est
275 1484 502 1528 diabolus?
528 1485 614 1537 Qui
640 1494 741 1529 sunt
770 1483 1016 1529 daemones?
1036 1488 1165 1530 Certe
1181 1484 1345 1528 inimici
1367 1484 1448 1528 tui.

64 1573 86 1596 »
119 1553 251 1599 Israel
271 1554 306 1598 si
326 1554 374 1598 in
394 1555 473 1600 viis
493 1556 598 1599 meis
615 1555 895 1610 ambulasset,
923 1557 969 1599 in
991 1555 1177 1599 nihilum
1200 1571 1348 1600 omnes
1369 1556 1454 1600 ini-

64 1644 84 1668 »
120 1626 252 1671 micos
271 1641 421 1670 eorum
438 1625 734 1671 humiliassem
747 1628 778 1670 3.
803 1645 823 1667 »
842 1629 980 1686 Ergo,
1006 1645 1024 1667 «
1049 1627 1092 1672 Si
1113 1626 1240 1686 plebs
1257 1643 1353 1672 mea
1371 1643 1452 1671 au-

63 1714 84 1738 »
118 1695 250 1741 disset
277 1712 363 1741 me.
393 1715 413 1738 n
439 1700 582 1751 Quare
607 1698 722 1741 enim
755 1713 872 1752 mea,
903 1698 936 1742 si
959 1713 1048 1742 non
1071 1698 1194 1742 audit
1214 1700 1314 1742 me?
1351 1716 1372 1740 «
1409 1697 1454 1743 Si

64 1785 85 1810 »
119 1767 242 1827 plebs
253 1783 348 1813 mea
367 1768 554 1814 audisset
567 1785 653 1813 me.
678 1787 697 1810 >›
717 1768 834 1823 Quid
847 1778 926 1824 est,
945 1788 965 1811 «
986 1768 1113 1814 Plebs
1125 1771 1247 1813 mea?
1262 1768 1408 1814 Israel.
1428 1787 1449 1811 >³

62 1837 179 1892 Quid
202 1848 285 1893 est,
315 1857 335 1880 «
370 1839 572 1884 Audisset
597 1841 692 1883 me?
726 1839 768 1884 Si
802 1839 847 1882 in
879 1839 959 1884 viis
981 1838 1087 1883 meis
1122 1839 1399 1884 ambulasset.
1426 1857 1449 1881 >³

63 1910 284 1963 Quaeritur
314 1919 358 1954 et
390 1910 523 1968 gemit
549 1911 630 1954 sub
657 1911 870 1955 inimicis:
893 1930 913 1953 «
949 1913 1001 1954 In
1036 1910 1224 1954 nihilum
1256 1910 1455 1955 inimicos

66 1998 86 2021 »
122 1995 273 2024 eorum
296 1979 614 2038 humiliassem,
640 1989 684 2024 et
712 1995 843 2040 super
869 1980 1129 2025 tribulantes
1152 1996 1223 2025 eos
1245 1981 1454 2026 misissem

68 2069 87 2092 »
121 2065 300 2094 manum
322 2065 480 2094 meam.
512 2070 529 2091 >›

121 2122 245 2165 XIX.
266 2122 392 2165 Nunc
408 2135 512 2164 vero
530 2119 637 2180 quid
659 2129 920 2179 quaeruntur
934 2118 990 2163 de
1006 2119 1220 2164 inimicis?
1245 2120 1330 2180 Ipsi
1349 2121 1454 2165 tacti

64 2200 166 2235 sunt
188 2192 355 2251 pejores
377 2191 556 2236 inimici.
583 2190 815 2244 Quomodo
838 2192 982 2235 enim?
1006 2190 1123 2244 Quid
1145 2192 1368 2251 sequitur?
1391 2195 1454 2236 De

65 2261 248 2305 inimicis
264 2262 511 2321 quaerimini
530 2277 630 2307 :vos
647 2262 755 2321 quid
773 2261 899 2305 estis?
917 2280 934 2302 (ι
954 2261 1123 2305 Inimici
1140 2261 1316 2305 Domini
1331 2277 1457 2305 men-

64 2350 91 2374 -»
127 2332 196 2376 titi
217 2341 320 2377 sunt
338 2333 376 2376 ei
389 2334 421 2377 ⁴.
452 2353 468 2374 »
493 2332 760 2376 Renuntias?
782 2332 1020 2376 Renuntio.
1046 2334 1103 2376 Et
1124 2331 1237 2376 redit
1258 2331 1315 2376 ad
1335 2331 1457 2392 quod

66 2403 304 2447 renuntiat.
325 2404 485 2464 Utique
502 2404 662 2463 quibus
684 2404 814 2447 rebus
838 2404 1083 2458 renuntias,
1109 2403 1191 2447 nisi
1215 2402 1338 2448 factis
1360 2419 1457 2448 ma-

65 2472 141 2528 lis,
166 2471 291 2517 factis
307 2472 532 2517 diabolicis
544 2508 554 2527 ,
577 2471 701 2517 factis
718 2488 742 2517 a
757 2476 849 2517 Deo
866 2472 1146 2527 damnandis,
1168 2472 1295 2517 furtis
1308 2509 1318 2529 ,
1339 2474 1458 2533 rapi-

69 2545 161 2599 nis,
196 2545 398 2604 perjuriis
413 2579 424 2599 ,
458 2544 726 2599 homicidiis,
764 2543 1008 2598 adulteriis,
1046 2544 1297 2603 sacrilegiis,
1331 2544 1460 2589 sacris

71 2614 397 2669 abominandis,
430 2614 783 2658 curiositatibus?
813 2615 890 2658 His
921 2613 1126 2658 omnibus
1148 2615 1395 2667 renuntias,
1420 2622 1462 2658 et

121 2706 127 2721 ¹
153 2701 246 2732 Rom.
264 2711 288 2740 1,
305 2699 360 2740 24.
381 2717 421 2723 -
447 2707 459 2722 2
484 2699 561 2731 I‘sal.
584 2709 683 2739 tux,
708 2699 758 2740 ¹4·
781 2715 822 2721 —
841 2697 853 2721 3
873 2699 951 2731 Ihm.
984 2699 1032 2729 15.
1062 2715 1092 2721 -
1121 2698 1234 2744 Aibat.
1260 2698 1310 2732 16.
