1926 3339
470 293 554 333 294
899 308 933 334 S·
970 306 1200 334 AUGUSTINI
1234 307 1413 334 EPISCOPI
1876 237 1880 291 l

474 390 494 413 »
531 370 680 415 cabilis
701 380 792 415 esto
822 386 950 430 super
979 386 1121 415 servos
1148 385 1245 415 tuos
1262 373 1292 414 ¹.
1316 389 1336 412 »
1364 372 1458 414 Vox
1479 370 1543 414 est
1572 383 1753 424 eorum,
1781 369 1849 415 vel
1886 410 1887 413 ,
1916 395 1920 409 ·

473 457 552 503 pro
573 442 631 486 eis
646 477 657 496 ,
683 442 758 502 qui
780 442 918 486 multa
938 434 1222 501 persequente
1244 442 1324 486 isto
1345 440 1504 485 saeculo
1525 439 1639 484 mala
1659 438 1850 484 toleran-
1894 446 1896 450 '

473 522 559 568 tes,
598 513 876 557 innotescunt
913 511 1148 571 compediti
1180 511 1310 556 corde
1344 512 1391 555 in
1420 511 1658 571 sapientia,
1695 519 1746 554 ut
1774 525 1852 556 nec

472 583 602 627 tantis
634 581 756 626 malis
777 582 916 626 coacti
947 581 1168 640 refugiant
1199 597 1223 624 a
1254 581 1439 625 Domino
1469 581 1525 625 ad
1548 581 1677 640 hujus
1708 579 1854 627 saeculi
1890 583 1895 618 ὲ

470 653 603 697 bona.
641 651 890 697 Secundum
918 661 1065 695 autem
1091 649 1202 694 illud
1229 650 1351 711 quod
1377 651 1480 694 alibi
1513 651 1724 710 scriptum
1755 658 1851 697 est:
1892 689 1894 694 .

475 744 497 767 «
531 726 768 782 Quousque
791 720 946 765 avertis
963 719 1118 765 faciem
1140 729 1261 764 tuam
1283 736 1306 764 a
1328 724 1446 777 me‘23
1471 740 1488 762 »
1510 721 1639 764 etiam
1655 721 1739 764 hoc
1760 720 1856 764 dic-

472 803 568 838 tum
585 802 673 836 est:
703 811 724 835 «
745 793 1025 844 Convertere,
1050 790 1248 845 Domine,
1269 805 1513 851 quousque.
1531 809 1552 832 »
1578 793 1636 835 Et
1651 799 1702 834 ut
1721 790 1858 836 sciant
1887 795 1899 850 ‚¹

472 865 550 925 qui
566 863 753 907 multum
778 861 1006 907 carnaliter
1027 865 1117 907 Deo
1140 861 1342 906 tribuunt
1359 862 1538 906 humani
1553 862 1743 922 corporis
1765 860 1857 906 for-
1887 876 1899 936 ξ
1917 871 1919 875 ’

473 950 611 990 mam,
638 935 902 978 aversionem
935 932 1082 978 vultus
1109 933 1201 993 ejus
1228 942 1273 977 et
1296 932 1623 977 conversionem
1652 948 1743 977 non
1766 931 1860 976 fieri
1888 937 1894 1026 ἱ

473 1016 597 1051 motu
620 1005 746 1050 simili
760 1004 950 1049 motibus
968 1004 1158 1064 corporis
1174 1004 1310 1049 nostri
1325 1025 1338 1062 3
1355 1004 1402 1047 in
1421 1004 1505 1048 hoc
1522 1004 1676 1048 eodem
1690 1003 1860 1048 Psalmo
1890 1028 1903 1063 3²

475 1076 669 1121 recolant
691 1075 913 1135 superiora
933 1094 942 1119 z
967 1094 988 1117 «
1013 1075 1198 1119 Posuisti
1219 1075 1468 1135 iniquitates
1492 1084 1657 1120 nostras
1677 1074 1722 1118 in
1755 1089 1861 1118 con-
1890 1070 1895 1134 l
1922 1082 1923 1086 ’

478 1166 500 1189 »
535 1156 686 1206 spectu
716 1155 817 1200 tuo,
846 1144 1055 1191 soeculum
1085 1154 1283 1190 nostrum
1304 1146 1351 1189 in
1376 1145 1695 1190 illuminatione
1717 1143 1862 1189 vultus
1891 1139 1897 1220 i

482 1239 500 1260 »
535 1218 616 1262 tui.
648 1236 667 1258 »
694 1217 927 1270 Quomodo
950 1231 1051 1274 ergo
1077 1217 1148 1261 hic
1166 1216 1300 1261 dicit:
1331 1236 1348 1257 «
1370 1219 1660 1271 Convertere,
1689 1234 1709 1257 >1
1734 1225 1786 1260 ut
1811 1215 1863 1262 sit
1893 1233 1897 1274 ς

476 1288 689 1348 propitius
704 1323 714 1343 ,
737 1288 860 1347 quasi
881 1287 1038 1331 faciem
1061 1287 1282 1331 avertisset
1299 1287 1432 1331 iratus
1450 1308 1461 1344 3
1481 1302 1581 1331 cum
1602 1287 1664 1330 ibi
1679 1287 1738 1331 sic
1759 1286 1863 1330 insi·
1893 1275 1904 1355 l'

476 1367 586 1403 nuet
606 1358 764 1401 iratum
781 1393 791 1412 ‚
817 1366 867 1401 ut
893 1373 983 1401 non
1011 1357 1214 1401 averterit
1236 1358 1390 1401 faciem
1413 1357 1468 1401 ab
1490 1356 1795 1417 iniquitatibus
1821 1365 1866 1402 et
1894 1362 1899 1418 l

477 1428 637 1473 saeculo
665 1443 838 1482 eorum,
863 1428 1024 1488 quibus
1046 1428 1316 1481 irasceretur,
1345 1427 1420 1471 sed
1440 1443 1488 1471 ea
1510 1428 1654 1487 potius
1682 1427 1728 1470 in
1756 1442 1888 1472 con-⁴

478 1510 630 1561 spectu
648 1516 725 1544 suo
740 1535 750 1555 ,
771 1509 813 1543 et
830 1500 875 1543 in
898 1499 1217 1544 illuminatione
1238 1498 1385 1543 vultus
1406 1500 1471 1543 sui
1494 1499 1715 1558 posuerit?
1737 1498 1866 1552 Quod
1908 1520 1912 1528 ·

479 1581 625 1616 autem
643 1570 802 1614 dicitur
831 1589 851 1612 «
870 1572 1132 1629 Quousque,
1157 1589 1174 1610 »
1201 1569 1385 1614 verbum
1402 1580 1466 1614 est
1477 1569 1639 1614 orantis
1656 1569 1836 1630 justitiae
1850 1603 1863 1624 ‚

477 1659 567 1687 non
588 1641 854 1700 indignantis
876 1640 1170 1700 impatientiae.
1195 1643 1306 1685 Sane
1328 1639 1449 1700 quod
1471 1640 1542 1684 hic
1567 1640 1757 1699 positum
1778 1649 1864 1695 est,

481 1733 502 1755 «
536 1710 829 1771 Deprecabilis
851 1719 941 1754 esto
958 1731 969 1767 3
985 1729 1004 1751 »
1023 1710 1093 1754 alii
1110 1710 1294 1755 verbum
1315 1725 1338 1754 e
1359 1710 1510 1765 verbo,
1533 1729 1553 1752 «
1571 1713 1826 1769 Deprecare,
1842 1727 1863 1751 »
1907 1728 1912 1742 ··

478 1782 748 1841 interpretati
765 1790 883 1824 sunt.
907 1780 990 1825 Sed
1007 1780 1084 1840 qui
1105 1780 1184 1825 ait:
1206 1799 1223 1820 «
1242 1779 1533 1840 Deprecabilis
1551 1789 1658 1834 esto,
1677 1797 1697 1821 n
1716 1780 1869 1824 vitavit

478 1853 732 1910 ambiguum
760 1871 769 1895 ε
796 1851 899 1910 quia
929 1850 1151 1909 deprecari
1173 1866 1406 1895 commune
1435 1851 1621 1895 verbum
1649 1858 1736 1908 est3
1766 1865 1867 1894 nam
1908 1886 1909 1889 η

479 1933 523 1968 et
556 1922 629 1967 ille
665 1922 922 1978 deprecatur
947 1921 1024 1980 qui
1054 1920 1404 1980 deprecationem
1434 1919 1602 1977 fundit,
1636 1930 1682 1965 et
1703 1919 1777 1965 ille
1797 1920 1868 1965 cui
1915 1926 1926 1984 q

479 1993 681 2039 funditur
701 2008 709 2032 ε
736 1991 920 2035 dicimus
940 1991 1055 2035 enim
1077 2008 1085 2032 ε
1113 1995 1330 2052 Deprecor
1346 2001 1411 2048 te,
1432 2002 1476 2036 et
1496 1992 1708 2052 deprecor
1730 2008 1753 2036 a
1777 2001 1834 2036 te.
1923 1987 1926 2044 Ξ

537 2066 633 2108 XV.
660 2061 826 2107 Deinde
844 2060 915 2105 illa
937 2061 1054 2105 bona
1076 2078 1176 2122 quae
1199 2061 1348 2106 futura
1369 2071 1491 2117 sunt,
1518 2078 1592 2122 spe
1610 2062 1865 2122 anticipanS,

480 2144 523 2179 et
551 2134 671 2178 velut
692 2134 781 2192 jam
814 2131 927 2176 facta
960 2131 1174 2191 deputans
1199 2148 1208 2173 :
1245 2152 1265 2175 «
1288 2132 1459 2192 Repleti
1492 2148 1667 2188 sumus,
1699 2132 1864 2192 inquit,
1887 2155 1926 2185 »ρ

485 2227 502 2248 »
538 2220 667 2249 mane
686 2203 980 2247 misericordia
1002 2213 1077 2247 tua
1094 2205 1125 2247 3.
1156 2222 1176 2244 »
1211 2206 1325 2262 Ergo
1347 2204 1393 2246 in
1417 2204 1480 2247 his
1499 2203 1622 2248 velut
1645 2203 1869 2263 nocturnis
1912 2206 1926 2248 -ὲ

477 2276 704 2320 laboribus
726 2284 769 2318 et
790 2273 1015 2318 doloribus
1038 2273 1264 2333 prophetia
1289 2275 1415 2318 nobis
1447 2289 1621 2318 accensa
1644 2284 1732 2330 est,
1759 2275 1870 2319 sicut
1906 2254 1926 2321 l

478 2346 656 2391 lucerna
685 2344 731 2388 in
760 2344 946 2389 obscuro
973 2343 1098 2399 loco,
1128 2344 1270 2388 donec
1300 2343 1391 2388 dies
1413 2343 1620 2400 lucescat,
1650 2354 1694 2389 et
1713 2343 1870 2389 lucifer
1924 2368 1926 2370 ·

480 2418 644 2464 oriatur
671 2417 717 2461 in
743 2415 949 2461 cordibus
975 2416 1173 2460 nostris4.
1202 2435 1219 2455 «
1246 2416 1367 2460 Beati
1389 2416 1506 2460 enim
1529 2414 1685 2460 mundi
1712 2414 1866 2470 corde,
1917 2445 1922 2451 ·

531 2532 541 2548 ¹
574 2525 655 2558 Psal.
677 2535 791 2557 Lxxxix
806 2549 816 2566 ‚
844 2524 895 2557 13.
915 2541 957 2547 -
977 2531 990 2548 ²
1009 2525 1055 2556 Id,
1089 2535 1133 2556 xn
1149 2550 1157 2565 ,
1185 2535 1212 2557 1.
1233 2541 1277 2548 ---
1299 2522 1377 2557 31d.
1400 2535 1516 2557 mxxxix
1531 2549 1540 2566 ‚
1570 2522 1622 2566 14.
1642 2540 1684 2547 -
1701 2521 1718 2553 4
1737 2533 1756 2556 2
1778 2525 1865 2556 Petr.

482 2593 517 2623 1,
551 2592 603 2625 19·

1909 2478 1917 2774 ἒ

1912 2817 1919 2959 Ξ

1914 2991 1922 3149 ἰ

1916 3154 1926 3339 ε
