1926 3339
1898 338 1901 358 l

494 377 578 418 348
939 387 973 417 S.
1009 387 1238 417 Aucus-nm
1271 389 1451 416 nmscom
1877 388 1902 458 J

491 456 670 499 Senecta
689 454 891 499 Ecclesiae
912 452 1096 499 candida
1124 454 1204 497 erit
1228 461 1343 497 recte
1375 452 1523 508 factis,
1557 460 1696 496 morte
1729 460 1871 496 autem
1898 444 1910 513 ξ’

489 540 578 569 11011
600 534 918 584 coriumpetur.
940 524 1070 577 Quod
1087 533 1150 568 est
1172 533 1302 583 caput
1328 524 1466 579 senis,
1491 524 1575 567 hoc
1597 531 1725 567 erunt
1746 537 1873 581 opera
1899 526 1903 583 l

489 605 649 641 nostra.
672 595 837 640 Videtis
852 594 1221 655 quemadmodum
1234 603 1429 639 canescat
1443 603 1600 654 caput,
1625 603 1668 638 et
1688 591 1903 638 inalbes-

487 676 580 721 cat,
605 675 1011 744 quantumcumque
1031 674 1229 710 senectus
1253 665 1434 710 accedit.
1461 666 1542 720 Qui
1562 666 1674 709 bene
1694 664 1903 713 senescit
1900 667 1911 688 ²

489 737 641 782 ordine
653 752 748 791 suo,
764 736 921 796 quaeris
933 735 996 779 illi
1010 734 1266 795 aliquando
1256 752 1302 780 m
1313 736 1453 795 capite
1465 734 1672 795 capillum
1683 735 1870 793 nigrum,
1900 734 1903 795 j

488 816 532 851 et
546 823 636 851 non
658 807 825 851 invenis
851 826 861 851 ι
882 807 940 851 sic
964 821 1063 850 cum
1084 806 1216 851 fuerit
1247 807 1335 850 vita
1358 815 1503 850 nostra
1533 805 1628 850 talis
1643 840 1654 860 ,
1679 814 1730 849 ut
1751 821 1874 866 quae-
1900 801 1914 836 ³?

487 878 608 922 ratur
619 877 842 936 nigritudo
857 886 1130 934 peccatorum
1142 912 1152 932 ,
1170 885 1213 921 et
1230 892 1319 921 non
1331 876 1592 931 inveniatur,
1610 885 1781 920 senecta
1795 876 1875 921 ista
1900 876 1904 901 ·’

478 949 687 1010 juvenilis
712 958 796 1004 est,
822 958 994 993 senecta
1015 949 1094 993 ista
1116 947 1265 993 viridis
1289 958 1372 1004 est,
1398 963 1566 1007 semper
1587 947 1758 992 virebit.
1785 950 1877 991 Au-

488 1017 607 1063 distis
631 1017 685 1062 de
708 1017 829 1063 foeno
853 1028 1130 1078 peccatorum
1145 1054 1155 1074 ,
1178 1019 1323 1062 audite
1351 1018 1405 1063 de
1431 1027 1602 1063 senecta
1621 1018 1837 1078 justorum
1862 1032 1871 1058 :
1901 1032 1903 1075 j

491 1108 512 1131 «
541 1092 746 1134 Senectus
763 1105 858 1133 mea
874 1089 920 1132 in
935 1088 1225 1134 misericordia
1242 1090 1409 1149 pingui,
1432 1108 1451 1131 »
1902 1097 1903 1104 ¹

543 1162 645 1213 XII,
668 1179 687 1202 «
706 1163 769 1203 Et
786 1160 971 1219 respexit
989 1159 1140 1204 oculus
1162 1160 1342 1204 meusin
1365 1159 1547 1203 inimicis
1569 1158 1691 1203 meis.
1716 1177 1736 1199 »
1760 1161 1877 1211 Quos
1901 1158 1905 1204 '.

487 1229 592 1273 dicit
605 1229 800 1273 inimicos
817 1244 916 1273 suos
931 1231 948 1273 P
961 1230 1121 1273 Omnes
1138 1229 1213 1290 qui
1227 1239 1462 1289 operantur
1474 1229 1763 1289 iniquitatem.
1780 1227 1878 1273 Noli
1902 1227 1909 1269 ἶ

487 1299 712 1343 attendere
727 1299 828 1359 quia
841 1299 1002 1343 amicus
1017 1309 1117 1343 tuus
1131 1309 1195 1343 est
1208 1300 1384 1359 iniquus
1404 1319 1412 1344 ε
1431 1299 1624 1344 incurrat
1637 1298 1874 1376 negotium,
1901 1322 1910 1363 {¹

487 1379 530 1414 et
543 1369 742 1414 lbiillum
754 1370 925 1430 probas
943 1370 1102 1429 Incipis
1115 1370 1424 1415 venirecontra
1438 1370 1712 1447 iniquitatem
1727 1369 1875 1447 ipsius,
1902 1428 1904 1430 ‚

487 1451 530 1485 et
551 1441 613 1485 ibi
650 1441 839 1497 videbis,
877 1442 978 1503 quia
1011 1441 1189 1501 quando
1223 1442 1302 1486 tibi
1324 1440 1654 1495 blandiebatur
1679 1440 1894 1484 inimicus
1890 1439 1926 1504 ῐΙ

486 1521 602 1569 er·at
618 1513 693 1556 scd
707 1477 903 1557 nondiun
922 1512 1191 1572 pulsaveras,
1212 1528 1301 1556 non
1314 1522 1364 1556 ut
1379 1512 1679 1556 institueretur
1690 1511 1735 1553 in
1748 1526 1821 1554 col
1824 1505 1905 1560 de
1914 1511 1918 1517 ’

485 1549 605 1643 quod
627 1598 716 1627 non
741 1592 857 1638 erat,
883 1583 959 1627 sed
979 1592 1027 1627 ut
1044 1592 1290 1642 erumperet
1312 1583 1433 1642 quod
1450 1591 1555 1625 erat.
1581 1601 1601 1623 κ
1619 1585 1676 1625 Et
1692 1580 1904 1641 respexit
1901 1591 1910 1626 t·

490 1672 510 1695 »
547 1653 699 1698 oculus
721 1670 842 1698 mens
864 1655 910 1697 in
944 1654 1126 1698 inimicis
1160 1654 1266 1697 meis
1288 1673 1296 1698 :
1323 1662 1366 1697 et
1401 1653 1446 1696 in
1471 1653 1529 1696 eis
1550 1653 1625 1712 qui
1647 1652 1878 1709 insurgunt
1900 1654 1915 1710 ξ

489 1742 509 1765 1)
545 1724 590 1767 in
614 1739 684 1767 me
705 1724 1047 1783 malignantibus
1063 1759 1074 1779 ,
1096 1723 1244 1768 audiet
1261 1723 1374 1767 auris
1396 1726 1532 1766 mea¹.
1554 1741 1573 1763 »
1600 1722 1808 1775 Quando?
1828 1724 1877 1765 In
1901 1722 1911 1775 {1

486 1803 672 1838 senecta.
694 1794 807 1847 Quid
825 1803 913 1849 est,
933 1795 978 1837 in
994 1796 1191 1838 senecta?
1207 1797 1258 1837 In
1279 1793 1589 1838 novissimo.Et
1606 1792 1714 1852 quid
1731 1791 1879 1836 audiet
1901 1786 1909 1855 ξ

487 1865 601 1908 auris
623 1867 802 1909 nostra?
827 1868 996 1909 Stantes
1016 1864 1070 1909 ad
1087 1864 1308 1909 dextetam
1323 1864 1549 1909 audiemus
1569 1864 1690 1924 quod
1711 1863 1905 1907 dicetur
1901 1889 1914 1920 ,·

488 1935 548 1979 cis
570 1936 769 1995 quisunt
796 1935 848 1980 ad
877 1935 1118 1990 sinistram,
1155 1955 1171 1975 «
1199 1938 1263 1979 Ite
1294 1935 1337 1978 in
1365 1935 1511 1994 ignem
1540 1943 1775 1989 aeternum,
1802 1934 1879 1993 qui
1901 1935 1910 1977 i

487 2016 661 2065 paratus
683 2017 746 2051 est
768 2006 944 2051 diabolo
967 2016 1009 2051 et
1032 1971 1194 2085 angelis
1218 2008 1354 2067 eJ‘us2.
1375 2024 1395 2048 »
1410 2006 1478 2050 Ab
1497 2006 1577 2050 isto
1596 2005 1746 2050 auditu
1764 1969 1906 2049 inalo
1901 2019 1909 2107 J

480 2086 623 2137 Justus
633 2094 720 2122 non
734 2078 918 2122 timebit.
933 2077 1055 2122 Scitis
1068 2093 1168 2137 quia
1177 2076 1343 2121 dictum
1355 2077 1471 2120 estin
1483 2076 1673 2137 quodam
1688 2075 1906 2131 Psalmo,

489 2168 510 2190 «
544 2151 594 2192 In
611 2150 818 2193 memoria
840 2158 1002 2193 aeterna
1023 2149 1285 2209 eritjustus,
1310 2148 1365 2192 ab
1393 2147 1546 2191 auditu
1570 2147 1684 2191 malo
1708 2163 1798 2191 non
1821 2148 1876 2190 ti-

492 2237 512 2260 »
549 2219 725 2264 mebit3.
755 2238 774 2261 υ
802 2223 896 2272 Quo
920 2220 1073 2264 auditu
1095 2218 1242 2263 malo?
1268 2238 1289 2261 «
1316 2221 1380 2262 Ite
1401 2218 1447 2261 in
1469 2219 1614 2276 ignem
1632 2227 1845 2261 aeternum
1862 2252 1874 2272 ‚
1900 2214 1905 2262 ἐ

486 2289 563 2349 qui
585 2298 758 2348 palatus
778 2299 841 2333 est
863 2289 1038 2334 diabolo
1058 2298 1099 2333 et
1123 2289 1284 2346 angelis
1306 2290 1410 2348 ejus.
1441 2309 1461 2330 «
1488 2289 1575 2333 Et
1566 2305 1610 2332 1n
1633 2289 1691 2332 eis
1712 2288 1788 2348 qui
1809 2288 1877 2331 in·-
1901 2284 1906 2336 ἕ

490 2377 511 2401 »
546 2369 732 2418 surgunt
751 2361 796 2403 in
820 2376 888 2404 me
908 2360 1274 2419 malignantibus,
1296 2359 1443 2404 audiet
1464 2361 1576 2403 auiis
1593 2374 1754 2404 mea.»

546 2432 672 2474 XIII.
694 2431 862 2474 Transit
880 2429 1070 2485 foenum,
1092 2430 1340 2474 transitssos
1358 2439 1672 2490 peccatorum:
1697 2428 1877 2491 quidde
1900 2431 1908 2479 3

481 2501 637 2561 justis?
663 2520 683 2543 «
705 2504 728 2545 J
734 2510 852 2545 ustus
878 2511 927 2545 ut
949 2501 1092 2561 palma
1115 2501 1358 2546 florebit.»
1387 2500 1454 2545 Illi
1482 2502 1737 2546 exoriuntur
1764 2501 1876 2546 sicut
1900 2510 1907 2541 t

488 2570 662 2615 foenum
691 2591 699 2615 :
725 2591 744 2613 «
767 2574 916 2616 Justus
938 2581 987 2615 ut
1008 2571 1153 2631 palma
1181 2570 1419 2616 florebit.»
1447 2575 1497 2615 In
1515 2571 1659 2631 palma
1678 2570 1907 2623 altitudi-

491 2656 592 2686 nem
621 2642 889 2700 significavit.
916 2645 1047 2687 Forte
1069 2651 1112 2687 et
1134 2643 1218 2687 hoc
1240 2642 1496 2701 significavit
1515 2642 1560 2686 in
1582 2641 1724 2702 palma
1739 2677 1750 2697 ,
1776 2642 1877 2702 quia
1900 2614 1907 2697 l

539 2729 545 2745 ¹
567 2726 647 2758 Psal.
668 2738 732 2767 xci,
752 2736 800 2760 19..
825 2744 864 2750 —
885 2734 897 2750 ¹
912 2727 1025 2760 Matth.
1047 2736 1124 2767 xxv,
1147 2726 1199 2768 41.
1219 2742 1259 2751 —-
1279 2724 1467 2766 ³Psat.cx1‚
1483 2737 1514 2768 7.

1901 2704 1906 2729 l

1901 2749 1906 2771 1

1901 2780 1906 2796 l

1900 2819 1905 2850 ἱ

1901 2853 1906 2887 l

1899 2892 1905 2923 l

1900 2943 1905 2965 1
