1926 3339
481 282 564 322 140
914 291 948 320 s.
984 291 1213 321 Ausus-nm
1246 292 1425 319 nmscori

478 357 700 403 videamus
722 355 1093 417 quemadmodum
1118 354 1366 416 spiritaliter
1391 362 1563 413 geratur
1584 353 1629 397 in
1649 353 1854 398 Ecclesia.

481 431 572 473 Uva
600 436 715 471 certe
735 426 898 486 pendet
925 427 969 470 in
990 426 1173 480 vitibus,
1208 434 1251 469 et
1279 424 1391 469 oliva
1412 424 1457 468 in
1488 424 1743 481 arboribus,
1767 423 1859 481 (his
1924 421 1926 427 '

481 499 596 542 enim
628 498 800 541 duobus
833 496 1046 540 fructibus
1075 495 1214 538 solent
1241 493 1472 538 torcularia
1500 493 1757 554 praeparari:
1773 496 1790 551 )
1817 501 1860 537 et

480 567 674 627 quandiu
702 566 924 625 pendent
915 581 960 608 in
986 563 1214 608 fruticibus
1237 564 1345 619 suis,
1373 573 1579 624 tanquam
1603 562 1742 607 libero
1764 566 1860 607 a‘ere
1894 610 1899 615 .

480 654 556 698 pei
558 638 792 693 fruuntur
817 645 859 679 et
876 650 955 679 nec
969 650 1054 679 uva
1071 635 1222 678 vinum
1236 644 1321 689 est,
1346 651 1426 679 nec
1443 634 1555 679 oliva
1572 634 1737 689 oleum,
1759 642 1860 678 ante
1893 620 1902 734 ’ξ

480 723 736 767 pressuram.
759 707 826 750 Sic
842 714 943 749 sunt
959 706 1158 749 homines
1175 722 1284 766 quos
1299 706 1621 766 piaedestinavit
1634 708 1747 749 Deus
1761 702 1902 749 ante
1895 741 1900 771 3

480 776 636 822 saecula
669 776 910 820 contormes
931 776 1052 819 fieri
1043 776 1239 835 imaginis
1263 776 1475 835 unigeniti
1497 775 1598 819 Filii
1625 775 1688 819 sui
1710 777 1722 801 ¹
1740 811 1751 830 ,
1785 775 1861 835 qui
1895 774 1902 847 l

482 847 697 907 praecipue
715 847 759 889 in
777 845 972 905 passione
987 860 1167 903 magnus
1181 845 1332 890 botrus
1354 861 1578 905 expressus
1597 855 1674 890 est.
1697 847 1863 905 Hujus·
1897 863 1903 908 i

482 916 598 961 modi
619 932 720 975 ergo
736 917 932 960 homines
951 925 1183 975 antequam
1202 915 1413 960 accedant
1430 915 1484 960 ad
1499 916 1749 960 servitutem
1767 916 1861 970 Dei,
1896 943 1902 980 ξ

481 986 689 1031 fruuntur
703 986 747 1029 in
761 985 919 1030 saeculo
936 995 1148 1046 tanquam
1167 986 1370 1045 deliciosa
1391 986 1590 1031 libertate
1603 1021 1614 1041 ,
1631 985 1751 1030 velut
1768 1000 1865 1029 uvae
1897 991 1902 1030 l

482 1066 557 1102 aut
592 1056 716 1102 olivae
739 1056 979 1116 pendentes
1005 1076 1014 1103 :
1039 1057 1115 1102 sed
1147 1058 1355 1118 quoniam
1387 1057 1553 1102 dictum
1586 1066 1671 1112 est,
1701 1077 1721 1098 «
1752 1056 1862 1112 Fili,
1898 1077 1902 1114 3

485 1146 506 1169 »
541 1127 754 1172 accedens
779 1126 835 1171 ad
862 1128 1115 1172 servitutem
1137 1129 1238 1184 Dei,
1264 1138 1328 1173 sta
1350 1130 1396 1172 in
1413 1128 1581 1189 justitia
1614 1137 1658 1172 et
1678 1128 1834 1172 timore
1850 1162 1862 1183 ,
1898 1161 1903 1180 ,

485 1218 505 1240 »
542 1208 584 1242 et
601 1214 794 1258 praepara
812 1198 1001 1242 animam
1021 1207 1143 1243 tuam
1160 1198 1216 1243 ad
1235 1199 1523 1244 tentationem
1538 1202 1555 1225 2
1577 1218 1585 1243 :
1610 1216 1630 1239 »
1656 1197 1866 1243 accedens
1899 1204 1906 1244 ἱ

483 1270 667 1329 quisque
689 1268 745 1312 ad
765 1268 1019 1312 servitutem
1035 1269 1139 1325 Dei,
1166 1270 1221 1313 ad
1243 1269 1476 1314 torcularia
1502 1285 1545 1313 se
1567 1269 1734 1313 venisse
1761 1283 1865 1326 cog·
1900 1267 1906 1314 ‘r

483 1347 660 1394 noscat,
691 1337 1080 1394 contribulabitur,
1115 1348 1389 1396 conteretur,
1414 1340 1749 1399 comprimetur,
1777 1354 1867 1383 non
1900 1343 1917 1383 ἰ’

482 1418 531 1453 ut
554 1409 599 1453 in
619 1409 704 1453 hoc
723 1409 882 1453 saeculo
899 1419 1068 1468 pereat,
1095 1409 1171 1454 sed
1192 1419 1242 1454 ut
1263 1410 1309 1454 in
1332 1411 1562 1470 apothecas
1583 1409 1662 1454 Dei
1682 1408 1862 1454 defluat.
1900 1405 1906 1458 ἓ,

481 1481 667 1524 Exuitur
693 1479 931 1524 carnalium
956 1480 1269 1525 desideriorum
1290 1481 1625 1539 integumentis,
1656 1480 1777 1542 quasi
1805 1480 1866 1524 vi·
1919 1481 1926 1490 ”

483 1551 614 1595 naciis
636 1570 646 1595 2
670 1551 752 1595 hoe
767 1551 882 1594 enim
899 1551 936 1593 ei
957 1551 1138 1609 contigit
1152 1551 1197 1594 in
1211 1550 1429 1595 desideriis
1447 1551 1711 1602 carnalibus,
1731 1566 1866 1611 prop·
1925 1549 1926 1552 ’

484 1630 549 1664 ter
575 1637 674 1681 quae
702 1630 746 1664 et
768 1619 1001 1679 Apostolus
1024 1619 1155 1665 dicit:
1176 1640 1195 1662 «
1220 1622 1376 1665 Exuite
1405 1637 1481 1665 vos
1501 1630 1692 1666 veterem
1722 1622 1866 1666 homi·
1922 1617 1926 1632 ’

486 1709 507 1732 »
542 1707 668 1747 nem,
694 1701 736 1737 et
761 1691 930 1736 induite
958 1707 1123 1736 novum
1141 1693 1172 1736 ³.
1203 1711 1222 1733 n
1251 1695 1344 1737 Hoc
1365 1701 1506 1737 totum
1528 1708 1617 1737 non
1639 1693 1689 1736 fit
1711 1693 1791 1736 nisi
1812 1691 1867 1737 de

482 1778 693 1822 pressura.
726 1767 960 1822 Propterea
987 1762 1218 1808 torcularia
1241 1765 1524 1808 nominantur
1554 1762 1758 1808 Ecclesiae
1790 1763 1867 1808 Dei
1903 1819 1907 1835 .

482 1832 611 1889 hujus
634 1833 855 1892 temporiS.

544 1906 601 1946 ΙΙ.
626 1902 710 1948 Sed
728 1904 774 1947 in
788 1902 1079 1948 torcularibus
1093 1904 1222 1963 positi
1247 1905 1321 1964 qui
1334 1907 1508 1949 sumus?
1530 1904 1628 1949 Filii
1647 1906 1776 1950 Core.
1799 1905 1867 1949 Sic
1904 1939 1908 1953 .

483 1973 599 2017 enim
621 1973 820 2017 additum
844 1983 928 2028 est,
958 1993 978 2015 «
1003 1977 1086 2018 Pro
1117 1973 1432 2030 torcularibus,
1464 1974 1560 2018 siliis
1589 1977 1715 2019 Core.
1745 1993 1764 2017 n
1792 1975 1868 2019 Fi-
1904 1969 1908 2041 ζ

482 2043 561 2087 lios
601 2046 711 2089 Core
732 2046 1036 2104 interpretatos
1064 2045 1277 2089 habemus
1310 2045 1442 2090 Filios
1478 2044 1613 2100 calvi,
1654 2055 1868 2105 quantum
1905 2052 1908 2100 j

483 2114 608 2158 nobis
630 2115 705 2174 qui
728 2115 845 2159 illam
864 2115 1061 2174 linguam
1081 2124 1298 2159 noverunt
1314 2151 1324 2169 ,
1349 2131 1425 2175 per
1443 2116 1729 2160 ministerium
1747 2116 1868 2176 quod
1905 2101 1915 2156 ¹¹.

484 2187 572 2229 Deo
595 2184 816 2230 debebant
831 2221 841 2241 ,
868 2186 1141 2245 interpretari
1156 2195 1421 2245 potuerunt:
1443 2195 1486 2230 et
1508 2186 1553 2230 in
1576 2188 1659 2231 hoc
1676 2203 1766 2231 non
1788 2187 1868 2231 de·
1905 2200 1910 2224 ὲ

484 2252 603 2311 fugio
627 2270 835 2313 magnum
858 2256 1112 2312 mysterium
1134 2256 1313 2310 intueri,
1349 2265 1392 2300 et
1420 2255 1652 2316 adjuvante
1681 2257 1867 2302 Domino

482 2324 677 2368 invenire
697 2326 937 2370 vobiscum.
963 2328 1059 2371 Non
1083 2327 1198 2369 enim
1215 2336 1421 2386 tanquam
1441 2343 1463 2370 a
1486 2326 1583 2370 filiis
1607 2326 1867 2386 pestilentiae

484 2395 622 2439 omnis
651 2405 714 2439 est
747 2395 964 2440 irridenda
987 2396 1198 2453 calvities,
1230 2412 1285 2440 ne
1307 2412 1408 2441 cum
1442 2397 1626 2457 quisque
1653 2407 1867 2442 sacratam

485 2464 698 2509 calvitiem
718 2466 919 2521 irriserit,
945 2483 969 2511 a
985 2466 1210 2511 daemoniis
1229 2465 1474 2525 dissipetur.
1499 2470 1608 2512 Nam
1627 2477 1670 2512 et
1686 2466 1867 2511 Elisaeus

484 2536 577 2580 ibat
593 2571 605 2591 ,
631 2546 673 2580 et
694 2537 896 2581 insensati
928 2538 1049 2598 pueri
1069 2537 1364 2582 clamaverunt
1395 2546 1492 2596 post
1514 2553 1611 2582 eum
1626 2573 1636 2591 ,
1667 2557 1686 2579 a
1710 2537 1863 2593 Calve,

533 2626 540 2642 ¹
561 2622 649 2651 Rom.
672 2631 742 2660 vm,
762 2631 815 2663 ¹29.
834 2638 872 2642 —
889 2628 900 2642 ²
923 2621 1024 2653 Eccli.
1045 2632 1079 2662 ιι,
1100 2633 1126 2652 1.
1151 2638 1185 2645 ⁶-
1207 2620 1219 2644 3
1235 2621 1416 2662 C0105s.1n‚
1433 2633 1466 2664 9.
