1926 3339
383 297 624 326 ENARRATlo
657 302 700 326 m
734 301 935 328 PsALMUM
969 303 1101 328 Lxxx.
1356 294 1436 332 103

59 361 248 407 habebat
276 363 509 423 antiquitas
547 363 649 408 tales
688 363 917 409 donatores
953 380 1097 409 rerum
1127 381 1318 410 suarum.
1343 367 1438 412 Ali-

57 441 223 492 quanto
252 442 342 476 esto
363 434 571 478 curiosior
592 435 637 478 in
658 434 888 490 torculari,
914 435 1003 479 noli
1024 436 1107 479 hoc
1129 435 1269 479 solum
1291 436 1438 482 videre

57 502 177 563 quod
212 503 387 562 publice
413 504 509 548 fluit
531 516 622 549 :est
641 503 808 566 aliquid
830 506 949 566 quod
961 503 1198 566 quaerendo
1226 507 1434 551 invenias.

56 574 258 628 Discum,
290 573 416 629 audi,
451 589 662 633 cognosce
689 592 821 636 quam
854 575 983 620 multi
1014 575 1206 631 faciunt,
1241 576 1361 637 quod
1389 592 1440 621 ex

57 660 130 689 ore
147 645 319 689 Domini
341 661 442 689 eum
470 645 656 691 audisset
679 663 792 691 unus
817 647 934 692 dives
958 682 969 703 ,
995 647 1125 691 tristis
1139 647 1354 692 abscessit.
1377 650 1441 692 Ex

55 715 292 773 Evangelio
308 715 439 760 multi
458 716 642 780 audiunt
664 736 672 762 :
702 736 718 756 «
744 717 865 762 Vade
880 753 890 773 ,
915 716 1055 762 vende
1074 718 1217 762 omnia
1230 734 1329 778 quae
1346 733 1440 777 pos-

57 803 78 827 n
113 785 239 840 sides,
264 795 307 830 et
328 785 382 830 da
404 787 668 846 pauperibus
688 823 699 841 ‚
720 798 762 832 et
773 788 954 832 habebis
978 789 1228 832 thesaurum
1242 790 1287 831 in
1301 788 1439 844 coelis,

57 874 77 898 η
113 865 157 900 et
176 857 277 901 veni
300 872 480 918 sequere
496 873 565 900 me
585 860 613 900 ¹.
637 876 656 899 η
677 861 774 902 Non
796 858 982 903 attendis
1004 874 1136 918 quam
1159 859 1287 902 multi
1307 859 1352 902 id
1378 858 1442 902 fa-

53 927 204 972 ciunt?
226 928 383 982 Pauci,
412 927 639 988 inquiunt,
679 938 796 972 sunt.
830 928 917 988 Ipsi
948 939 1095 973 tamen
1126 929 1254 988 pauci
1295 928 1440 973 oleum

54 1007 182 1055 sunt3
219 1007 262 1042 et
283 998 360 1058 qui
395 997 508 1042 bene
529 1008 716 1043 utuntur
745 999 810 1043 his
835 999 965 1043 rebus
987 1015 1094 1059 quas
1115 998 1360 1058 possident,
1385 999 1440 1043 ad

53 1068 198 1114 oleum
222 1070 455 1128 pertinent.
492 1069 693 1129 Adjunge
712 1070 856 1114 omnia
872 1106 883 1125 ,
908 1080 952 1114 et
972 1069 1138 1114 videbis
1178 1070 1439 1130 patrisfami-

52 1140 129 1185 lias
165 1141 229 1184 tui
262 1140 412 1200 plenas
444 1142 689 1201 apothecas.
719 1141 842 1186 Vides
874 1151 1090 1202 raptorem
1124 1142 1296 1202 qualem
1326 1158 1441 1185 uun-

53 1227 185 1272 quam
207 1210 351 1256 vidisti
371 1231 380 1256 :
406 1212 507 1256 vide
533 1222 879 1272 contemptorem
901 1229 1046 1256 rerum
1067 1228 1244 1257 suarum
1266 1212 1441 1272 qualem

52 1298 277 1343 nunquam
294 1282 453 1327 vidisti.
476 1283 623 1327 Lauda
646 1284 873 1328 torcularia
889 1320 899 1339 ‚
923 1284 1129 1344 impletur
1144 1284 1370 1343 prophetia
1388 1283 1443 1327 (le

51 1352 342 1413 Apocalypsi:
374 1373 392 1394 «
415 1355 736 1414 Justusjustior
770 1355 866 1410 fiat,
911 1364 955 1399 et
982 1353 1180 1399 sordidus
1226 1353 1442 1398 sordescat

53 1442 74 1464 u
110 1424 255 1468 adhuc
271 1427 303 1467 ².
334 1442 353 1464 n
380 1427 494 1468 Ecce
528 1424 758 1468 torcularia
792 1425 836 1468 in
866 1425 947 1469 hac
974 1425 1186 1468 sententia
1213 1444 1223 1469 2
1252 1443 1271 1466 «
1292 1427 1441 1468 ,Iustus

53 1513 73 1536 n
103 1495 259 1555 justior
280 1495 355 1538 flat
370 1529 381 1549 ‚
414 1504 457 1538 et
478 1494 678 1539 sordidus
699 1494 915 1539 sordescat
935 1495 1093 1539 adhuc.
1123 1513 1142 1535 n

112 1568 170 1610 II.
207 1569 351 1619 Quare
373 1576 417 1609 et
443 1567 641 1619 «Quinta
664 1566 864 1610 sabbati?
890 1585 908 1607 »
935 1566 1044 1626 quid
1061 1575 1125 1610 est
1155 1566 1267 1609 hoc?
1283 1567 1440 1608 Recur-

50 1653 194 1681 ramus
217 1636 272 1681 ad
283 1637 421 1697 prima
434 1653 564 1696 opera
581 1637 680 1695 Dei,
701 1636 876 1682 neforte
895 1637 956 1681 ibi
975 1636 1140 1696 aliquid
1150 1636 1438 1689 inveniamus,

50 1724 139 1768 quo
160 1717 204 1752 et
224 1718 543 1752 sacramentum
563 1707 873 1767 intelligamus.
900 1707 1141 1753 Sabbatum
1161 1707 1277 1750 enim
1310 1706 1444 1766 septi-

52 1795 147 1824 mus
180 1778 270 1823 dies
304 1789 388 1833 est,
428 1796 517 1840 quo
545 1780 756 1840 requievit
789 1784 904 1825 Deus
933 1780 987 1823 ab
1010 1779 1215 1823 omnibus
1236 1778 1442 1838 operibus

52 1851 178 1904 suis&
193 1865 399 1909 magnum
424 1851 628 1895 intimans
647 1851 903 1908 mysterium
925 1850 1084 1911 quietis
1102 1858 1259 1894 nostrae
1281 1848 1441 1893 futurae

51 1921 107 1966 ab
123 1922 326 1966 omnibus
346 1921 549 1980 operibus
567 1921 738 1966 nostris.
757 1921 900 1965 Prima
917 1921 1087 1966 sabbati
1100 1921 1261 1965 dicitur
1276 1920 1442 1980 primus

53 1991 144 2037 dies
161 2028 173 2047 ‚
199 2008 330 2052 quem
352 1992 630 2036 Dominicum
652 1992 782 2036 etiam
802 1993 1077 2036 nominamus
1102 2011 1111 2037 :
1131 1992 1322 2036 secunda
1343 1991 1444 2035 sab-

52 2063 163 2118 bati,
187 2062 404 2108 secundus
432 2062 549 2120 dies3
582 2063 708 2107 tertia
737 2063 932 2116 sabbati,
962 2063 1114 2107 tertius
1137 2062 1252 2119 dies3
1288 2070 1442 2122 quarta

51 2134 242 2189 sabbati,
276 2143 482 2195 quartu33
508 2134 661 2194 quinta
684 2149 786 2192 ergo
822 2133 1018 2186 sabbati,
1044 2133 1223 2193 quintus
1250 2150 1272 2176 a
1296 2133 1441 2176 Domi-

51 2206 151 2250 nico
168 2205 241 2250 die
268 2225 276 2250 :
298 2214 396 2265 post
422 2220 553 2265 quem
575 2214 691 2249 sexta
713 2204 883 2249 sabbati
905 2239 916 2259 ‚
937 2213 1079 2248 sextus
1093 2203 1183 2247 dies
1204 2225 1214 2261 3
1240 2213 1282 2247 et
1297 2204 1440 2263 ipsum

50 2277 282 2322 sabbatum
299 2313 310 2331 ‚
336 2277 544 2336 septimus
573 2276 678 2320 dies.
696 2276 852 2320 Videte
883 2276 1030 2336 itaque
1053 2276 1214 2336 quibus
1234 2274 1441 2335 loquatur

50 2348 120 2392 hic
144 2347 354 2393 Psalmus.
374 2347 557 2392 Videtur
570 2347 685 2391 enim
698 2347 805 2391 mihi
823 2348 1030 2408 quoniam
1050 2346 1275 2405 baptizatis
1295 2345 1441 2405 loqui-

50 2427 136 2463 tur.
173 2419 338 2472 Quinto
375 2419 491 2463 enim
533 2418 603 2463 die
637 2422 751 2463 Deus
780 2434 829 2462 ex
858 2418 980 2478 aquis
1003 2418 1164 2462 creavit
1195 2416 1397 2460 animalia
1429 2435 1437 2460 z

51 2491 207 2549 quinto
229 2490 324 2545 die,
350 2490 396 2534 id
418 2498 506 2543 est,
532 2490 684 2549 quinta
715 2489 884 2533 sabbati
919 2488 1029 2532 dixit
1048 2491 1189 2532 Deus:
1218 2507 1237 2529 «
1268 2486 1438 2531 Produ-

55 2578 74 2602 »
109 2569 212 2604 cant
233 2577 358 2621 aquae
383 2560 553 2620 reptilia
577 2560 819 2604 animarum
844 2559 1084 2603 vivarum&
1114 2577 1132 2598 n
1154 2557 1311 2602 Videte
1338 2566 1442 2615 ‘ergo

103 2653 110 2667 ¹
133 2645 245 2677 Matth.
269 2655 332 2685 iux,
352 2653 405 2677 21.
426 2661 465 2667 -
486 2651 498 2667 ²
518 2646 614 2686 Apoc.
637 2655 717 2682 xxii,
747 2655 796 2675 11.
822 2661 863 2666 -
887 2642 901 2667 3
920 2646 998 2676 Gen.
1020 2654 1052 2683 u,
1072 2652 1103 2674 2.
1128 2660 1167 2665 —
1193 2641 1267 2673 4Id.
1284 2653 1307 2683 1,
1327 2650 1379 2674 20.
