1926 3339
480 256 563 294 430
919 265 952 293 s.
991 266 1220 293 AUGUSTINL
1253 266 1435 292 EPISCOPI

477 352 496 373 »
532 347 623 376 non
662 330 911 375 destruetur
928 334 957 374 ¹.
993 349 1013 371 »
1051 331 1177 390 Lapis
1214 330 1410 374 Christus
1442 337 1506 372 est
1539 348 1547 372 2
1579 327 1685 373 dicit
1718 338 1865 372 autem

473 402 706 462 Apostolus
731 421 740 446 z
770 421 791 444 α
821 407 1047 461 Quotquot
1071 401 1115 444 in
1134 400 1306 445 Christo
1338 399 1545 459 baptizati
1567 398 1665 442 estis
1680 434 1690 452 ‚
1714 399 1863 444 Chris-

478 492 499 515 »
535 484 628 518 tum
645 473 886 516 induistis2.
903 473 978 516 »Si
1002 471 1225 516 Christum
1243 470 1386 514 induit
1407 470 1602 530 quisquis
1620 470 1868 529 baptizatur

475 545 520 588 in
542 545 742 600 Christo,
777 543 874 602 quis
912 543 1037 601 ponit
1069 540 1258 600 lapidem
1281 556 1411 599 super
1448 540 1660 599 lapidem,
1686 540 1768 584 nisi
1790 541 1868 600 qui

476 616 740 674 baptismum
761 629 889 673 super
911 613 1177 672 baptismum
1199 612 1385 671 imponit
1401 613 1418 652 ἶ)
1433 612 1518 655 Sed
1540 612 1674 656 nolite
1697 612 1864 666 terreri,

481 704 500 726 «
534 687 633 729 Non
656 684 928 743 relinquetur
945 682 1021 742 qui
1044 698 1132 726 non
1150 681 1414 725 destruetur.
1436 701 1455 722 »
1480 682 1662 741 Lapides
1679 682 1795 726 enim
1813 681 1870 725 ad

477 755 691 798 fabricam
720 769 878 799 novam
898 788 908 808 ,
941 768 1040 812 quae
1071 752 1312 796 aedificatur
1342 760 1440 811 post
1467 752 1784 811 captivitatem,
1809 752 1869 796 sic

479 825 766 883 colliguntur,
793 834 837 869 et
858 826 916 869 sic
937 823 1035 868 illos
1056 824 1240 868 charitas
1258 824 1304 866 in
1324 824 1491 867 unitate
1513 823 1794 882 constringit,
1820 832 1870 867 ut

476 911 566 940 non
594 897 647 940 sit
663 896 770 956 lapis
792 909 922 955 super
942 893 1149 954 lapidem,
1166 893 1242 938 sed
1263 909 1377 937 unus
1398 892 1507 953 lapis
1523 893 1610 937 sint
1631 909 1781 938 omnes
1802 893 1869 938 la—

479 966 614 1026 pides.
647 969 711 1013 Ne
737 965 953 1010 miremini
975 984 984 1010 2
1008 966 1091 1009 hoc
1126 963 1229 1008 fecit
1250 964 1469 1008 canticum
1493 979 1657 1008 novum
1675 999 1686 1018 ,
1712 963 1757 1008 id
1780 973 1865 1019 est,

477 1038 561 1082 hoc
583 1037 685 1082 fecit
712 1037 936 1081 innovatio
959 1035 1193 1081 charitatis.
1221 1035 1289 1079 Ad
1321 1035 1459 1094 ipsam
1494 1044 1759 1079 structuram
1790 1050 1870 1079 nos

477 1109 716 1168 compingit
743 1107 1004 1168 Apostolus,
1045 1116 1089 1151 et
1125 1107 1172 1151 in
1197 1105 1272 1149 illa
1309 1106 1477 1149 unitate
1504 1121 1583 1150 nos
1615 1105 1870 1150 constrictos

478 1180 778 1239 compaginat,
804 1178 980 1223 dicens:
1005 1197 1025 1220 «
1054 1177 1320 1222 Sufferentes
1341 1176 1528 1220 invicem
1548 1177 1595 1219 in
1618 1176 1866 1231 dilectione,

480 1269 500 1292 >1
517 1249 740 1294 studentes
760 1264 929 1293 servare
950 1249 1165 1292 unitatem
1187 1247 1384 1307 spiritus,
1404 1246 1449 1289 in
1471 1245 1649 1290 vinculo
1673 1246 1789 1305 pacis
1804 1247 1867 1290 ³.»

478 1320 563 1365 Ubi
585 1320 729 1364 unitas
749 1320 955 1378 Spiritus,
980 1334 1096 1363 unus
1115 1317 1224 1377 lapis
1241 1338 1252 1374 3
1272 1316 1350 1361 sed
1377 1331 1491 1360 unus
1512 1316 1622 1375 lapis
1644 1315 1699 1360 de
1721 1315 1872 1360 multis

477 1390 633 1435 factus.
660 1389 893 1444 Quomodo
910 1389 964 1434 de
985 1388 1134 1433 multis
1152 1403 1266 1432 unus
1288 1387 1458 1431 factus?
1481 1385 1742 1430 Sufferendo
1764 1385 1872 1430 invi-

478 1477 573 1506 cem
595 1462 641 1506 in
656 1461 903 1505 dilectione.
919 1460 1179 1505 AEdificatur
1191 1473 1292 1516 ergo
1315 1456 1473 1502 domus
1489 1457 1663 1501 Domini
1681 1456 1758 1500 Dei
1771 1471 1874 1500 nos-

479 1532 550 1587 tri,
565 1532 807 1576 aedificatur
828 1532 936 1576 :hoc
955 1531 1021 1585 fit,
1042 1530 1126 1574 hoc
1149 1529 1290 1587 agitur
1306 1563 1316 1583 ,
1342 1529 1426 1572 hoc
1451 1543 1579 1572 voces
1601 1528 1693 1571 istae
1715 1535 1867 1585 agunt,

478 1602 562 1646 hoc
582 1602 790 1647 lectiones
806 1637 817 1657 ,
842 1603 926 1646 hoc
954 1599 1208 1661 praedicatio
1228 1597 1454 1657 Evangelii
1485 1606 1579 1642 toto
1601 1598 1707 1641 orbe
1735 1605 1874 1642 terra-

479 1688 577 1716 rum
600 1691 609 1717 ;
638 1672 782 1716 adhuc
805 1671 1062 1715 aedificatur.
1094 1669 1241 1714 Crevit
1275 1667 1466 1713 multum
1495 1667 1652 1712 domus
1679 1667 1773 1711 haec
1790 1702 1801 1723 ,
1828 1676 1873 1712 et

481 1744 640 1787 multas
659 1752 806 1802 gentes
824 1741 1023 1801 implevit
1044 1759 1053 1785 ε
1074 1739 1274 1784 nondum
1295 1748 1442 1783 tamen
1465 1753 1614 1782 omnes
1636 1747 1785 1796 gentes
1803 1752 1873 1782 oc-

480 1813 678 1872 cupavit,
703 1812 938 1856 crescendo
956 1810 1114 1854 multas
1132 1810 1298 1867 tenuit,
1323 1824 1473 1853 omnes
1491 1817 1756 1867 occupatura
1778 1817 1867 1852 est:

479 1893 522 1928 et
540 1884 853 1928 contradicitur
871 1883 926 1926 ab
949 1881 1008 1926 eis
1026 1881 1103 1941 qui
1125 1880 1386 1924 domesticos
1401 1881 1494 1939 ejus
1509 1894 1553 1923 se
1575 1893 1664 1922 esse
1686 1877 1872 1937 glorian-

480 1965 577 2011 tur,
603 1965 646 1999 et
669 1954 830 1998 dicitur
855 1974 863 1998 :
889 1956 985 1998 Jam
1009 1952 1216 1996 decrevit.
1243 1950 1400 1995 Adhuc
1417 1949 1596 2004 crescit,
1616 1948 1759 1993 adhuc
1781 1964 1871 1994 cre-

479 2025 635 2070 diturae
650 2034 752 2070 sunt
773 2038 924 2069 omnes
948 2031 1112 2082 gentes,
1138 2037 1237 2082 quae
1260 2021 1458 2065 nondum
1480 2018 1790 2065 crediderunt:
1815 2034 1871 2063 ne

478 2096 575 2156 quis
597 2096 713 2140 dicat
734 2115 743 2140 ι
764 2098 822 2139 Et
842 2093 916 2137 illa
936 2093 1088 2150 lingua
1107 2091 1325 2136 creditura
1348 2092 1443 2134 est?
1465 2099 1508 2134 et
1529 2089 1707 2133 Barbari
1729 2089 1871 2134 credi-

478 2167 565 2211 turi
582 2168 708 2211 sunt?
720 2169 776 2210 Et
789 2165 899 2226 quid
921 2164 1002 2208 sibi
1022 2163 1118 2208 vult
1135 2162 1256 2223 quod
1276 2162 1458 2221 Spiritus
1472 2170 1646 2205 sanctus
1669 2160 1872 2220 apparuit

477 2238 522 2281 in
554 2237 714 2297 linguis
747 2236 931 2295 igneis4,
968 2235 1049 2278 nisi
1079 2234 1181 2294 quia
1209 2232 1373 2276 nullius
1406 2231 1567 2289 liuguae
1588 2230 1749 2275 duritia
1770 2240 1835 2275 est
1854 2265 1866 2286 ‚

477 2324 577 2368 quae
594 2323 684 2352 non
704 2307 781 2351 illo
801 2306 903 2365 igne
920 2305 1140 2349 solvatur?
1151 2306 1303 2363 Neque
1317 2303 1434 2346 enirn
1450 2317 1539 2346 non
1552 2301 1764 2345 habemus
1777 2303 1869 2361 jam

476 2378 634 2423 multas
658 2387 806 2437 gentes
827 2376 1032 2420 barbaras
1062 2373 1293 2419 credidisse
1322 2373 1511 2418 Christo.
1537 2375 1635 2426 Quo
1669 2371 1869 2416 nondum

474 2459 727 2509 porrectum
748 2457 812 2492 est
847 2462 1079 2491 romanum
1109 2445 1339 2505 imperium
1358 2480 1369 2498 ,
1399 2446 1489 2504 jam
1512 2443 1709 2488 Christus
1731 2442 1869 2502 possi-

474 2521 550 2565 det
569 2540 578 2565 :
604 2518 726 2580 quod
747 2517 891 2562 adhuc
909 2517 1105 2561 clausum
1127 2524 1190 2559 est
1206 2515 1266 2558 eis
1286 2515 1362 2575 qui
1383 2513 1504 2558 ferro
1527 2527 1727 2573 pugnant
1741 2547 1752 2568 ,
1777 2528 1868 2557 non

524 2612 532 2628 ¹
549 2603 661 2637 Matth.
679 2614 768 2644 xxiv,
782 2611 815 2634 2.
839 2619 881 2625 —-
900 2609 913 2624 ²
929 2601 996 2633 Gal.
1017 2612 1065 2641 ni,
1088 2608 1206 2650 273—
1226 2597 1239 2622 3
1263 2598 1382 2640 Ephes.
1402 2609 1448 2640 iv,
1467 2606 1501 2639 2,
1521 2598 1552 2629 3.
1572 2615 1614 2620 —
1630 2595 1734 2630 4Act.
1754 2607 1791 2638 n,
1811 2595 1842 2628 3.
