1926 3339
292 370 533 402 munuum
566 375 598 401 ιι
630 375 676 402 m
708 373 912 404 PsALMUM
945 378 1024 417 xc,
1059 378 1197 408 sEnMO
1229 386 1276 410 11.
1379 375 1461 414 323

79 452 100 475 »
137 435 264 479 Saule
283 471 294 492 ,
319 436 426 497 quid
447 453 516 482 me
532 441 800 499 persequeris
815 443 858 485 ¹?
882 460 902 483 »
923 445 1036 488 Ecce
1059 456 1190 505 caput
1212 464 1341 494 nemo
1358 467 1461 510 per-

75 506 271 566 sequitur
283 542 294 562 ,
314 524 414 553 ecce
431 518 564 569 caput
579 510 625 554 in
642 511 756 556 coelo
774 531 783 557 ι
809 531 826 553 «
847 514 959 567 Quia
976 516 1172 562 Christus
1190 534 1415 579 resurgens
1434 540 1458 568 a

78 593 98 617 υ
131 578 312 622 mortuis
329 614 340 634 ,
354 580 444 639 jam
466 595 555 625 non
578 582 784 633 moritur,
805 593 849 629 et
870 601 984 630 mors
1006 587 1044 630 ei
1070 587 1181 633 ultra
1199 605 1289 635 non
1311 590 1456 636 domi-

76 664 97 688 »
131 647 333 693 nabitur²
354 668 365 694 ι
398 652 495 696 Νοη
523 651 731 697 accedent
753 654 808 698 ad
830 664 872 699 te
887 656 1001 702 mala
1020 693 1030 713 ,
1058 668 1101 703 et
1122 660 1345 720 flagellum
1368 679 1459 708 non

77 735 98 759 »
132 720 501 781 appropinquabit
515 723 796 770 tabernaculo
816 735 907 771 tuo.
923 729 1042 774 »Sed
1059 746 1115 774 ne
1136 742 1338 791 putemus
1358 737 1461 796 quia

73 799 319 849 separatum
342 801 404 836 est
424 803 555 852 caput
577 811 600 839 a
621 810 827 856 corpore,
852 797 1086 845 discretum
1109 812 1172 846 est
1195 805 1310 849 enim
1329 805 1457 863 locis,

72 859 147 904 sed
162 861 367 920 junctum
387 872 452 908 est
467 865 652 911 affectu:
669 866 760 926 ipsa
780 869 960 914 aflectus
983 873 1233 932 conjunctio
1256 875 1460 923 clamavit

71 928 127 974 de
148 930 261 976 coelo
278 933 467 990 :«Saule,
484 936 627 992 Saule,
643 937 751 997 quid
776 954 846 982 me
864 943 1160 1001 persequeris?
1185 963 1204 985 »
1222 948 1458 993 Prostravit

71 1002 187 1047 enim
209 1018 310 1049 eum
332 1020 438 1049 voce
457 1006 737 1066 objurgante,
765 1019 808 1054 et
833 1008 992 1055 levavit
1014 1011 1188 1059 dextera
1208 1016 1452 1064 miserante.

71 1074 155 1127 Qui
183 1090 340 1135 corpus
366 1077 525 1122 Christi
560 1081 903 1141 persequebatur
919 1117 930 1134 ‚
957 1083 1099 1130 factus
1121 1096 1184 1131 est
1205 1089 1455 1135 membrum

71 1145 258 1203 Christi,
282 1156 333 1191 ut
348 1146 470 1208 quod
487 1148 676 1194 faciebat
693 1186 703 1206 ,
724 1150 815 1211 ipse
832 1153 892 1196 ibi
908 1163 1150 1213 pateretur.

129 1219 206 1261 VI.
232 1217 348 1271 Quid
379 1235 502 1279 ergo,
535 1219 718 1266 fratres?
750 1222 805 1267 de
827 1225 968 1288 capite
991 1237 1139 1273 nostro
1161 1231 1268 1291 quid
1292 1231 1462 1278 dictum

71 1289 169 1331 est?
194 1307 214 1329 «
234 1289 451 1342 Quoniam
470 1299 518 1335 tu
539 1305 598 1347 es,
620 1293 825 1349 Domine,
846 1310 940 1355 spes
958 1312 1079 1356 mea3
1104 1299 1362 1347 altissimum
1384 1320 1460 1363 po-

73 1375 93 1398 »
127 1359 249 1402 suisti
271 1358 491 1419 refugium
512 1366 763 1409 tuum.Non
780 1365 1002 1412 Accedent
1019 1368 1073 1413 ad
1095 1379 1138 1414 te
1156 1371 1290 1429 mala,
1316 1383 1359 1418 et
1381 1375 1459 1419 ssa-

73 1446 94 1470 »
129 1428 292 1489 gellum
320 1447 410 1476 non
438 1434 808 1496 appropinquabit
840 1437 1122 1486 tabernaculo
1159 1452 1252 1488 tuo.
1282 1462 1302 1486 »
1338 1446 1462 1492 Dicta

69 1510 172 1545 sunt
192 1501 302 1547 haec.
323 1520 341 1542 «
359 1504 573 1556 Quoniam
594 1506 771 1565 Angelis
793 1508 879 1552 suis
901 1511 1126 1556 mandavit
1147 1513 1202 1557 de
1219 1523 1277 1570 te,
1302 1526 1352 1560 ut
1365 1532 1458 1563 cus-

73 1589 94 1612 »
128 1571 299 1617 todiant
319 1581 362 1617 te
392 1572 439 1618 in
466 1575 670 1621 omnibus
702 1577 781 1622 viis
815 1578 915 1623 tuis.
954 1580 1145 1626 Audistis
1168 1584 1327 1642 modo,
1355 1603 1457 1632 cum

70 1642 358 1702 Evangelium
386 1645 671 1691 recitaretur3
693 1666 702 1693 :
729 1650 955 1695 attendite.
982 1654 1229 1713 Baptizatus
1250 1659 1460 1703 Dominus

64 1713 293 1774 jejunavit.
315 1718 460 1770 Quare
483 1717 759 1778 baptizatus?
781 1722 839 1767 Ut
859 1738 948 1767 non
971 1739 1301 1784 aspernaremur
1317 1729 1466 1790 bapti-

71 1784 173 1828 zari.
194 1787 303 1830 Nam
324 1787 534 1847 cumipse
555 1791 744 1835 Joannes
759 1792 922 1839 diceret
945 1797 1158 1844 Domino:
1183 1817 1202 1841 «
1230 1803 1294 1845 Tu
1316 1802 1371 1846 ad
1393 1817 1464 1847 me

75 1873 96 1897 »
128 1856 251 1901 venis
279 1857 514 1917 baptizari3
538 1875 619 1920 ego
641 1878 665 1906 a
686 1871 729 1907 te
755 1863 895 1911 debeo
921 1866 1132 1927 baptizari
1153 1889 1162 1915 :
1193 1889 1212 1912 »
1239 1882 1282 1917 et
1303 1875 1455 1919 Domi-

75 1943 97 1967 »
130 1942 212 1971 nus
228 1962 239 1983 ,
264 1947 285 1970 «
305 1929 405 1974 Sine
426 1930 581 1989 modo,
609 1933 668 1978 sic
690 1934 807 1979 enim
828 1937 955 1982 decet
981 1955 1059 1984 nos
1085 1940 1266 2002 implere
1283 1960 1458 1992 omnem

75 2015 96 2039 »
124 1997 390 2059 justitiam14:
423 2020 443 2043 »
467 2002 606 2048 voluit
624 2004 805 2065 implere
827 2008 1118 2056 humilitatem
1140 2049 1151 2068 ,
1177 2024 1227 2059 ut
1253 2016 1457 2063 abluere-

70 2076 143 2112 tur
163 2069 240 2129 qui
259 2069 405 2115 sordes
426 2087 515 2117 non
540 2074 746 2120 habebat.
774 2079 939 2138 thuid
959 2081 1071 2126 hoc?
1094 2086 1276 2144 Propter
1304 2102 1457 2147 super-⁶

69 2139 185 2184 biam
207 2139 474 2188 futurorum.
500 2146 657 2190 Existit
679 2148 795 2192 enim
813 2149 1049 2211 aliquando
1071 2154 1227 2215 aliquis
1247 2160 1456 2204 catechu-

69 2225 238 2267 menus,
255 2213 331 2273 qui
346 2213 458 2259 forte
475 2214 673 2262 doctrina
686 2228 729 2262 et
743 2221 936 2266 moribus
951 2223 1088 2269 vincit
1102 2226 1262 2272 multos
1280 2230 1428 2276 fideles
1446 2251 1456 2277 :

69 2282 256 2327 attendit
277 2284 369 2344 jam
390 2284 627 2345 baptizatos
654 2289 814 2334 multos
836 2291 1081 2352 imperitos,
1117 2306 1160 2341 et
1184 2298 1342 2344 multos
1366 2317 1456 2346 non

69 2351 128 2396 sic
147 2353 340 2399 viventes
357 2357 580 2416 quomodo
602 2358 692 2418 ipse
709 2360 832 2416 vivit,
852 2378 940 2407 non
962 2364 1007 2407 in
1028 2374 1147 2410 tanta
1170 2370 1455 2426 continentia,

69 2437 158 2467 non
176 2423 218 2468 in
244 2434 363 2470 tanta
384 2428 578 2472 castitate
600 2448 609 2473 ;
623 2430 714 2489 jam
734 2430 807 2474 ille
830 2447 910 2477 nec
931 2449 1113 2480 uxorem
1131 2440 1314 2498 quaerit,
1341 2450 1384 2485 et
1399 2441 1460 2486 vi-

69 2492 143 2537 det
160 2493 396 2555 aliquando
426 2497 622 2554 fidelem,
648 2500 681 2543 si
702 2516 792 2545 non
814 2500 1102 2549 fornicantem
1117 2541 1127 2560 ,
1154 2516 1299 2553 tamen
1323 2527 1455 2556 uxore

67 2563 425 2626 intemperantius
455 2579 653 2614 utentem
675 2591 685 2617 :
707 2581 850 2631 potest
877 2575 1040 2634 erigere
1062 2580 1273 2624 cervicem
1299 2597 1453 2641 super-

69 2634 151 2679 biae
165 2671 177 2692 ,
201 2646 245 2681 et
260 2636 404 2682 dicere
430 2658 439 2683 :
466 2639 579 2693 Quid
597 2641 702 2685 mihi
718 2643 809 2702 jam
831 2660 940 2704 opus
957 2656 1021 2691 est
1043 2648 1276 2708 baptizari,
1301 2662 1352 2696 ut
1368 2654 1466 2699 hoc-

119 2722 218 2755 tAct.
233 2733 281 2764 ix,
299 2720 332 2765 4.
354 2738 396 2748 υ-
417 2729 433 2747 '¹
452 2726 542 2757 Rom.
559 2737 603 2766 vr,
617 2736 650 2768 9.
666 2742 710 2750 ·--
732 2725 747 2750 ³
765 2728 877 2763 Matttt
899 2740 945 2771 iv,
965 2739 996 2762 2.
1018 2749 1059 2755 --
1081 2731 1097 2762 4
1114 2734 1162 2765 Id.
1185 2746 1232 2776 111,
1262 2734 1316 2778 14,
1336 2737 1389 2772 15.

1205 2790 1274 2830 21.
