1926 3339
401 294 641 321 rzix-Aima'rro
675 293 717 336 m
752 292 951 319 PSALMUM
986 293 1103 318 xcni.
1352 282 1436 321 409

56 376 186 422 quam
209 361 253 404 in
274 360 353 404 ista
376 359 592 403 alacritate
614 357 745 402 studii
761 356 891 400 vestri
912 372 1001 400 non
1015 357 1098 400 hoc
1120 366 1337 415 appareat.
1356 358 1440 403 Sed

60 451 81 474 «
118 430 366 476 Secundum
387 428 593 473 malitiam
614 442 765 471 eorum
778 425 998 486 disperdet
1010 441 1082 470 eos
1102 426 1310 470 Dominus
1327 430 1441 471 Deus

61 522 80 545 )›
115 511 276 546 noster.
301 519 320 541 ))

116 574 282 618 XXIX.
310 570 480 615 Toleret
503 586 605 629 ergo
622 571 762 630 justus
785 569 995 629 injustum
1016 588 1026 625 3
1049 567 1204 613 toleret
1220 577 1442 628 tempora-

56 644 142 688 lem
173 642 475 702 impunitatem
505 641 651 701 injusti
692 639 940 700 temporalis
985 639 1109 683 labor
1133 639 1238 699 justi
1264 658 1273 684 :
1304 658 1324 681 (ι
1358 638 1442 684 Sed

59 732 80 756 »
110 715 251 774 justus
269 729 321 756 ex
341 713 427 756 fide
446 712 550 756 vivit
569 715 598 756 ¹.
624 730 643 752 »
667 714 762 756 Non
787 720 848 755 est
869 711 985 754 enim
1011 709 1092 754 alia
1113 709 1277 770 justitia
1301 710 1443 754 homi-

57 783 123 828 nis
154 783 199 827 in
221 784 302 828 hac
330 784 414 826 vita
435 818 446 837 ,
483 783 563 837 nisi
588 797 638 825 ex
672 782 758 825 fide
792 782 935 825 vivere
959 816 969 835 ‚
1008 796 1106 840 quae
1138 795 1215 839 per
1243 778 1443 824 dilectio-

58 853 158 898 dem
190 862 394 913 operatur
417 855 448 896 ².
489 853 530 897 Si
565 861 709 896 autem
741 867 791 895 ex
822 849 909 894 fide
943 850 1074 904 vivit,
1109 848 1256 893 credat
1286 858 1329 892 et
1362 850 1443 893 sibi

57 924 250 968 futuram
274 924 467 983 requiem
490 931 587 982 post
617 930 874 981 praesentem
904 920 1097 963 laborem
1114 955 1125 973 ‚
1163 928 1205 963 et
1226 918 1309 963 illis
1332 935 1444 963 sem-

55 994 247 1054 piternos
262 993 477 1037 cruciatus
495 1001 592 1051 post
604 1001 860 1051 praesentem
878 989 1205 1034 exultationem.
1224 992 1279 1033 Et
1292 989 1325 1033 si
1338 989 1444 1033 fides

56 1080 134 1125 per
148 1063 425 1109 dilectionem
443 1073 662 1123 operatur,
680 1062 832 1122 diligat
848 1062 976 1106 etiam
988 1061 1184 1106 inimicos
1197 1061 1230 1116 ³,
1246 1069 1289 1103 et
1303 1076 1446 1120 quan-

58 1145 152 1180 tum
169 1135 214 1178 in
236 1136 329 1194 ipso
351 1144 414 1179 est
429 1170 439 1190 ⁷
460 1134 662 1194 prodesse
678 1132 761 1177 illis
782 1132 886 1177 velit
907 1151 915 1177 ε
937 1133 995 1175 ita
1010 1131 1126 1175 enim
1142 1129 1269 1174 faciet
1290 1146 1344 1174 ne
1364 1130 1446 1174 sibi

58 1205 201 1250 obsint
222 1204 312 1259 illi,
338 1220 438 1248 cum
473 1205 556 1248 hoc
589 1202 738 1248 velint.
766 1206 823 1247 Et
844 1201 1022 1262 quando
1054 1200 1166 1245 forte
1186 1209 1445 1260 potestatem

58 1275 301 1334 acceperint
314 1275 433 1335 quasi
447 1274 632 1318 nocendi
647 1282 688 1317 et
701 1272 955 1317 dominandi
968 1293 979 1329 3
994 1287 1162 1315 sursum
1179 1287 1254 1316 cor
1266 1271 1443 1326 haheat,

57 1345 135 1389 ubi
158 1345 196 1388 ei
219 1360 347 1388 nemo
375 1354 527 1399 nocet,
559 1343 739 1388 edoctus
767 1353 809 1386 et
837 1342 1031 1386 eruditus
1055 1358 1105 1385 ex
1132 1345 1244 1399 Lege
1267 1342 1369 1395 Dei,
1396 1349 1447 1384 ut

58 1415 279 1473 mitigetur
300 1431 323 1458 a
345 1414 498 1457 diebus
518 1413 718 1472 malignis
734 1449 744 1467 ,
771 1414 910 1457 donec
933 1411 1123 1457 fodiatur
1145 1411 1360 1471 peccatori
1378 1410 1446 1455 fo-

57 1500 152 1529 vea.
173 1485 214 1530 Si
232 1485 346 1528 enirn
364 1485 409 1528 in
432 1488 546 1543 Lege
569 1484 739 1528 Domini
762 1483 962 1528 voluntas
985 1484 1075 1542 ejus
1091 1491 1175 1537 est,
1202 1491 1245 1526 et
1269 1482 1314 1525 in
1332 1485 1446 1540 Lege

59 1557 150 1616 ejus
174 1555 457 1599 meditabitur
479 1555 548 1598 die
563 1571 612 1598 ac
629 1556 782 1599 nocte4
804 1590 814 1610 ⁷
831 1555 953 1614 cujus
972 1554 1241 1598 conversatio
1259 1553 1305 1596 in
1327 1552 1447 1597 coelis

59 1628 145 1670 est⁵
164 1661 174 1681 ,
203 1626 257 1669 (10
278 1627 552 1669 firmamento
570 1624 686 1669 lucet
709 1640 838 1684 super
868 1634 1023 1668 terram
1052 1643 1060 1669 z
1084 1624 1204 1667 unde
1226 1624 1305 1667 iste
1329 1622 1449 1667 Psal-

59 1713 154 1742 mus
178 1696 356 1740 titulum
375 1695 429 1740 de
450 1705 604 1755 quarta
625 1696 793 1739 sabbati
811 1695 976 1754 accepit
995 1730 1005 1749 ,
1027 1695 1205 1755 quaudo
1223 1694 1450 1738 factasunt

59 1767 318 1812 luminariaG
348 1786 356 1810 :
384 1775 431 1810 ut
453 1766 595 1809 omnia
620 1764 751 1809 faciat
772 1765 863 1809 sine
879 1765 1244 1818 murmuratione,
1265 1765 1449 1808 verbum

60 1839 162 1883 vitae
178 1838 343 1881 hahens
365 1837 407 1880 in
427 1838 602 1881 natione
633 1845 828 1880 tortuosa
850 1845 892 1880 et
918 1852 1114 1895 perversa
1134 1838 1164 1879 ⁷.
1194 1835 1313 1880 Sicut
1335 1835 1449 1877 enim

62 1907 204 1952 stellas
226 1908 270 1950 in
285 1906 398 1950 00010
421 1923 510 1950 non
533 1906 745 1964 extinguit
767 1921 850 1950 nox
873 1925 881 1949 z
908 1906 966 1949 sic
987 1914 1152 1949 mentes
1174 1904 1370 1948 fidelium
1389 1905 1452 1947 in-

61 1979 274 2022 haerentes
297 1977 569 2020 firmamento
595 1977 826 2035 Scripturae
850 1976 925 2019 Dei
949 1991 1037 2019 non
1066 1975 1200 2018 vincit
1227 1974 1447 2033 iniquitas.

62 2051 119 2092 Et
143 2048 226 2091 hoc
256 2047 395 2106 ipsum
428 2047 546 2106 quod
582 2055 726 2090 nostra
755 2055 922 2090 terrena
945 2045 1106 2089 dantur
1144 2044 1378 2104 aliquando
1406 2044 1452 2086 in

63 2127 319 2178 potestatem
341 2116 578 2171 malorum,
599 2132 686 2160 non
708 2116 849 2160 solum
869 2117 923 2160 ad
943 2126 1130 2160 nostram
1148 2116 1333 2174 pertinet
1351 2131 1454 2158 eru-

65 2188 273 2232 ditionem
292 2223 302 2242 ,
328 2197 376 2230 ut
398 2188 472 2230 fiat
495 2187 619 2230 nobis
641 2187 852 2230 Dominus
874 2187 918 2230 in
940 2185 1155 2243 refugium
1177 2221 1186 2240 ‚
1213 2195 1256 2228 et
1282 2188 1392 2229 Deus
1409 2185 1455 2228 in

0 2277 1 2280 ¹
65 2258 274 2302 auxilium
299 2258 385 2316 spei
413 2266 598 2314 nostrae3
634 2257 709 2300 sed
746 2257 874 2300 etiam
899 2256 950 2300 ad
975 2255 1105 2316 ipsius
1132 2255 1368 2315 peccatoris
1385 2254 1454 2299 fo-

65 2344 187 2373 veam
215 2328 409 2387 proficit,
435 2327 490 2370 de
515 2343 603 2386 quo
624 2327 669 2371 in
691 2327 773 2370 alio
802 2326 971 2371 Psalmo
992 2326 1154 2371 dicitur
1171 2362 1181 2381 ‚
1218 2345 1234 2366 «
1265 2325 1457 2370 Inclina-

70 2417 89 2440 »
126 2399 244 2442 bitur
261 2408 303 2442 et
324 2399 476 2453 cadet,
505 2413 605 2441 cum
634 2398 932 2441 dominabitur
967 2413 1209 2457 pauperum
1226 2399 1257 2440 8.
1287 2415 1306 2437 »

115 2472 394 2513 XXXAEortc
409 2485 588 2513 onerosa
602 2468 685 2513 fuit
697 2469 820 2513 vobis
832 2469 1063 2527 longitudo
1074 2468 1281 2513 sermonis
1299 2487 1307 2512 ;
1325 2483 1459 2527 quan-

117 2573 125 2588 ¹
146 2568 226 2597 Rom
263 2577 295 2606 1,
333 2577 381 2608 ¹7·
403 2583 444 2588 -—
465 2573 476 2588 ²
501 2566 558 2597 Gal
594 2577 625 2604 v,
644 2567 674 2597 6.
706 2583 737 2588 -—
770 2566 782 2588 3
812 2565 993 2606 Matth.1v‚
1024 2563 1079 2607 44.
1106 2582 1147 2587 -—
1173 2564 1190 2593 4
1218 2564 1294 2595 Psal.
1320 2575 1343 2604 1,
1366 2573 1398 2595 2.
1420 2580 1459 2586 -
1480 2598 1487 2603 ,

72 2620 84 2644 5
102 2622 200 2664 Philip
234 2633 278 2661 ui,
298 2631 348 2652 ¹20,
378 2620 440 2643 -Κ
463 2624 539 2653 Gon.
562 2634 583 2661 ῑ,
610 2621 660 2661 14.
693 2639 730 2643 —
752 2629 764 2653 7
787 2622 898 2663 Philip.
924 2634 959 2654 ιι.
985 2624 1032 2652 16.
1061 2639 1097 2642 —-
1126 2619 1139 2640 ⁵
1162 2620 1240 2651 Psal.
1264 2631 1309 2657 ix,
1335 2631 1383 2650 10.
