1926 3339
495 354 579 394 364
931 366 965 395 s.
1002 367 1232 396 AUGUSTINI
1266 369 1445 397 muscom

496 450 516 472 «
550 447 820 492 suspensurae
843 432 970 477 maris
986 468 996 487 ‚
1031 450 1051 474 n
1077 433 1293 477 mirabiles
1316 433 1461 486 minae,
1487 431 1703 476 mirabiles
1724 445 1874 491 perse-

491 503 702 557 cutiones,
728 504 802 547 sed
827 503 926 547 vide
951 503 1058 564 quid
1083 504 1279 564 sequitur
1305 524 1313 549 :
1344 523 1364 546 «
1390 502 1599 551 Mirabilis
1628 503 1674 546 in
1703 501 1876 546 excelsis

493 592 514 614 »
550 573 775 618 Dominus.
813 591 832 613 n
876 576 1134 632 Compescat
1172 590 1215 618 se
1251 590 1353 633 ergo
1381 589 1515 629 mare,
1562 582 1605 617 et
1641 569 1876 631 aliquando

491 643 819 704 tranquilletur,
862 643 990 687 detur
1015 660 1096 702 pax
1128 644 1394 688 Christianis.
1430 644 1706 688 Turbabatur
1733 657 1871 695 mare,

491 714 734 758 fluctuabat
756 714 967 758 navicula.
988 714 1192 759 Navicula
1216 713 1407 758 Ecclesia
1427 723 1507 768 est,
1527 728 1645 757 mare
1667 711 1875 757 saeculum

488 793 566 828 est.
608 785 733 827 Venit
768 785 1003 839 Dominus,
1036 783 1278 828 ambulavit
1309 800 1438 843 super
1473 799 1616 839 mare,
1651 792 1693 827 et
1723 782 1877 842 pressit

490 854 649 898 fluctus
665 857 694 897 ¹.
727 854 956 907 Quomodo
984 854 1222 898 ambulavit
1245 855 1455 899 Dominus
1478 869 1605 914 super
1625 855 1770 897 mare?
1795 855 1877 897 Su-

487 939 565 983 per
592 925 731 984 capita
771 925 953 969 istorum
988 926 1207 970 fluctuum
1248 941 1507 985 magnorum
1560 924 1872 984 spumantium.

489 999 740 1051 Potestatcs‚
767 1005 809 1039 et
833 1012 950 1054 reges
972 996 1251 1040 crediderunt
1268 1032 1278 1048 ‚
1305 997 1523 1057 subjugati
1557 1004 1658 1039 sunt
1685 995 1872 1040 Christo.

487 1069 603 1125 Ergo
627 1083 714 1110 non
737 1077 986 1121 terreamur,
1008 1068 1109 1127 quia
1138 1086 1157 1109 ‹<
1179 1068 1397 1111 Mirabiles
1416 1082 1687 1126 suspensurae
1709 1065 1836 1110 maris
1864 1083 1871 1107 :

490 1155 511 1178 ³>
545 1137 752 1181 Mirabilis
770 1138 813 1180 in
837 1137 1008 1182 excelsis
1024 1135 1248 1182 Dominus.
1274 1157 1293 1178 η

545 1210 666 1251 VIII.
698 1226 717 1248 «
750 1207 1011 1252 Testimonia
1039 1218 1113 1252 tua
1158 1208 1320 1252 credita
1356 1206 1467 1252 facta
1505 1217 1606 1252 sunt
1643 1208 1814 1252 nimis².
1852 1226 1870 1248 »

485 1278 622 1336 Magis
646 1293 776 1337 quam
797 1279 1011 1322 mirabiles
1028 1289 1151 1323 erant
1171 1295 1443 1339 suspensurae
1467 1280 1609 1333 maris,
1631 1289 1674 1322 et
1695 1278 1876 1321 mirabi-

484 1346 534 1390 lis
568 1347 611 1390 in
647 1347 820 1392 excelsis
855 1349 1078 1393 Dominus.
1115 1369 1135 1391 «
1173 1350 1434 1394 Testimonia
1462 1360 1537 1394 tua
1572 1349 1733 1393 credita
1764 1348 1875 1392 facta

487 1434 506 1457 >›
542 1427 643 1462 sunt
665 1419 806 1462 nimis.
838 1420 1099 1464 Testimonia
1122 1429 1212 1475 tua,
1239 1439 1259 1461 »
1286 1421 1387 1481 quia
1417 1419 1583 1464 dixerat
1604 1419 1715 1463 illud
1737 1428 1837 1462 ante
1863 1438 1872 1462 :
1916 1449 1920 1476 3

488 1506 508 1529 α
543 1491 647 1532 Haec
671 1488 769 1533 dico
801 1490 946 1545 vobis,
982 1500 1032 1534 ut
1061 1491 1107 1534 in
1131 1507 1201 1534 me
1222 1507 1375 1550 pacem
1396 1491 1607 1545 babeatis,
1639 1491 1684 1533 in
1707 1488 1875 1533 mundo
1905 1500 1907 1503 ·

485 1577 505 1598 ))
541 1569 687 1603 autem
710 1562 1026 1619 pressuram-⁶5.»
1052 1565 1168 1620 Ergo
1191 1563 1292 1622 quia
1317 1562 1509 1606 mundus
1531 1576 1776 1622 pressuram
1799 1575 1876 1603 vo-

484 1630 546 1674 bis
568 1630 762 1674 {licturus
785 1641 861 1684 est,
889 1632 986 1676 (lico
1015 1633 1150 1677 vobis.
1182 1635 1424 1692 Coeperunt
1448 1633 1555 1692 pati,
1584 1641 1627 1675 et
1649 1632 1875 1676 confirma-

481 1710 583 1744 runt
605 1702 649 1744 in
681 1718 724 1745 se
747 1702 868 1763 quod
892 1702 973 1747 illis
1008 1704 1267 1763 praedixerat
1292 1701 1502 1748 Dominus
1520 1739 1530 1758 ‚
1558 1713 1600 1747 et
1626 1703 1758 1760 magis
1792 1702 1875 1746 for-

480 1782 542 1817 tes
560 1783 661 1817 sunt
685 1775 802 1818 sacti.
829 1778 941 1819 Cum
966 1777 1081 1819 enim
1097 1776 1308 1821 videbant
1324 1775 1495 1835 impleri
1513 1776 1556 1818 in
1578 1791 1621 1819 se
1638 1775 1871 1834 passiones,

479 1845 711 1903 sperabant
744 1846 952 1905 compleri
975 1847 1019 1889 in
1043 1862 1086 1890 se
1114 1856 1156 1890 et
1178 1863 1374 1891 coronas.
1408 1850 1465 1890 Et
1485 1847 1584 1890 idco
1611 1866 1630 1888 «
1655 1845 1875 1891 Mirabiles

481 1932 501 1955 »
537 1931 807 1974 suspensurae
839 1917 966 1959 maris
996 1917 1206 1961 mirabilis
1228 1919 1272 1961 in
1291 1917 1468 1961 excelsis
1491 1918 1716 1961 Dominus.
1753 1917 1875 1960 Utin

479 2004 497 2025 »
534 2001 620 2039 me,
647 1986 790 2046 inquit
810 2022 820 2042 ,
847 2003 999 2046 pacem
1022 1988 1217 2031 babeatis
1234 2023 1244 2042 ‚
1270 1989 1315 2031 in
1340 1987 1508 2031 mundo
1531 1997 1676 2032 autem
1701 2002 1873 2046 pressu-

478 2074 497 2096 »
534 2072 640 2100 ram.
678 2076 697 2098 »
740 2060 853 2115 Ergo
882 2057 989 2117 quid
1019 2057 1231 2101 facimus?
1267 2059 1397 2102 Saevit
1425 2073 1565 2112 mare,
1603 2057 1875 2101 extolluntur

475 2128 634 2172 [luctus
657 2138 699 2172 et
723 2128 862 2172 rabidi
881 2128 1090 2183 fremunt,
1111 2145 1331 2188 pressuras
1350 2130 1541 2188 patimur
1568 2148 1576 2173 z
1599 2144 1746 2173 nonne
1761 2126 1874 2172 forte

473 2200 724 2244 deficimus?
748 2201 885 2243 Absit.
917 2220 936 2241 «
953 2200 1162 2245 Mirabilis
1182 2201 1227 2243 in
1249 2200 1424 2245 excelsis
1449 2202 1675 2244 Dominus.
1706 2218 1725 2240 »
1750 2199 1872 2244 Adeo

472 2280 514 2314 et
534 2270 596 2313 ibi
617 2287 719 2314 cum
740 2270 931 2315 diceret:
953 2273 1047 2314 «Ut
1067 2271 1112 2313 in
1131 2286 1200 2313 me
1223 2287 1374 2329 pacem
1397 2271 1610 2325 habeatis,
1635 2271 1681 2314 in
1704 2270 1871 2314 mundo

473 2360 492 2382 n
530 2351 673 2385 autem
693 2357 935 2400 pressuram
961 2361 969 2385 :
999 2360 1019 2382 »
1046 2342 1168 2401 quasi
1191 2341 1403 2396 dicerent,
1431 2346 1562 2386 Putas
1586 2358 1674 2386 non
1697 2351 1869 2401 premet

471 2427 548 2455 nos
576 2411 793 2466 mundus,
831 2421 874 2455 et
899 2412 1123 2469 extinguet
1154 2414 1262 2455 nos?
1298 2412 1442 2455 statim
1482 2411 1692 2471 subjecit,
1731 2430 1748 2451 «
1787 2410 1871 2456 Sed

473 2501 493 2524 »
530 2483 732 2541 gaudete,
770 2482 870 2541 quia
894 2497 973 2539 ego
1005 2482 1086 2525 vici
1116 2482 1405 2525 saeeulum⁴.»
1441 2481 1483 2525 Si
1506 2498 1609 2540 ergo
1629 2482 1708 2537 ait,
1739 2485 1869 2540 «Ego

473 2572 493 2594 »
527 2553 614 2598 vici
633 2552 859 2607 saeculum,
869 2571 888 2593 »
907 2551 1125 2596 adhaerete
1137 2552 1215 2607 illi,
1231 2552 1307 2612 qui
1320 2552 1426 2596 vicit
1438 2552 1665 2607 soeculum,
1679 2552 1867 2612 quivicit

470 2641 603 2670 mare.
628 2625 824 2669 Gaudete
846 2625 901 2668 ad
923 2640 1039 2678 eum,
1065 2623 1168 2684 quia
1189 2623 1397 2668 mirabilis
1420 2633 1484 2668 est
1506 2623 1552 2668 in
1574 2623 1748 2669 excelsis
1775 2627 1863 2668 Do-
1897 2646 1901 2668 ε

517 2717 525 2732 ¹
547 2710 658 2742 Mattln.
678 2709 817 2751 x1v‚24‚
841 2709 895 2741 253.
918 2726 958 2731 ...-
978 2716 989 2731 ²
1010 2709 1088 2741 psal.
1107 2720 1179 2750 ¹1:11,
1197 2708 1228 2741 5.
1251 2726 1292 2732 --
1310 2706 1323 2731 3
1344 2711 1435 2741 Joan.
1460 2719 1494 2748 x,
1517 2709 1568 2741 33.
1590 2726 1631 2732 —
1655 2708 1670 2738 4
1696 2709 1776 2740 Ibid.

1914 1487 1922 1560 l

1911 1562 1919 1766 ἔ

1909 1767 1916 1912 ,ἐ

1908 1917 1914 2000 l

1906 2003 1912 2106 l

1901 2425 1905 2455 i

1900 2463 1905 2481 s.

1900 2479 1905 2529 l

1897 2711 1901 2743 ἱ
