1926 3339
465 312 519 350 64
902 316 935 342 s.
971 313 1199 341 Aucusrmi
1224 310 1403 338 EPISCOPI

467 407 486 429 »
525 386 706 444 loseph,
736 392 778 427 et
799 381 963 425 tribum
986 377 1190 436 Ephraem
1215 390 1305 418 non
1325 374 1469 433 elegit.
1501 396 1518 416 »
1546 375 1629 419 Ub1
1650 389 1722 434 per
1753 391 1844 419 naec

465 455 660 517 praeclari
682 452 823 496 meriti
847 449 1022 493 nomina
1039 481 1049 501 ,
1076 444 1184 505 quid
1201 443 1322 488 aliud
1341 460 1474 504 quam
1491 446 1743 489 universum
1765 460 1845 503 po-

464 526 618 586 pulum
640 522 763 567 illum
785 528 955 565 vetusta
972 514 1210 575 cupiditate
1232 530 1256 558 a
1275 515 1460 559 Domino
1478 524 1648 559 terrena
1668 515 1847 574 praemia

465 595 755 655 requirentem
769 626 780 645 ‚
804 587 1029 648 repulsum
1050 593 1093 628 et
1114 583 1392 642 reprobatum
1408 583 1714 642 intelligimus3
1737 583 1848 628 elec-

467 676 557 710 tam
585 672 730 706 autem
765 661 930 703 tribum
957 656 1096 710 Juda,
1121 669 1211 698 non
1242 669 1322 714 pro
1351 654 1512 698 meritis
1539 655 1672 714 ipsius
1694 654 1848 699 Judae?

467 741 613 792 Longe
645 732 807 792 quippe
839 730 1003 789 majora
1026 734 1128 770 sunt
1155 725 1308 769 merita
1337 726 1521 785 Joseph,
1557 726 1632 770 sed
1662 740 1740 785 per
1767 726 1848 769 tri-

468 807 575 851 bum
597 807 618 848 J
625 802 710 847 uda
725 837 737 858 ‚
762 799 970 862 quoniam
991 795 1094 842 inde
1114 796 1254 840 extitit
1269 796 1469 842 Christus
1490 795 1731 841 secundum
1752 812 1849 841 car-

465 891 588 929 nem,
614 887 777 918 novum
795 868 1008 930 populum
1025 866 1186 913 Christi
1207 864 1271 909 illi
1287 866 1453 925 populo
1470 867 1604 910 veteri
1620 866 1849 926 praelatum

470 945 689 1003 Scriptura
701 950 899 994 testatur,
915 936 1134 998 aperiente
1154 936 1334 980 Domino
1349 936 1395 979 in
1413 936 1628 995 parabolis
1644 952 1690 981 os
1703 951 1847 981 suum.

469 1017 564 1060 Jam
598 1011 699 1056 inde
735 1011 866 1054 etiam
899 1006 1021 1068 quod
1051 1005 1272 1066 sequitur,
1308 1025 1328 1048 «
1352 1009 1547 1051 Montem
1581 1008 1684 1051 Sion
1719 1022 1853 1067 quem

474 1104 492 1125 »
527 1082 699 1136 dilexit,
734 1099 754 1122 »
787 1078 1022 1124 Ecclesiam
1045 1075 1206 1121 Christi
1227 1075 1379 1120 melius
1413 1076 1723 1135 intelligimus,
1761 1092 1854 1121 non

468 1165 646 1215 propter
663 1152 884 1213 praesentis
907 1148 1112 1208 temporis
1127 1141 1337 1192 beneficia
1355 1148 1538 1192 carnalia
1556 1151 1695 1192 Deum
1710 1147 1855 1192 colen-

469 1236 555 1271 tem
570 1262 580 1280 ‚
606 1225 682 1269 sed
704 1222 851 1268 futura
873 1230 916 1265 et
937 1229 1097 1264 aeterna
1120 1219 1296 1278 praemia
1317 1218 1452 1263 oculis
1474 1218 1576 1263 fidei
1604 1218 1735 1278 longe
1756 1233 1853 1278 spe-

468 1297 687 1341 culantem
710 1313 719 1338 :
740 1308 840 1337 nam
859 1301 902 1336 et
927 1291 1029 1336 Sion
1047 1288 1291 1348 speculatio
1315 1289 1640 1349 interpretatur.

527 1368 649 1410 XLII
659 1401 667 1410 .
695 1365 890 1424 Denique
920 1362 1138 1422 sequitur,
1169 1380 1189 1403 a
1211 1363 1267 1405 Et
1289 1360 1518 1405 aedificavit
1538 1362 1648 1405 sicut
1674 1361 1853 1405 unicor-

475 1459 491 1479 »
527 1452 716 1481 nuorum
747 1433 1132 1479 sanctificationem
1153 1447 1274 1475 suam
1292 1435 1303 1456 ¹
1335 1450 1387 1476 2»
1418 1431 1508 1487 vel,
1544 1432 1653 1476 sicut
1675 1431 1854 1492 quidam

469 1508 724 1566 interpretes
771 1504 955 1548 verbum
997 1516 1160 1545 novum
1211 1501 1408 1545 fecerunt
1425 1536 1435 1555 ‚
1486 1520 1505 1543 «
1557 1502 1855 1546 Sanctificium

475 1598 494 1620 »
528 1593 670 1621 suum.
707 1594 726 1616 »
760 1573 999 1619 Unicornui
1028 1581 1144 1615 recte
1166 1571 1492 1631 intelliguntur,
1518 1588 1706 1632 quorum
1730 1573 1855 1616 firma

470 1663 565 1707 spes
586 1647 632 1690 in
654 1660 792 1689 unum
821 1642 934 1686 illud
951 1641 1132 1699 erigitur
1148 1676 1158 1696 ,
1186 1640 1241 1685 de
1266 1658 1355 1702 quo
1376 1642 1483 1686 alius
1506 1641 1611 1686 dicit
1635 1642 1851 1697 Psalmus‚

474 1737 494 1760 «
522 1719 661 1761 Unam
683 1713 817 1774 petivi
832 1711 1077 1766 aDomino‚
1098 1711 1211 1754 hanc
1230 1713 1447 1771 requiram
1462 1715 1494 1755 ².
1517 1730 1536 1753 »
1560 1712 1854 1757 Sanctificium

470 1803 572 1832 vero
605 1786 682 1831 Dei
717 1794 801 1839 est,
839 1781 1081 1828 secundum
1116 1781 1359 1840 apostolum
1394 1786 1593 1838 Petrum,
1634 1782 1856 1827 intellecta

475 1876 492 1897 «
530 1857 658 1901 Plebs
680 1864 827 1900 sancta
848 1864 892 1898 et
913 1850 1056 1910 regale
1087 1852 1376 1896 sacerdotium
1393 1853 1427 1895 ³.
1454 1871 1474 1894 »
1499 1853 1628 1906 Quod
1661 1868 1763 1898 vero
1785 1867 1854 1896 se-

471 1928 622 1987 quitur
641 1962 652 1982 ,
681 1946 701 1967 «
728 1929 779 1969 In
810 1935 921 1969 terra
943 1936 1075 1983 quam
1108 1919 1309 1966 fundavit
1335 1921 1381 1965 in
1403 1931 1616 1966 aeternum
1643 1942 1652 1968 2
1677 1943 1695 1965 »
1733 1921 1856 1983 quod

470 1998 633 2041 habent
667 1995 792 2053 graeci
824 1992 992 2038 codices
1021 2001 1124 2039 ιῑςτὸν
1142 1998 1259 2039 inova,
1292 2000 1441 2036 utrum
1480 2012 1501 2035 «
1531 1995 1580 2037 In
1610 2002 1852 2047 aeternum,

473 2086 495 2109 »
529 2083 583 2111 an
606 2067 652 2110 in
673 2065 882 2110 saeculum
913 2083 932 2105 >›
965 2065 1134 2109 dicatur
1156 2079 1179 2106 a
1202 2062 1352 2117 nobis,
1383 2064 1428 2106 in
1461 2062 1696 2107 latinorum
1718 2063 1856 2108 inter-

470 2146 643 2197 pretum
674 2144 887 2195 potestate
919 2144 1010 2193 est3
1043 2133 1252 2195 quoniam
1285 2142 1522 2193 utrumque
1552 2134 1762 2192 significat
1782 2153 1791 2179 :
1812 2143 1856 2179 et

470 2206 569 2251 ideo
589 2207 673 2250 hoc
699 2205 746 2248 in
766 2204 910 2248 latinis
933 2205 1179 2259 codicibus,
1203 2203 1315 2247 illud
1333 2203 1378 2247 in
1401 2203 1491 2248 aliis
1508 2204 1743 2249 invenitur.
1770 2207 1856 2249 Ha-

471 2276 578 2320 bent
601 2275 734 2336 aliqui
751 2275 881 2319 etiam
903 2272 1153 2335 pluraliter,
1178 2272 1225 2317 id
1243 2283 1329 2329 est,
1359 2293 1380 2315 «
1404 2277 1455 2317 In
1477 2272 1634 2318 saecula
1654 2294 1663 2319 :
1687 2293 1708 2316 »
1733 2273 1857 2334 quod

470 2346 517 2389 in
550 2347 697 2404 graecis
729 2360 838 2406 quos
865 2344 1098 2388 habuimus
1116 2378 1127 2399 ,
1152 2359 1241 2387 non
1263 2343 1521 2388 invenimus.
1547 2345 1648 2398 Quis
1673 2360 1777 2390 vero
1799 2345 1854 2388 fi-

471 2415 635 2459 delium
660 2415 834 2459 dubitet
855 2413 1118 2468 Ecclesiam,
1144 2414 1309 2458 etiamsi
1331 2413 1422 2457 aliis
1444 2414 1730 2470 abeuntibus,
1761 2413 1854 2459 aliis

470 2486 742 2529 venientibus
759 2501 810 2529 cx
825 2485 906 2529 hac
923 2485 1012 2528 vita
1033 2482 1274 2528 mortaliter
1298 2484 1474 2540 transit,
1496 2494 1644 2530 tamen
1659 2485 1706 2530 in
1723 2494 1852 2530 aeter-

472 2571 579 2600 num
598 2571 685 2599 esse
702 2554 958 2599 fundatam?

521 2645 529 2661 ¹
551 2639 630 2671 Psal.
647 2649 764 2680 invit,
782 2639 836 2680 (39.
858 2653 898 2660 —·
915 2644 928 2660 ¹
947 2637 993 2670 Id.
1015 2648 1103 2679 xxvr,
1119 2636 1150 2679 4.
1172 2654 1213 2660 -—
1241 2636 1254 2661 ³
1276 2649 1289 2671 ι
1309 2640 1393 2670 Petr.
1410 2649 1445 2679 11,
1464 2650 1496 2681 9.
