1926 3339
0 0 1926 301 -,--—i

1911 246 1914 266 l

1912 275 1914 285 r

478 356 562 397 334
911 366 945 395 s.
981 366 1212 396 AUGUSTIN1
1243 368 1425 395 BPlscoPI

477 433 708 479 mundum.
736 432 860 478 Unde
881 433 991 478 odor
1006 435 1024 477 P
1037 436 1099 478 De
1120 432 1248 478 coelo.
1271 434 1461 492 Sequere
1482 445 1585 490 ergo
1603 429 1658 475 ad
1678 430 1855 488 coelum,
1890 431 1918 478 ἐι

478 505 513 550 si
544 520 634 549 non
659 502 815 548 falsum
849 502 1081 563 respondes
1102 518 1202 546 cum
1225 501 1383 546 dicitur
1404 521 1413 546 ε
1440 503 1619 546 Sursum
1642 516 1737 556 cor,
1761 515 1858 544 sur-
1891 501 1916 546 ἓι,

478 591 574 620 sum
605 575 911 634 cogitationem
929 609 941 629 ,
973 589 1143 618 sursum
1177 589 1369 617 amorem
1389 608 1399 628 ,
1425 587 1596 617 sur-sum
1626 587 1744 631 spem
1764 606 1776 627 ‚
1804 586 1860 617 ne
1892 590 1895 620 ·,
1918 591 1921 611 κ

478 655 697 706 putrescat
718 645 763 689 in
782 654 909 690 terra.
937 644 1144 688 Triticum
1162 659 1250 688 non
1272 643 1403 688 audes
1424 659 1585 704 ponere
1613 643 1658 686 in
1683 636 1872 688 humida'
1893 672 1896 688 =

479 725 591 760 terra
609 751 620 769 ‚
646 730 701 758 ne
723 723 964 774 putrescat,
985 715 1087 774 quia
1109 714 1316 758 laborasti
1338 724 1381 758 et
1401 713 1629 767 messuisti,
1652 713 1862 759 triturasti

479 795 522 830 et
539 784 772 829 ventilasti.
795 784 963 838 Quaeris
984 783 1131 828 locum
1153 784 1296 828 tritico
1320 793 1397 828 tuo
1414 819 1425 839 ‚
1445 793 1489 828 et
1509 799 1598 828 non
1620 783 1777 843 quaeris
1795 782 1862 827 lo-
1896 809 1898 815 ν

479 871 581 900 cum
613 854 733 899 cordi
769 857 878 899 tuo?
911 870 1002 899 non
1028 854 1187 915 quaeris
1220 853 1368 899 locum
1401 855 1604 898 thesauro
1635 855 1747 898 tuo?
1776 855 1862 899 Fae
1898 875 1899 881 ¹

480 924 698 986 quidquid
719 925 879 985 poteris
897 925 942 970 in
965 935 1076 969 terra
1096 944 1106 970 z
1130 940 1281 984 eroga,
1307 940 1396 969 non
1415 923 1569 985 perdes
1586 959 1597 979 ‚
1618 923 1694 969 sed
1710 938 1863 967 recon-

481 996 570 1041 des.
596 999 653 1042 Et
673 996 771 1056 quis
793 997 962 1041 servat?
985 996 1181 1042 Christus
1215 995 1291 1056 qui
1316 1004 1360 1040 et
1388 1004 1432 1039 te
1469 1003 1623 1039 servat.
1652 996 1712 1037 Te
1743 994 1864 1039 novit

480 1082 664 1122 servare,
685 1069 939 1113 thesaurum
956 1077 1082 1129 tuum
1099 1083 1188 1112 non
1205 1067 1327 1112 novit
1347 1068 1546 1112 servare?
1559 1069 1702 1120 Quare
1719 1074 1864 1110 autem
1899 1090 1901 1094 ·

481 1137 577 1182 vult
599 1147 647 1181 ut
667 1137 814 1183 locu'm
839 1147 978 1182 mutes
1000 1139 1203 1182 thesauro
1231 1147 1332 1192 tuo,
1367 1137 1447 1182 nisi
1474 1146 1525 1181 ut
1556 1135 1702 1181 locum
1725 1144 1865 1180 mutes
1901 1156 1903 1166 =

481 1207 602 1252 cordi
619 1210 722 1252 tuo?
739 1211 877 1254 Nemo
898 1209 1016 1253 enim
1036 1209 1198 1268 cogitat
1219 1209 1301 1253 nisi
1320 1208 1377 1253 de
1399 1209 1601 1253 thesauro
1617 1209 1864 1260 suo.Quam
1902 1231 1903 1235 =
1924 1236 1926 1241 .

481 1277 609 1323 multi
630 1279 702 1323 hic
723 1287 826 1324 sunt
847 1279 921 1340 qui
946 1293 1016 1322 me
1034 1278 1165 1323 modo
1195 1277 1380 1323 audiunt
1395 1312 1406 1334 ,
1431 1288 1474 1323 et
1500 1294 1589 1322 non
1611 1286 1676 1322 est
1695 1293 1770 1322 cor
1791 1292 1865 1321 eo-

483 1364 580 1392 rum
596 1348 677 1393 nisi
699 1349 744 1393 in
771 1349 961 1394 saccellis
983 1349 1098 1394 suis?
1115 1352 1167 1394 In
1188 1358 1301 1393 terra
1322 1350 1420 1394 estis
1439 1384 1451 1404 ‚
1476 1349 1578 1410 quia
1599 1349 1646 1393 in
1668 1358 1780 1392 terra
1801 1356 1866 1392 est
1902 1355 1905 1369 ἱ

481 1418 603 1479 quod
624 1420 774 1465 amatis
796 1440 805 1465 2
830 1420 1028 1466 mittatur
1048 1421 1093 1465 in
1109 1420 1288 1476 coelum,
1313 1430 1358 1465 et
1377 1421 1459 1465 erit
1479 1421 1538 1465 ibi
1559 1436 1634 1465 cor
1654 1429 1862 1465 vestrum.
1904 1433 1926 1479 γ·

485 1508 506 1533 «
543 1490 627 1535 Ubi
645 1491 761 1536 enim
778 1489 911 1537 fuerit
927 1492 1154 1537 thesaurus
1171 1501 1294 1549 tuus,
1318 1492 1380 1536 ibi
1398 1492 1480 1536 erit
1500 1500 1544 1536 et
1563 1506 1639 1536 cor
1660 1500 1788 1536 tuum
1801 1491 1864 1535 ιζ»
1904 1507 1906 1526 ÷

1905 1664 1908 1682 1

486 1728 1866 1748 ummmmmmmmmmmm
1906 1730 1909 1766 ξ

997 1900 1382 1951 ΕΝΑΡιΒΑΤΙΟ

867 2085 928 2124 ΙΝ
985 2085 1286 2127 PSALMUM
1335 2086 1460 2127 XCI.

940 2251 1091 2295 Sermo
1112 2249 1168 2294 ad
1189 2249 1364 2310 plebem
1376 2253 1410 2295 ².

533 2395 568 2438 Ι.
593 2395 845 2439 Annivm-m
869 2394 926 2439 ad
949 2394 1169 2439 Psalmum
1186 2396 1201 2421 ³
1228 2414 1238 2441 ς
1268 2395 1343 2440 det
1370 2396 1496 2441 nobis
1517 2398 1728 2442 Dominus
1750 2413 1856 2458 ape·
1915 2442 1916 2445 ,

472 2463 556 2508 rire
579 2465 806 2522 mysteria,
838 2481 937 2526 quae
961 2465 1032 2509 hic
1067 2466 1378 2520 continentur;
1407 2483 1508 2512 cum
1530 2477 1708 2528 propter
1738 2467 1861 2514 fasti·
1915 2499 1916 2503 =

471 2531 594 2578 dium
615 2535 858 2580 animorum
881 2534 1032 2579 eadem
1053 2534 1222 2580 diverse
1244 2538 1448 2598 varieque
1470 2547 1727 2584 tractantur.
1752 2540 1862 2586 Nam
1914 2551 1917 2583 ’,

519 2648 527 2664 ¹
546 2642 660 2675 Matth.
679 2655 726 2684 vr,
744 2652 799 2675 21.
826 2660 868 2666 —
888 2650 901 2666 ²
918 2645 1029 2676 Sermo
1049 2645 1109 2677 iste
1129 2645 1170 2676 ad
1186 2645 1335 2688 populum
1354 2645 1493 2690 habitus
1510 2646 1562 2679 die
1584 2646 1685 2691 prima
1702 2646 1836 2680 sabbati
1848 2671 1867 2690 ‚‚

469 2707 511 2731 ex
524 2707 558 2731 n»
584 2706 617 2730 2.
636 2714 681 2722 —
698 2696 714 2721 ²
728 2698 809 2731 Vide
827 2701 866 2732 Ι).
885 2699 1134 2742 Gusslon,‚.mm
1153 2711 1237 2742 xxur
1253 2711 1331 2748 pag.
1354 2701 1471 2734 12‘165
