1926 3339
378 213 618 241 ENAunAno
653 215 695 240 m
729 214 929 240 PSALMUM
963 217 1128 241 Lxxxu.
1378 208 1430 244 33

53 295 153 324 men
179 294 250 323 eos
279 279 501 337 agnovisse
530 287 605 322 aut
635 277 784 322 fecisse
823 298 831 322 :
868 278 942 322 sed
971 278 1027 322 ad
1065 280 1147 323 hoc
1176 292 1435 339 acceperunt

51 349 152 409 ipsi,
183 369 202 391 «
223 352 279 393 Ut
298 357 527 407 cognoscat
544 349 764 407 generatio
783 347 939 403 altera,
961 370 978 390 »
1001 348 1120 409 quod
1136 349 1208 393 illa
1224 366 1313 394 non
1330 367 1434 408 cog-

52 420 188 464 novit.
219 439 239 461 «
266 418 362 464 Filii
381 454 391 474 ‚
412 419 488 479 qui
509 428 740 463 nascentur
762 429 805 463 et
836 429 1062 479 exurgent.
1092 426 1128 478 »ζ
1145 423 1254 465 Nam
1276 422 1339 466 illi
1360 423 1438 482 qui

52 489 143 533 nati
164 499 287 543 sunt,
316 504 407 533 non
425 498 735 533 exurrexerunt
761 508 769 533 :
795 489 896 550 quia
929 506 1019 534 non
1050 506 1219 534 sursum
1242 507 1316 535 cor
1332 526 1342 546 ,
1363 492 1439 536 sed

51 560 98 603 in
118 568 231 603 terra
252 559 394 619 potius
415 560 680 604 habuerunt.
708 561 820 604 Cum
843 560 1013 604 Christo
1035 560 1151 604 enim
1179 563 1401 621 exurgitur
1425 581 1434 606 ε

53 628 171 673 unde
189 628 356 673 dictum
380 638 464 674 est:
494 647 514 670 «
536 629 576 674 Si
594 629 862 673 exurrexistis
885 645 985 674 cum
1009 630 1206 685 Christo,
1230 648 1330 692 quae
1348 648 1441 676 sur-

56 718 77 741 »
112 716 209 744 sum
235 709 338 744 sunt
363 701 501 760 sapite
535 702 566 743 ².
599 703 658 744 Et
684 710 890 754 narrent,
926 701 1094 761 inquit,
1130 702 1228 746 filiis
1261 703 1368 758 suis,
1390 713 1440 748 ut

56 787 77 811 »
111 779 279 829 ponant
304 770 350 813 in
368 773 458 814 Deo
474 785 594 829 spem
617 786 754 814 suam.
783 789 803 812 »
831 773 895 813 Ita
919 771 1034 814 enim
1061 787 1151 814 non
1173 787 1294 815 suam
1307 774 1439 833 justi-

54 840 158 884 tiam
169 840 275 900 justi
289 840 446 885 volunt
464 841 746 888 constituere,
773 839 849 884 sed
873 840 1066 885 revelant
1087 841 1143 885 ad
1163 845 1303 886 Deum
1325 843 1441 887 viam

53 926 192 965 suam,
219 921 260 954 et
280 910 509 969 spei-autin
530 926 647 965 eum,
664 920 713 954 ut
734 911 824 969 ipse
848 909 1010 954 faciat2.
1040 915 1131 955 «Et
1153 927 1242 956 non
1265 912 1444 956 oblivis-

57 999 78 1021 »
113 989 268 1024 cantur
282 995 465 1039 operum
487 980 564 1024 Dei
582 999 592 1026 ;
615 999 634 1021 1)
660 981 978 1038 magnificando
996 981 1159 1025 scilicet
1177 991 1217 1026 et
1235 982 1443 1042 jactando

55 1066 182 1110 opera
207 1066 283 1095 sua
301 1086 311 1106 ‚
336 1051 636 1111 tanquamipsi
654 1050 839 1108 faciant3
864 1067 964 1095 cum
983 1054 1094 1096 Deus
1117 1052 1170 1096 sit
1192 1053 1269 1113 qui
1291 1069 1445 1113 opera-

56 1130 127 1165 tur
147 1122 192 1165 in
210 1122 268 1165 eis
290 1121 366 1181 qui
387 1122 502 1165 bona
517 1131 776 1181 operantur,
796 1131 839 1165 et
855 1121 967 1165 velle
984 1130 1026 1165 et
1050 1123 1214 1181 operari
1231 1139 1310 1182 pro
1328 1124 1446 1168 hona

55 1192 321 1236 voluntate³.
353 1212 372 1234 «
397 1196 454 1237 Et
476 1191 680 1236 mandata
715 1193 804 1252 ejus
827 1193 1069 1252 exquirant.
1098 1211 1118 1234 »
1140 1196 1252 1239 Cum
1274 1196 1365 1255 jam
1397 1187 1448 1240 ea

56 1262 308 1317 didicerint,
329 1262 551 1324 quomodo
575 1264 832 1323 exquirant?
861 1283 881 1304 «
900 1265 1071 1316 Quanta
1103 1264 1219 1307 enim
1236 1300 1247 1319 ,
1272 1265 1442 1325 inquit,

59 1352 79 1374 »
114 1333 337 1378 mandavit
358 1334 552 1394 patribus
572 1334 748 1386 nostris,
781 1343 884 1378 nota
905 1334 1047 1378 facere
1065 1350 1112 1377 ea
1135 1335 1232 1379 filiis
1257 1336 1341 1379 suis
1359 1371 1370 1391 ,
1396 1345 1447 1380 ut

57 1413 290 1462 cognoscat
327 1404 547 1461 generatio
579 1403 746 1447 altera?
780 1421 802 1443 »
848 1403 965 1456 Quid
997 1407 1254 1462 cognoscat?
1288 1407 1448 1466 [tique

57 1474 262 1518 mandata
281 1489 380 1533 quae
399 1472 635 1516 mandavit.
663 1473 895 1525 Quomodo
918 1489 1020 1532 ergo
1035 1475 1178 1517 adhuc
1200 1476 1444 1534 exquirant,

58 1545 139 1588 nisi
157 1544 257 1603 quia
280 1542 484 1602 ponendo
506 1543 552 1586 in
576 1546 664 1587 Deo
686 1558 807 1602 spem
830 1559 950 1587 suam
968 1579 978 1598 ,
1011 1554 1117 1588 tunc
1139 1545 1341 1590 mandata
1356 1549 1449 1606 ejus

59 1615 300 1675 exquirant,
315 1623 365 1658 ut
377 1614 432 1657 ab
446 1614 504 1657 eis
519 1612 595 1657 illo
613 1612 848 1673 adjuvante
862 1613 1190 1673 compleantur?
1207 1635 1226 1656 «
1242 1619 1304 1661 Ne
1322 1617 1446 1672 fiant,

61 1704 82 1727 n
117 1686 229 1731 sicut
246 1694 388 1745 patres
407 1699 573 1739 eorum,
592 1684 809 1741 generatio
830 1700 960 1743 prava
979 1694 1021 1728 et
1037 1685 1287 1742 amaricans,
1315 1703 1449 1746 gene-

63 1775 83 1797 »
118 1757 227 1800 ratio
254 1772 353 1816 quae
375 1771 463 1800 non
482 1754 637 1798 direxit
665 1770 739 1799 cor
763 1770 905 1798 suum.
935 1773 955 1795 1)
977 1757 1034 1798 Et
1061 1755 1166 1799 dicit
1188 1772 1322 1816 quare
1340 1774 1449 1802 con-

60 1827 185 1870 tinuo
207 1823 514 1885 subjungendo
527 1860 537 1879 ,
559 1844 575 1863 «
593 1828 649 1869 Et
665 1841 755 1868 non
769 1834 831 1868 est
849 1824 1037 1868 creditus
1054 1841 1152 1869 cum
1167 1829 1258 1871 Deo
1275 1827 1451 1886 spiritus

63 1915 84 1938 »
120 1896 210 1954 ejus
233 1915 244 1940 ι
268 1916 284 1937 »
310 1895 356 1939 id
374 1905 462 1949 est,
488 1895 591 1955 quia
608 1911 698 1938 non
718 1894 909 1937 habebat
927 1894 1067 1951 ‚fidem
1084 1931 1098 1949 ,
1124 1912 1222 1956 quae
1245 1898 1451 1957 impetrat

61 1967 183 2029 quod
202 1970 291 2012 Lex
320 1967 520 2026 imperat.
558 1964 746 2019 Quando
777 1966 894 2009 enim
917 1980 1017 2009 cum
1053 1967 1214 2025 Spiritu
1238 1969 1315 2012 Dei
1343 1985 1451 2029 ope-

63 2047 187 2083 rante
208 2038 383 2098 spiritus
404 2037 589 2081 hominis
619 2045 876 2095 cooperatur
891 2071 901 2086 ,
929 2045 1034 2080 tunc
1056 2037 1177 2096 quod
1199 2040 1312 2082 Deus
1324 2040 1453 2098 jussit

63 2108 271 2168 impletur
295 2127 304 2152 :
329 2116 372 2151 et
388 2108 472 2151 hoc
494 2122 584 2151 non
606 2107 677 2160 fit,
704 2106 784 2149 nisi
801 2105 1018 2150 credendo
1040 2106 1086 2149 in
1104 2122 1205 2150 eum
1227 2109 1302 2167 qui
1320 2110 1451 2169 justi-

64 2179 165 2224 ficat
180 2178 363 2238 impium
379 2179 411 2221 ⁴.
444 2198 461 2219 »
487 2179 627 2230 Quam
644 2175 774 2220 fidem
796 2191 887 2220 non
906 2176 1063 2221 habuit
1080 2178 1300 2235 generatio
1320 2195 1454 2239 prava

65 2259 109 2293 et
122 2249 381 2305 amaricans3
405 2256 448 2292 et
468 2246 566 2291 ideo
589 2245 643 2292 de
665 2246 738 2289 issa
760 2245 925 2290 dictum
949 2256 1034 2291 est:
1064 2266 1082 2288 «
1103 2249 1201 2292 Non
1224 2257 1287 2292 est
1309 2250 1452 2293 credi—

69 2338 90 2360 »
115 2328 186 2364 tus
202 2334 303 2364 cum
316 2321 406 2363 Deo
429 2317 602 2377 spiritus
621 2317 726 2376 ejus.
755 2315 933 2361 »Multo
964 2317 1079 2366 enim
1101 2318 1185 2362 hoc
1215 2321 1453 2378 expressius

69 2392 235 2436 dictum
256 2399 340 2445 est,
373 2388 429 2434 ad
455 2387 781 2448 significandam
804 2388 984 2446 gratiam
1018 2389 1123 2444 Dei,
1150 2406 1249 2450 quae
1270 2407 1359 2436 non
1380 2408 1452 2437 so-

118 2506 126 2521 ¹
149 2499 266 2532 Cotosff.
287 2510 334 2540 ui,
359 2509 386 2529 1.
406 2515 448 2519 -
468 2504 480 2520 ²
504 2495 582 2529 psal.
608 2508 714 2537 xxxvi,
731 2497 761 2528 5.
791 2514 830 2518 -
853 2495 864 2519 3
885 2497 993 2539 Philip.
1013 2509 1048 2538 11,
1074 2499 1122 2530 13.
1147 2516 1186 2520 -
1202 2498 1216 2521 l.
1236 2502 1329 2532 Boni.
1354 2513 1399 2542 iv,
1420 2502 1450 2534 5.

284 2573 424 2603 exva
1055 2611 1059 2615 Ι
1270 2566 1294 2603 3
