1926 3339
1649 0 1926 85 ἡ

467 291 551 327 272
893 299 927 326 S.
963 299 1194 327 Auen-snm
1227 301 1408 327 Eriseom

464 367 556 426 ejus
571 401 582 421 ‚
604 380 753 410 omnes
770 365 816 408 in
838 364 998 424 quibus
1017 374 1169 424 regnat
1189 368 1304 409 Deus
1321 400 1332 420 ‚
1354 365 1414 409 sic
1446 374 1596 420 erunt,
1621 365 1785 425 inquit,
1806 366 1851 409 in

462 445 697 496 conspectu
723 451 821 480 meo
846 435 958 479 sicut
984 435 1049 479 sol
1076 454 1084 480 :
1116 435 1219 495 quia
1246 436 1352 495 justi
1391 434 1629 494 fulgebunt
1648 435 1692 479 in
1719 450 1851 492 regno

462 509 599 553 Patris
620 507 704 552 mei
721 507 831 551 sicut
849 506 955 551 sol¹.
976 507 1060 550 Sed
1074 506 1137 550 sol
1154 506 1422 565 spiritaliter3
1443 523 1532 551 non
1552 505 1848 566 corporaliter,
1911 515 1914 553 Ξ

461 579 572 623 sicut
589 578 707 622 lucet
730 578 808 621 iste
839 575 893 620 de
922 575 1034 620 coelo
1051 611 1063 631 ,
1088 591 1221 635 quem
1242 575 1345 620 facit
1374 577 1475 620 oriri
1498 592 1627 636 super
1648 576 1788 621 bonos
1810 586 1853 621 et
1911 570 1913 608 3

461 649 596 693 malos
611 652 644 692 ².
674 667 693 689 »
718 648 918 706 Denique
946 647 1025 690 iste
1047 646 1112 690 sol
1132 646 1178 690 in
1200 657 1436 707 conspectu
1467 658 1552 704 est,
1588 664 1678 693 non
1711 647 1854 693 solum
1910 667 1913 701 ς

459 719 705 772 hominum,
720 716 1007 762 verumetiam
1026 731 1230 776 pecorum
1243 717 1719 777 minutissimarumque
1735 733 1854 762 mus-

461 803 626 832 carum.
660 787 791 840 Quod
812 787 929 831 cnim
951 785 1250 847 quorumlibet
1269 786 1573 831 vilissimorum
1601 786 1854 831 animalium
1910 802 1912 845 ξ

461 875 552 903 000
572 859 692 903 videt
713 857 854 902 solum
879 858 1038 902 istum?
1060 860 1119 902 At
1139 873 1242 902 vero
1264 857 1319 901 de
1340 856 1412 901 ille
1434 856 1523 902 sole
1545 856 1652 917 quid
1670 858 1729 902 ait
1748 873 1853 917 pro-
1910 890 1911 912 3

460 930 585 989 prie‘?
601 929 756 974 «Sicut
776 929 840 973 sol
860 929 905 972 in
922 936 1158 988 conspectu
1177 943 1288 972 mco.
1306 930 1439 972 »Non
1456 928 1502 971 in
1518 937 1756 988 conspectu
1769 928 1853 972 ho-
1909 951 1926 982 1·

460 999 654 1055 minum,
672 1015 763 1061 non
780 1000 826 1043 in
843 1007 1080 1058 conspectu
1095 998 1249 1053 carnis,
1270 1013 1358 1042 non
1379 997 1423 1041 in
1442 1008 1679 1058 conspectu
1691 1007 1854 1042 morta·
1909 1014 1912 1019 ’

460 1070 568 1115 11010
583 1070 852 1126 animalium,
869 1069 970 1125 sed,
991 1089 1011 1112 «
1033 1073 1084 1114 In
1106 1079 1343 1130 conspectu
1365 1085 1477 1114 meo.
1491 1073 1547 1114 Et
1568 1070 1679 1114 sicut
1694 1069 1814 1114 luna.
1829 1087 1850 1111 »
1908 1096 1926 1126 :⁴

460 1140 536 1184 scd
560 1157 659 1200 quae
680 1141 818 1185 luna?
835 1159 851 1180 «
875 1140 1071 1184 Perfecta
1089 1140 1134 1183 in
1149 1150 1378 1184 aeternum.
1398 1158 1417 1181 »
1436 1141 1610 1184 Etenim
1628 1139 1707 1184 etsi
1728 1139 1855 1200 perfl—
1908 1173 1910 1183 .

460 1211 572 1254 citur
588 1211 693 1254 luna
711 1211 790 1254 ista
812 1225 944 1270 quam
964 1210 1179 1265 novimus,
1196 1210 1280 1254 alio
1303 1210 1373 1254 die
1395 1211 1548 1270 incipit
1569 1211 1730 1265 minui,
1754 1225 1854 1270 pos-
1908 1239 1926 1249 1-

460 1291 663 1343 tcaquam
682 1281 873 1341 perfecta
894 1281 1040 1326 fuerit.
1070 1301 1089 1324 «
1123 1283 1243 1326 Sicut
1261 1282 1388 1337 luna,
1413 1282 1557 1342 inquit
1570 1317 1580 1337 ‚
1597 1280 1789 1341 perfecta
1809 1282 1854 1325 in

463 1371 483 1394 »
519 1363 752 1397 aeternnm.
786 1372 806 1395 »
836 1354 904 1399 Sic
925 1354 1175 1412 perficietur
1203 1353 1323 1398 sedes
1357 1354 1448 1413 ejus
1478 1362 1687 1413 tanquam
1719 1353 1853 1411 luna3
1906 1369 1926 1406 ζ.-

459 1423 535 1467 sed
556 1423 663 1467 luna
686 1424 731 1467 in
753 1433 967 1468 aeternum
988 1422 1194 1484 perfecta.
1228 1424 1270 1469 Si
1292 1423 1381 1480 sol,
1402 1440 1536 1484 quare
1556 1434 1599 1468 et
1619 1424 1756 1468 luna?
1774 1427 1856 1468 Per
1906 1459 1907 1463 ,

459 1493 611 1538 lunam
642 1494 784 1538 solent
817 1495 1058 1555 significare
1098 1495 1332 1555 Scripturas
1365 1495 1675 1540 mortalitatem
1717 1494 1856 1539 carnis

460 1565 590 1624 hujus
612 1600 622 1620 ,
644 1575 822 1625 propter
844 1575 1077 1624 augmenta
1099 1574 1141 1609 et
1166 1566 1442 1609 decrementa
1463 1601 1474 1620 ‚
1500 1574 1678 1625 propter
1699 1565 1857 1609 transi-
1904 1590 1926 1596 v<

459 1636 615 1679 toriam
632 1637 835 1696 speciem.
855 1637 1051 1696 Denique
1064 1645 1108 1680 et
1121 1638 1145 1680 J
1149 1636 1295 1680 ericho
1312 1639 1435 1679 Luna
1456 1636 1783 1695 interpretatur.
1800 1638 1857 1679 Et

460 1707 613 1765 utique
636 1706 814 1766 quidam
832 1707 908 1767 qui
929 1706 1224 1751 descendebat
1251 1707 1304 1751 ab
1324 1706 1564 1751 Jerusalem
1587 1706 1633 1750 in
1654 1706 1827 1750 Jericho
1841 1740 1853 1761 ‚

460 1776 613 1820 incidit
639 1777 684 1820 in
712 1776 930 1821 latrones³
953 1797 962 1822 :
993 1777 1288 1822 descendebat
1308 1777 1422 1820 enim
1448 1776 1504 1820 ab
1532 1776 1857 1821 immortalitate

460 1845 515 1889 ad
530 1845 858 1890 mortalitatem.
881 1847 1037 1892 Similis
1053 1857 1116 1892 est
1130 1862 1232 1905 ergo
1249 1863 1349 1892 caro
1367 1847 1447 1892 ista
1468 1847 1602 1901 lunae,
1623 1863 1724 1907 quae
1737 1847 1858 1891 omni

462 1926 656 1975 tempore
679 1926 722 1960 et
739 1917 859 1961 omni
880 1933 1028 1962 mense
1050 1918 1215 1978 patitur
1236 1926 1470 1977 augmenta
1487 1927 1530 1961 et
1547 1919 1826 1962 decrementa
1843 1936 1852 1961 :

459 1986 535 2031 sed
563 1987 644 2031 erit
671 2004 770 2032 caro
799 1988 877 2033 ista
906 1998 1052 2033 nostra
1082 1990 1127 2033 in
1156 1989 1472 2033 resurrectione
1502 1987 1726 2048 perfecta:
1756 2006 1776 2030 «
1801 1990 1859 2031 Et

463 2074 484 2097 »
519 2058 636 2101 testis
660 2058 705 2101 in
724 2058 836 2103 coelo
859 2059 1013 2103 fidelis.
1045 2078 1065 2101 »
1093 2062 1246 2120 Itaque
1271 2060 1305 2103 si
1328 2059 1374 2103 in
1395 2058 1486 2104 solo
1509 2059 1656 2103 animo
1672 2058 1857 2118 perfice-

460 2142 622 2183 remur,
640 2129 952 2174 tantummodo
967 2129 1046 2174 3011
1068 2146 1146 2174 nos
1166 2138 1436 2189 compararet
1453 2148 1462 2173 :
1487 2144 1634 2173 rursus
1652 2128 1748 2172 siin
1765 2127 1858 2173 3010

459 2213 641 2258 corpore
660 2199 984 2257 perficeremur,
1009 2199 1314 2244 tantummodo
1328 2199 1446 2243 lunae
1463 2215 1541 2244 nos
1559 2207 1855 2259 compararet:

459 2270 536 2313 sed
557 2269 661 2329 quia
685 2270 881 2328 perficiet
897 2286 974 2314 nos
994 2274 1109 2315 Deus
1132 2281 1175 2315 et
1197 2271 1243 2314 in
1265 2270 1410 2314 animo
1433 2271 1539 2314 etin
1566 2285 1768 2330 corpore,
1791 2285 1858 2313 se-

460 2340 657 2384 cundum
685 2340 882 2384 animum
914 2340 1079 2385 dictum
1114 2349 1178 2384 est
1201 2360 1210 2384 ε
1243 2359 1263 2382 «
1297 2341 1418 2385 Sicut
1454 2341 1517 2385 sol
1551 2341 1597 2384 in
1621 2349 1858 2400 conspectu

459 2426 584 2469 meo3
609 2413 713 2472 quia
735 2413 928 2456 animum
952 2428 1041 2456 non
1057 2411 1177 2456 videt
1194 2412 1274 2456 nisi
1290 2415 1404 2456 Deus
1427 2431 1435 2456 ε
1460 2432 1479 2454 «
1495 2415 1552 2456 Et
1569 2412 1679 2456 sicut
1692 2412 1813 2466 luna,
1831 2428 1852 2452 »

453 2481 545 2540 jam
568 2497 690 2541 car03
718 2502 739 2525 «
764 2483 961 2527 Perfecta
983 2483 1029 2526 in
1046 2492 1276 2537 aeternum‚
1297 2500 1317 2523 η
1343 2483 1387 2525 10
1405 2483 1720 2526 resurrectione
1737 2497 1855 2525 mor-

460 2559 637 2596 tuorum
659 2572 668 2597 2
693 2572 713 2595 «
738 2556 795 2597 Et
816 2553 934 2597 testis
956 2553 1001 2595 in
1024 2553 1137 2597 coelo
1160 2552 1300 2596 fidelis
1319 2573 1328 2610 3
1347 2553 1451 2611 quia
1469 2569 1571 2597 vera
1596 2552 1856 2596 dicebantur

509 2643 517 2658 ¹
538 2636 652 2669 Matth.
675 2648 744 2678 xm,
765 2634 819 2678 43.
842 2654 883 2659 -
907 2644 919 2660 ²
939 2637 984 2668 Id.
1006 2648 1039 2678 v,
1057 2635 1111 2678 45.
1135 2654 1176 2659 -—
1198 2635 1210 2660 3
1229 2638 1294 2669 Luc
1327 2648 1357 2678 x,
1378 2636 1431 2668 30.
