1926 3339
435 320 520 360 246
838 330 871 359 S.
908 332 1137 359 AUGUSTINI
1172 332 1351 358 EPISCOPI

442 407 647 454 estfnon,
673 405 880 456 tanquam
903 397 994 440 sine
1023 411 1149 440 causa
1177 396 1261 440 hoc
1284 394 1444 439 faceret
1467 393 1542 438 Dei
1564 391 1737 452 culpata
1758 408 1824 438 sa·
1887 407 1889 411 ·

434 468 597 528 pientia
626 487 634 512 ι
658 467 717 511 ita
741 477 784 511 et
805 468 875 510 hic
897 486 906 510 :
945 485 966 508 «
992 466 1179 526 thuid,
1202 465 1385 509 Domine
1405 500 1415 519 ‚
1441 462 1635 523 repulisti
1657 464 1818 507 oratio-

432 557 454 580 »
490 554 591 582 nem
617 539 790 582 meam?
816 556 835 578 »
863 538 1002 596 Hujus
1024 546 1172 579 tamen
1198 536 1259 578 rei
1286 551 1414 579 causa
1435 535 1469 579 si
1486 533 1720 592 ,diligenter
1743 532 1816 578 ad-

432 617 644 662 vertatur,
669 609 759 667 jam
793 607 990 666 superius
1023 605 1211 649 indicata
1233 614 1310 648 est.
1336 604 1406 649 Ad
1426 606 1510 648 hoc
1541 603 1657 647 enim
1680 603 1816 647 oratio

429 688 679 724 sanctorum
708 677 916 721 dilatione
944 676 1053 720 tanti
1081 676 1281 719 beneficii
1313 685 1356 719 et
1380 673 1709 719 tribulationum
1738 673 1816 718 ad-

430 750 631 795 versitate
666 748 790 808 quasi
823 747 1063 806 repellitur,
1096 754 1145 790 ut
1167 755 1376 806 tanquam
1404 746 1515 805 ignis
1536 745 1645 789 flatu
1666 760 1815 805 reper-

432 836 581 864 cussus
599 820 896 862 inflammetur
910 817 1145 862 ardentius.

487 893 585 934 XV.
622 890 864 949 Exequitur
887 889 1035 949 itaque
1053 888 1241 932 breviter
1258 887 1387 930 etiam
1403 886 1704 930 tribulationes
1726 902 1818 931 cor⁴

430 961 546 1021 poris
568 961 741 1006 Christi.
766 963 919 1021 Neque
941 960 1059 1003 enim
1079 960 1125 1002 in
1146 957 1239 1003 solo
1261 958 1401 1017 capite
1424 958 1547 1001 factae
1569 967 1668 1002 sunt
1685 993 1695 1013 ‚
1715 972 1817 1001 cum

431 1041 475 1076 et
505 1031 636 1077 Saulo
657 1032 825 1076 dictum
846 1031 925 1085 sit,
956 1029 1114 1083 «Quid
1142 1044 1211 1072 me
1242 1028 1572 1088 persequeris1?
1598 1046 1618 1069 »
1645 1030 1702 1072 Et
1727 1029 1817 1087 ipse

425 1103 516 1163 jam
535 1101 694 1146 Paulus
709 1110 918 1161 tanquam
935 1101 1121 1144 electum
1135 1099 1380 1143 membrum
1403 1099 1446 1141 in
1469 1101 1621 1143 eodem
1636 1113 1818 1158 corpore

428 1175 593 1234 positus
621 1173 737 1217 dicat
756 1208 766 1227 ‚
808 1191 825 1212 ‹<
859 1174 915 1216 Ut
941 1171 1167 1231 suppleam
1196 1186 1294 1230 quae
1327 1170 1485 1214 desunt
1519 1185 1816 1229 pressurarum

432 1263 451 1286 »
487 1244 648 1289 Christi
671 1244 715 1286 in
743 1258 872 1287 carne
894 1258 990 1285 mea
1003 1245 1035 1285 ².
1063 1240 1228 1301 thuid
1255 1255 1372 1298 ergo⁷
1397 1240 1596 1294 Domine,
1622 1239 1819 1299 repulisti

433 1334 453 1357 »
488 1314 728 1358 orationem
751 1328 908 1366 meam,
930 1312 1084 1356 avertis
1104 1311 1258 1355 faciem
1281 1320 1399 1354 tuam
1418 1326 1440 1354 a
1458 1312 1552 1354 me?
1570 1314 1701 1370 Inops
1722 1325 1818 1354 sum

434 1404 453 1427 »
489 1401 586 1444 ego,
611 1393 655 1429 et
675 1384 721 1428 in
748 1383 972 1427 laboribus
993 1399 1016 1426 a
1032 1384 1265 1442 juventute
1286 1397 1404 1439 mea3
1431 1381 1641 1426 exaltatus
1673 1374 1818 1425 autern

432 1474 454 1498 »
488 1455 745 1499 humiliatus
769 1469 864 1498 sum
888 1463 931 1497 et
959 1453 1261 1498 conturbatus.
1294 1454 1345 1495 Iu
1371 1467 1439 1494 me
1466 1452 1728 1496 transierunt
1744 1452 1819 1495 irae
1877 1461 1892 1474 ‘³
1911 1437 1921 1515 ’ἱ

432 1545 454 1568 »
489 1535 577 1570 tuae
594 1560 605 1572 .
631 1535 675 1569 et
696 1535 879 1569 terrores
902 1525 967 1568 tui
989 1523 1365 1568 conturbaverunt
1397 1537 1481 1565 me.
1508 1521 1821 1567 Circumdede-

435 1617 453 1639 »
488 1605 592 1640 runt
613 1612 682 1640 me
704 1597 815 1640 sicut
832 1611 943 1655 aqua
963 1603 1057 1639 tota
1079 1594 1165 1646 die,
1186 1591 1653 1638 circumdederuntme
1672 1592 1815 1636 simul.

432 1685 454 1709 »
490 1669 637 1724 Longe
655 1666 791 1710 fecisti
814 1681 837 1709 a
865 1681 934 1709 me
952 1665 1139 1708 amicum
1162 1673 1205 1707 et
1227 1672 1352 1707 notos
1374 1679 1491 1707 meos
1514 1679 1537 1706 a
1559 1663 1730 1706 miseria
1744 1665 1760 1688 3
1798 1683 1815 1704 »

431 1738 720 1794 Contigerunt
737 1745 781 1780 et
797 1736 1059 1793 contingunt
1076 1735 1221 1778 omnia
1247 1734 1340 1777 haec
1378 1733 1424 1776 in
1444 1733 1650 1776 membris
1669 1748 1820 1792 corpo-

429 1808 486 1852 ris
503 1808 676 1852 Christi.
695 1809 917 1851 Etavertit
934 1810 1047 1851 Deus
1070 1806 1124 1849 ab
1147 1805 1370 1850 orantibus
1390 1804 1562 1857 faciem⁷
1578 1819 1668 1847 non
1684 1819 1820 1847 exau-

433 1878 596 1922 diendo
631 1877 686 1922 ad
713 1878 758 1922 id
802 1878 923 1938 quod
954 1877 1138 1931 volunt,
1168 1875 1345 1936 quando
1387 1875 1468 1918 sibi
1499 1874 1700 1935 nesciunt
1731 1890 1821 1918 non

429 1949 632 2007 expedire
660 1947 781 2008 quod
804 1956 974 2007 petunt.
1002 1950 1057 1991 Et
1079 1947 1203 2005 inops
1228 1955 1292 1989 est
1323 1944 1513 1989 Ecclesia
1529 1980 1539 1999 ,
1565 1960 1665 1989 cum
1689 1945 1821 1988 esurit

429 2028 472 2063 et
494 2019 583 2062 sitit
608 2019 850 2077 peregrina,
872 2017 989 2060 unde
1011 2017 1190 2061 satietur
1206 2016 1251 2059 in
1275 2017 1426 2075 patria.
1454 2019 1511 2059 Et
1528 2017 1572 2059 in
1594 2015 1819 2060 laboribus

429 2098 493 2133 est
520 2105 543 2132 a
564 2090 744 2149 juvente
774 2105 864 2132 sua.
900 2091 1048 2147 Ipsum
1079 2087 1194 2130 enim
1218 2102 1374 2144 corpus
1405 2086 1567 2131 Christi
1594 2095 1637 2130 et
1668 2087 1712 2130 in
1735 2086 1818 2130 alio

429 2159 600 2204 Psalmo
615 2159 736 2213 dicit,
753 2178 769 2197 «
791 2161 913 2217 Saepe
927 2165 1285 2216 expugnaverunt
1298 2172 1366 2200 me
1379 2173 1401 2199 a
1408 2157 1641 2216 juventute
1652 2158 1783 2200 mea4.
1793 2175 1813 2197 n

429 2234 486 2275 Et
508 2229 562 2274 ad
587 2231 668 2274 hoc
687 2230 932 2273 exaltantur
954 2228 1084 2272 etiam
1104 2228 1150 2270 iu
1167 2226 1327 2271 saeculo
1349 2226 1430 2270 isto
1452 2226 1654 2286 quaedam
1677 2242 1817 2270 mem-

430 2302 510 2345 bra
537 2302 653 2361 ejus,
688 2311 738 2345 ut
767 2301 812 2344 in
846 2301 904 2343 eis
929 2299 981 2343 sit
1010 2299 1145 2358 major
1173 2297 1410 2342 humilitas.
1447 2301 1504 2341 Et
1526 2313 1655 2357 super
1675 2299 1817 2357 ipsum

431 2388 604 2431 corpus,
626 2372 673 2415 id
691 2382 770 2426 est,
792 2372 1005 2415 unitatem
1019 2379 1264 2414 sanctorum
1283 2379 1414 2428 atque
1427 2368 1640 2423 fidelium,
1656 2369 1727 2413 cui
1743 2385 1818 2413 ca-

430 2453 511 2503 put
533 2453 596 2487 est
618 2444 830 2496 Christus,
860 2451 1085 2486 transeunt
1105 2442 1178 2484 irae
1201 2441 1293 2495 Dei,
1318 2456 1407 2484 non
1430 2451 1575 2484 autem
1595 2450 1774 2484 manent
1805 2460 1814 2485 ε

429 2514 528 2574 quia
552 2529 642 2557 non
671 2514 726 2557 de
753 2513 894 2568 fideli,
932 2513 1008 2557 scd
1034 2512 1087 2556 de
1112 2511 1278 2555 infideli
1299 2509 1466 2555 dictum
1489 2520 1573 2565 est,
1603 2529 1623 2552 «
1648 2513 1716 2555 Ira
1738 2511 1816 2555 Dei

479 2616 487 2631 ¹
509 2612 661 2650 Act.1x‚
685 2608 716 2649 4.
738 2626 778 2631 -
807 2615 819 2631 ²
840 2608 955 2640 Colossi
977 2619 1008 2647 ι,
1034 2606 1090 2648 24.
1122 2624 1163 2628 -
1185 2605 1197 2629 3
1229 2606 1307 2638 Psal.
1339 2617 1492 2647 Lxxxvn,
1528 2606 1643 2648 16—19.
1667 2622 1707 2628 -κ
1726 2604 1741 2635 4
1768 2606 1812 2637 Id.

432 2675 562 2704 cxxvm,
587 2675 614 2695 ι.
