1926 3339
471 297 552 334 196
897 306 930 334 s.
966 307 1197 336 Auous'nm
1229 307 1413 335 ΕΡ15001>1

465 373 549 418 Cui
569 373 855 432 peregrinatio
877 372 1015 417 dulcis
1043 382 1129 425 est,
1155 389 1243 418 non
1265 382 1380 417 amat
1405 372 1589 431 patriam
1614 389 1622 415 :
1650 372 1683 414 si
1705 371 1844 417 dulcis

464 452 528 487 cst
542 443 678 502 patria
691 479 702 498 ,
731 459 873 487 amara
890 453 953 487 est
974 444 1262 503 peregrinatio
1281 463 1289 487 ;
1317 443 1351 487 51
1375 457 1517 486 amara
1537 442 1841 501 peregrinatio,

464 522 553 558 tota
574 512 644 556 die
670 511 906 557 tribulatio.
929 512 1114 565 Quando
1133 528 1222 556 uon
1241 522 1303 556 est
1320 512 1573 556 tribulatio?
1593 510 1780 564 Quando
1798 512 1845 554 in
1912 529 1915 533 ⁴

462 585 600 643 patria
626 582 870 627 delectatio.
907 602 926 624 «
952 583 1263 627 Delectationes
1283 583 1325 626 in
1348 582 1524 626 dextera
1545 592 1619 626 tua
1640 598 1779 642 usque
1799 582 1846 626 in
1912 598 1915 608 ¹

467 674 485 695 »ι
522 653 904 716 11110111.,Ιῐ11[1101115
932 668 1001 696 1110
1022 652 1172 695 laetitia
1189 687 1200 707 ,
1225 652 1315 707 ait,
1340 669 1442 696 cuin
1463 653 1589 696 vultu
1619 655 1726 696 tuo1
1761 671 1770 696 ε
1795 661 1847 696 ut
1910 665 1914 688 ἑ

464 743 485 766 »
519 722 788 782 contempler
810 722 1142 767 delectationem
1165 723 1338 767 Domini
1352 725 1384 766 2.
1407 741 1426 764 ³>
1440 723 1508 767 Ibi
1525 723 1702 766 transiet
1722 721 1846 766 labor
1911 762 1914 766 .

461 803 505 838 et
533 794 718 853 gemitus
744 814 753 838 2
787 794 849 838 ibi
870 810 960 838 non
994 794 1134 839 oratio
1150 828 1160 845 ,
1189 795 1265 837 sed
1288 792 1482 838 laudatio
1506 813 1516 838 :
1546 793 1609 837 ibi
1630 793 1815 841 Alleluia
1830 828 1842 850 ‚

461 867 603 909 Amen
621 864 683 908 ibi
699 899 711 920 ,
737 879 820 909 vox
839 880 1028 909 consona
1062 879 1164 908 cum
1194 863 1371 922 Angelis
1400 883 1409 908 :
1446 864 1507 908 ibi
1526 864 1633 909 visio
1655 863 1745 908 sine
1768 863 1846 908 de-

461 932 580 979 fectu
597 970 608 990 ,
630 943 675 978 et
695 950 816 980 amor
836 936 927 979 sine
948 933 1133 979 fastidio.
1161 933 1368 987 Quamdiu
1385 949 1489 993 ergo
1511 949 1601 978 non
1626 932 1703 988 ibi,
1726 933 1847 977 vide.-

460 1005 513 1050 tis
536 1005 638 1065 quia
658 1020 749 1049 non
778 1005 824 1049 in
852 1005 984 1049 bono.
1019 1005 1105 1050 Sed
1133 1004 1361 1049 abundant
1394 1004 1571 1049 omnia?
1605 1001 1848 1048 Abundent
1912 1008 1915 1042 j

463 1077 608 1120 omnia
625 1111 636 1132 ,
659 1076 760 1120 vide
787 1077 821 1121 si
842 1092 1019 1121 securus
1041 1092 1085 1121 es
1112 1077 1216 1136 quia
1243 1092 1333 1121 non
1361 1084 1546 1136 pereunt
1573 1075 1733 1119 omnia,
1761 1073 1847 1119 Sed
1914 1067 1915 1070 ¹

460 1147 604 1192 liabeo
636 1146 760 1206 quod
791 1163 881 1192 non
908 1147 1125 1192 habebam
1149 1183 1160 1203 ,
1193 1148 1371 1192 accessit
1408 1148 1593 1207 pecunia
1624 1162 1724 1205 quae
1755 1161 1845 1190 non
1910 1158 1918 1194 3·

461 1218 585 1260 erat?
618 1220 749 1261 Forte
776 1218 952 1261 accessit
985 1226 1028 1260 et
1054 1217 1186 1261 timor
1205 1218 1283 1277 qui
1312 1233 1402 1262 non
1421 1226 1514 1261 erat
1545 1235 1554 1260 :
1590 1218 1702 1260 forte
1724 1224 1847 1260 tanto

459 1288 650 1331 securior
676 1302 794 1341 eras,
829 1296 995 1347 quanto
1027 1288 1274 1347 pauperior,
1309 1291 1534 1332 Postremo
1571 1287 1656 1331 sint
1677 1286 1843 1346 copiae,

461 1356 678 1401 redundet
714 1358 936 1401 affluentia
964 1358 1093 1417 hujus
1125 1357 1298 1413 saeculi,
1337 1357 1465 1401 detur
1487 1357 1694 1402 securitas
1724 1355 1847 1417 quod
1911 1356 1914 1378 ²

461 1443 551 1471 11011
585 1436 779 1486 pereant.
806 1427 928 1472 Dicat
964 1431 1079 1472 Deus
1101 1427 1287 1487 desuper
1319 1446 1328 1472 :
1354 1430 1560 1471 AEternus
1578 1428 1624 1471 in
1646 1427 1714 1472 his
1735 1426 1843 1483 eris,
1910 1467 1913 1477 ,

460 1507 623 1541 aeterna
644 1506 789 1541 tecum
809 1507 940 1541 erunt
960 1498 1061 1553 ista,
1102 1497 1178 1542 sed
1200 1512 1339 1541 meam
1375 1498 1531 1542 taciem
1553 1513 1644 1542 non
1663 1497 1844 1542 videbis.
1896 1492 1917 1558 J

459 1571 597 1613 Nemo
618 1583 793 1612 carnem
815 1567 1039 1622 consulat,
1069 1568 1269 1627 spiritum
1303 1567 1515 1612 consulite
1547 1587 1556 1612 ι
1587 1566 1848 1627 respondeat
1911 1578 1915 1598 ⁵

459 1639 582 1683 vobis
599 1654 674 1682 cor
694 1647 913 1690 vestrum3
938 1640 1198 1698 respondeat
1214 1654 1309 1698 spes
1321 1673 1332 1693 ,
1357 1639 1464 1683 fides
1481 1674 1492 1695 ,
1512 1639 1698 1683 charitas
1714 1673 1725 1694 ,
1746 1654 1846 1699 quae

460 1711 506 1754 111
527 1709 651 1754 vobis
673 1725 762 1753 esse
795 1711 945 1769 coepit.
968 1712 1167 1769 Ergo-ne
1190 1710 1225 1754 si
1255 1709 1548 1769 acciperemus
1571 1710 1847 1754 securitatem
1912 1718 1914 1768 J

461 1795 539 1824 nos
560 1780 607 1823 in
628 1779 851 1824 affluentia
870 1781 1090 1824 bonorum
1111 1780 1383 1825 saecularium
1401 1795 1571 1840 semper
1591 1779 1779 1836 futuros,
1804 1789 1848 1824 et
1909 1792 1914 1826 ἑ

461 1850 624 1894 diceret
642 1850 768 1894 nobis
790 1853 905 1894 Deus
936 1869 946 1894 :
975 1851 1150 1894 Faciem
1169 1865 1309 1895 meam
1330 1866 1420 1895 non
1438 1851 1660 1907 videbitis,
1681 1850 1846 1910 gaude·

461 1936 605 1965 remus
619 1920 666 1964 in
685 1919 769 1963 illis
786 1919 943 1964 bonis?
964 1919 1154 1978 Eligeret
1172 1920 1286 1965 forte
1303 1921 1457 1982 aliquis
1480 1923 1669 1981 gaudere
1683 1957 1694 1978 ,
1715 1931 1759 1966 et
1779 1921 1847 1965 di-
1910 1932 1914 1977 ξ

460 2007 557 2036 0010
581 2011 591 2036 :
614 1991 856 2036 Abundant
874 1991 983 2035 mihi
1017 1991 1118 2048 ista,
1147 1992 1256 2036 bene
1278 1992 1383 2037 mihi
1411 2002 1475 2037 est
1490 2027 1502 2048 ,
1524 1992 1634 2036 nihil
1663 1991 1846 2053 amplius

460 2078 626 2123 quaero.
651 2061 860 2108 Nondum
879 2062 1016 2122 coepit
1036 2077 1127 2106 esse
1154 2071 1320 2107 amator
1350 2063 1455 2119 Dei,
1491 2062 1691 2108 nondum
1713 2064 1848 2123 coepit
1910 2067 1913 2069 ’

460 2133 674 2193 suspirare
705 2142 915 2193 tanquam
956 2132 1225 2192 peregrinus.
1265 2133 1415 2188 Absit,
1453 2133 1580 2177 absit.
1623 2132 1848 2179 Recedant

460 2205 606 2250 omnia
626 2203 871 2249 seductoria
886 2237 898 2259 ,
922 2202 1130 2248 recedant
1149 2202 1449 2248 blandimenta
1469 2203 1578 2248 falsa
1593 2239 1604 2260 ,
1641 2203 1847 2249 recedant
1908 2212 1912 2224 ·

458 2292 508 2320 ea
537 2292 639 2336 quae
672 2274 799 2320 nobis
826 2273 1024 2334 quotidie
1049 2273 1203 2319 dicunt
1227 2294 1238 2319 ι
1265 2293 1286 2317 «
1327 2274 1412 2319 Ubi
1434 2283 1498 2319 est
1526 2278 1641 2320 Deus
1667 2277 1797 2320 tuus?
1821 2293 1841 2317 n
1904 2267 1911 2311 Ῑ

458 2346 751 2392 Effundamus
774 2360 904 2406 super
937 2361 1016 2391 nos
1039 2346 1228 2390 animam
1249 2354 1442 2390 nostram
1458 2381 1469 2402 ,
1489 2346 1777 2391 confiteamur
1798 2345 1846 2389 in
1906 2347 1912 2356 “’

456 2417 657 2476 lacrymis
673 2453 684 2473 ,
712 2432 934 2476 gemamus
964 2416 1011 2460 in
1032 2414 1375 2461 confessionibus
1390 2451 1401 2471 ,
1425 2416 1472 2459 iu
1492 2416 1672 2461 miseriis
1701 2416 1844 2476 suspi-

457 2490 640 2533 remus3.
655 2486 883 2548 Quidquid
902 2487 1028 2532 nobis
1046 2487 1166 2531 adest
1182 2496 1341 2546 praeter
1357 2489 1496 2531 Deum
1514 2495 1729 2542 nostrum,
1753 2502 1844 2532 non

455 2569 521 2605 est
542 2558 685 2603 dulce.
706 2557 919 2605 Nolumus
941 2558 1087 2603 omnia
1108 2573 1207 2617 quae
1228 2556 1363 2613 dedit,
1378 2558 1413 2601 si
1434 2573 1525 2602 non
1546 2556 1622 2603 dat
1639 2573 1684 2602 se
1700 2558 1843 2617 ipsum
1906 2553 1909 2559 ’

506 2653 516 2668 ¹
536 2643 616 2677 Psal.
643 2655 698 2686 xv,
718 2655 770 2677 11.
795 2660 836 2668 —-
859 2643 1033 2684 ²1d.xxv1,
1050 2642 1084 2684 4.
1101 2659 1142 2669 ν·-
1160 2640 1240 2675 ³111.
1259 2652 1322 2684 xm,
1341 2640 1374 2684 4,
1393 2641 1412 2674 5
1429 2645 1463 2674 et
1488 2653 1541 2674 11.
