<?xml version="1.0" encoding="UTF-8"?>
<!DOCTYPE html PUBLIC "-//W3C//DTD XHTML 1.0 Transitional//EN"
    "http://www.w3.org/TR/xhtml1/DTD/xhtml1-transitional.dtd">
<html xmlns="http://www.w3.org/1999/xhtml" xml:lang="en" lang="en">
 <head>
  <title>
</title>
<meta http-equiv="Content-Type" content="text/html;charset=utf-8" />
  <meta name='ocr-system' content='tesseract 3.04.00' />
  <meta name='ocr-capabilities' content='ocr_page ocr_carea ocr_par ocr_line ocrx_word'/>
</head>
<body>
  <div class='ocr_page' id='page_1' title='image "./operaomniaaccura10auguuoft_0196.png"; bbox 0 0 1926 3339; ppageno 0'>
   <div class='ocr_carea' id='block_1_1' title="bbox 449 293 1366 329">
    <p class='ocr_par' dir='ltr' id='par_1_1' title="bbox 449 293 1366 329">
     <span class='ocr_line' id='line_1_1' title="bbox 449 293 1366 329; baseline -0.007 0"><span class='ocrx_word' id='word_1_1' title='bbox 449 293 529 329; x_wconf 80' lang='lat'>150</span> <span class='ocrx_word' id='word_1_2' title='bbox 859 304 892 329; x_wconf 83' lang='lat' dir='ltr'>s.</span> <span class='ocrx_word' id='word_1_3' title='bbox 930 301 1156 328; x_wconf 72' lang='lat' dir='ltr'>AUGUSTINI</span> <span class='ocrx_word' id='word_1_4' title='bbox 1190 300 1366 325; x_wconf 70' lang='grc' dir='ltr'>Ενῐεεοιη</span> 
     </span>
    </p>
   </div>
   <div class='ocr_carea' id='block_1_2' title="bbox 363 360 1826 2600">
    <p class='ocr_par' dir='ltr' id='par_1_2' title="bbox 363 360 1826 2600">
     <span class='ocr_line' id='line_1_2' title="bbox 445 360 1825 423; baseline -0.007 -11"><span class='ocrx_word' id='word_1_5' title='bbox 445 378 490 412; x_wconf 90' lang='lat' dir='ltr'>et</span> <span class='ocrx_word' id='word_1_6' title='bbox 511 369 621 412; x_wconf 87' lang='lat' dir='ltr'>fiunt</span> <span class='ocrx_word' id='word_1_7' title='bbox 637 403 648 423; x_wconf 85' lang='lat'>,</span> <span class='ocrx_word' id='word_1_8' title='bbox 674 383 723 410; x_wconf 82' lang='lat' dir='ltr'>ex</span> <span class='ocrx_word' id='word_1_9' title='bbox 745 366 994 411; x_wconf 81' lang='lat' dir='ltr'>necessitate</span> <span class='ocrx_word' id='word_1_10' title='bbox 1015 366 1209 408; x_wconf 87' lang='lat' dir='ltr'>veniunt.</span> <span class='ocrx_word' id='word_1_11' title='bbox 1237 368 1369 407; x_wconf 83' lang='lat' dir='ltr'>Arare</span> <span class='ocrx_word' id='word_1_12' title='bbox 1384 397 1395 417; x_wconf 77' lang='grc'>,</span> <span class='ocrx_word' id='word_1_13' title='bbox 1421 362 1653 415; x_wconf 82' lang='lat' dir='ltr'>seminare,</span> <span class='ocrx_word' id='word_1_14' title='bbox 1673 360 1825 405; x_wconf 90' lang='lat' dir='ltr'>novel-</span> 
     </span>
     <span class='ocr_line' id='line_1_3' title="bbox 445 431 1826 496; baseline -0.007 -14"><span class='ocrx_word' id='word_1_15' title='bbox 445 437 556 492; x_wconf 80' lang='lat' dir='ltr'>lare,</span> <span class='ocrx_word' id='word_1_16' title='bbox 570 437 771 496; x_wconf 82' lang='lat' dir='ltr'>navigare</span> <span class='ocrx_word' id='word_1_17' title='bbox 787 472 798 491; x_wconf 77' lang='grc'>,</span> <span class='ocrx_word' id='word_1_18' title='bbox 825 436 926 479; x_wconf 87' lang='lat' dir='ltr'>talia</span> <span class='ocrx_word' id='word_1_19' title='bbox 950 435 1092 479; x_wconf 90' lang='lat' dir='ltr'>omnia</span> <span class='ocrx_word' id='word_1_20' title='bbox 1117 449 1245 493; x_wconf 88' lang='lat' dir='ltr'>opera</span> <span class='ocrx_word' id='word_1_21' title='bbox 1259 448 1357 492; x_wconf 81' lang='lat' dir='ltr'>quae</span> <span class='ocrx_word' id='word_1_22' title='bbox 1374 431 1486 490; x_wconf 86' lang='lat' dir='ltr'>parit</span> <span class='ocrx_word' id='word_1_23' title='bbox 1502 431 1584 474; x_wconf 90' lang='lat' dir='ltr'>nisi</span> <span class='ocrx_word' id='word_1_24' title='bbox 1598 431 1826 474; x_wconf 83' lang='lat' dir='ltr'>necessitas</span> 
     </span>
     <span class='ocr_line' id='line_1_4' title="bbox 446 501 1825 566; baseline -0.007 -14"><span class='ocrx_word' id='word_1_25' title='bbox 446 517 490 552; x_wconf 89' lang='lat' dir='ltr'>et</span> <span class='ocrx_word' id='word_1_26' title='bbox 516 507 778 566; x_wconf 78' lang='lat' dir='ltr'>indigentia?</span> <span class='ocrx_word' id='word_1_27' title='bbox 801 506 920 550; x_wconf 91' lang='lat' dir='ltr'>Tolle</span> <span class='ocrx_word' id='word_1_28' title='bbox 944 505 1102 549; x_wconf 84' lang='lat' dir='ltr'>famem</span> <span class='ocrx_word' id='word_1_29' title='bbox 1118 539 1128 558; x_wconf 85' lang='lat'>‚</span> <span class='ocrx_word' id='word_1_30' title='bbox 1154 504 1289 556; x_wconf 78' lang='lat' dir='ltr'>sitim,</span> <span class='ocrx_word' id='word_1_31' title='bbox 1322 502 1586 551; x_wconf 76' lang='lat' dir='ltr'>nuditatem,</span> <span class='ocrx_word' id='word_1_32' title='bbox 1620 501 1691 545; x_wconf 88' lang='lat' dir='ltr'>cui</span> <span class='ocrx_word' id='word_1_33' title='bbox 1717 515 1825 560; x_wconf 88' lang='lat' dir='ltr'>opus</span> 
     </span>
     <span class='ocr_line' id='line_1_5' title="bbox 445 570 1826 632; baseline -0.006 -10"><span class='ocrx_word' id='word_1_34' title='bbox 445 588 547 623; x_wconf 92' lang='lat' dir='ltr'>sunt</span> <span class='ocrx_word' id='word_1_35' title='bbox 576 579 653 621; x_wconf 87' lang='lat' dir='ltr'>ista</span> <span class='ocrx_word' id='word_1_36' title='bbox 683 577 852 621; x_wconf 78' lang='lat' dir='ltr'>omnia?</span> <span class='ocrx_word' id='word_1_37' title='bbox 887 578 990 619; x_wconf 85' lang='lat' dir='ltr'>Haec</span> <span class='ocrx_word' id='word_1_38' title='bbox 1026 574 1155 617; x_wconf 82' lang='lat' dir='ltr'>etiarn</span> <span class='ocrx_word' id='word_1_39' title='bbox 1185 588 1284 632; x_wconf 85' lang='lat' dir='ltr'>quae</span> <span class='ocrx_word' id='word_1_40' title='bbox 1312 572 1437 616; x_wconf 84' lang='lat' dir='ltr'>nobis</span> <span class='ocrx_word' id='word_1_41' title='bbox 1463 572 1675 631; x_wconf 87' lang='lat' dir='ltr'>jubentur</span> <span class='ocrx_word' id='word_1_42' title='bbox 1710 570 1826 614; x_wconf 90' lang='lat' dir='ltr'>bona</span> 
     </span>
     <span class='ocr_line' id='line_1_6' title="bbox 444 639 1826 709; baseline -0.008 -16"><span class='ocrx_word' id='word_1_43' title='bbox 444 664 574 709; x_wconf 89' lang='lat' dir='ltr'>opera</span> <span class='ocrx_word' id='word_1_44' title='bbox 606 667 615 691; x_wconf 72' lang='grc' dir='ltr'>ε</span> <span class='ocrx_word' id='word_1_45' title='bbox 641 662 740 689; x_wconf 87' lang='lat' dir='ltr'>nam</span> <span class='ocrx_word' id='word_1_46' title='bbox 774 646 852 688; x_wconf 89' lang='lat' dir='ltr'>ista</span> <span class='ocrx_word' id='word_1_47' title='bbox 886 660 984 704; x_wconf 69' lang='lat' dir='ltr'>quae</span> <span class='ocrx_word' id='word_1_48' title='bbox 1021 641 1356 687; x_wconf 85' lang='lat' dir='ltr'>commemoravi</span> <span class='ocrx_word' id='word_1_49' title='bbox 1385 641 1563 684; x_wconf 81' lang='lat' dir='ltr'>honesta</span> <span class='ocrx_word' id='word_1_50' title='bbox 1596 649 1719 694; x_wconf 83' lang='lat' dir='ltr'>sunt,</span> <span class='ocrx_word' id='word_1_51' title='bbox 1750 639 1826 683; x_wconf 90' lang='lat' dir='ltr'>sed</span> 
     </span>
     <span class='ocr_line' id='line_1_7' title="bbox 444 711 1822 773; baseline -0.006 -11"><span class='ocrx_word' id='word_1_52' title='bbox 444 719 640 765; x_wconf 90' lang='lat' dir='ltr'>omnium</span> <span class='ocrx_word' id='word_1_53' title='bbox 671 716 921 769; x_wconf 81' lang='lat' dir='ltr'>hominum,</span> <span class='ocrx_word' id='word_1_54' title='bbox 952 713 1167 773; x_wconf 80' lang='lat' dir='ltr'>(exceptis</span> <span class='ocrx_word' id='word_1_55' title='bbox 1199 713 1402 772; x_wconf 84' lang='lat' dir='ltr'>operibus</span> <span class='ocrx_word' id='word_1_56' title='bbox 1430 711 1620 771; x_wconf 88' lang='lat' dir='ltr'>pessimis</span> <span class='ocrx_word' id='word_1_57' title='bbox 1648 711 1822 770; x_wconf 87' lang='lat' dir='ltr'>loquor,</span> 
     </span>
     <span class='ocr_line' id='line_1_8' title="bbox 443 780 1826 845; baseline -0.008 -11"><span class='ocrx_word' id='word_1_58' title='bbox 443 786 771 834; x_wconf 88' lang='lat' dir='ltr'>detestabilibus</span> <span class='ocrx_word' id='word_1_59' title='bbox 799 785 1002 845; x_wconf 78' lang='lat' dir='ltr'>operibus</span> <span class='ocrx_word' id='word_1_60' title='bbox 1018 819 1028 839; x_wconf 82' lang='lat'><strong>‚</strong></span> <span class='ocrx_word' id='word_1_61' title='bbox 1055 783 1225 842; x_wconf 81' lang='lat' dir='ltr'>flagitiis</span> <span class='ocrx_word' id='word_1_62' title='bbox 1246 792 1288 826; x_wconf 87' lang='lat' dir='ltr'>et</span> <span class='ocrx_word' id='word_1_63' title='bbox 1315 780 1579 825; x_wconf 54' lang='lat' dir='ltr'>savium-ibus</span> <span class='ocrx_word' id='word_1_64' title='bbox 1593 817 1608 836; x_wconf 87' lang='lat'><em>,</em></span> <span class='ocrx_word' id='word_1_65' title='bbox 1640 780 1826 824; x_wconf 81' lang='lat' dir='ltr'>homici-</span> 
     </span>
     <span class='ocr_line' id='line_1_9' title="bbox 441 851 1826 913; baseline -0.007 -10"><span class='ocrx_word' id='word_1_66' title='bbox 441 859 543 913; x_wconf 84' lang='lat' dir='ltr'>diis,</span> <span class='ocrx_word' id='word_1_67' title='bbox 568 857 807 901; x_wconf 76' lang='lat' dir='ltr'>effracturis</span> <span class='ocrx_word' id='word_1_68' title='bbox 824 891 834 911; x_wconf 86' lang='lat'>,</span> <span class='ocrx_word' id='word_1_69' title='bbox 861 854 1104 909; x_wconf 80' lang='lat' dir='ltr'>adulteriis,</span> <span class='ocrx_word' id='word_1_70' title='bbox 1129 852 1201 897; x_wconf 83' lang='lat' dir='ltr'>illa</span> <span class='ocrx_word' id='word_1_71' title='bbox 1219 869 1298 897; x_wconf 88' lang='lat' dir='ltr'>nec</span> <span class='ocrx_word' id='word_1_72' title='bbox 1321 851 1484 911; x_wconf 87' lang='lat' dir='ltr'>deputo</span> <span class='ocrx_word' id='word_1_73' title='bbox 1503 852 1615 894; x_wconf 89' lang='lat' dir='ltr'>inter</span> <span class='ocrx_word' id='word_1_74' title='bbox 1637 851 1826 895; x_wconf 84' lang='lat' dir='ltr'>actiones</span> 
     </span>
     <span class='ocr_line' id='line_1_10' title="bbox 442 919 1822 983; baseline -0.007 -11"><span class='ocrx_word' id='word_1_75' title='bbox 442 930 653 973; x_wconf 83' lang='lat' dir='ltr'>humanas</span> <span class='ocrx_word' id='word_1_76' title='bbox 674 930 711 982; x_wconf 76' lang='grc' dir='ltr'>ε)</span> <span class='ocrx_word' id='word_1_77' title='bbox 732 927 826 970; x_wconf 84' lang='lat' dir='ltr'>haec</span> <span class='ocrx_word' id='word_1_78' title='bbox 844 926 1024 969; x_wconf 89' lang='lat' dir='ltr'>honesta</span> <span class='ocrx_word' id='word_1_79' title='bbox 1046 924 1219 983; x_wconf 83' lang='lat' dir='ltr'>loquor⁷</span> <span class='ocrx_word' id='word_1_80' title='bbox 1245 938 1332 967; x_wconf 85' lang='lat' dir='ltr'>non</span> <span class='ocrx_word' id='word_1_81' title='bbox 1350 922 1462 980; x_wconf 89' lang='lat' dir='ltr'>parit</span> <span class='ocrx_word' id='word_1_82' title='bbox 1483 921 1562 964; x_wconf 90' lang='lat' dir='ltr'>nisi</span> <span class='ocrx_word' id='word_1_83' title='bbox 1579 919 1822 975; x_wconf 81' lang='lat' dir='ltr'>necessitas,</span> 
     </span>
     <span class='ocr_line' id='line_1_11' title="bbox 439 990 1825 1054; baseline -0.007 -11"><span class='ocrx_word' id='word_1_84' title='bbox 439 998 668 1044; x_wconf 84' lang='lat' dir='ltr'>necessitas</span> <span class='ocrx_word' id='word_1_85' title='bbox 692 995 932 1054; x_wconf 80' lang='lat' dir='ltr'>fragilitatis</span> <span class='ocrx_word' id='word_1_86' title='bbox 954 994 1135 1039; x_wconf 88' lang='lat' dir='ltr'>carnalis</span> <span class='ocrx_word' id='word_1_87' title='bbox 1161 1013 1170 1038; x_wconf 73' lang='grc' dir='ltr'>ε</span> <span class='ocrx_word' id='word_1_88' title='bbox 1196 997 1299 1038; x_wconf 84' lang='lat' dir='ltr'>Haec</span> <span class='ocrx_word' id='word_1_89' title='bbox 1322 993 1450 1036; x_wconf 85' lang='lat' dir='ltr'>etiam</span> <span class='ocrx_word' id='word_1_90' title='bbox 1466 1007 1564 1051; x_wconf 80' lang='lat' dir='ltr'>quae</span> <span class='ocrx_word' id='word_1_91' title='bbox 1578 990 1665 1034; x_wconf 84' lang='lat' dir='ltr'>dixi</span> <span class='ocrx_word' id='word_1_92' title='bbox 1678 991 1825 1050; x_wconf 85' lang='lat' dir='ltr'>juberi</span> 
     </span>
     <span class='ocr_line' id='line_1_12' title="bbox 437 1060 1826 1124; baseline -0.007 -11"><span class='ocrx_word' id='word_1_93' title='bbox 437 1069 564 1114; x_wconf 91' lang='lat' dir='ltr'>nobis</span> <span class='ocrx_word' id='word_1_94' title='bbox 591 1087 600 1113; x_wconf 74' lang='grc' dir='ltr'>ε</span> <span class='ocrx_word' id='word_1_95' title='bbox 629 1070 835 1123; x_wconf 78' lang='lat' dir='ltr'>«Frange</span> <span class='ocrx_word' id='word_1_96' title='bbox 852 1065 1056 1109; x_wconf 87' lang='lat' dir='ltr'>esurienti</span> <span class='ocrx_word' id='word_1_97' title='bbox 1074 1079 1230 1124; x_wconf 86' lang='lat' dir='ltr'>panem</span> <span class='ocrx_word' id='word_1_98' title='bbox 1250 1072 1390 1107; x_wconf 86' lang='lat' dir='ltr'>tuum.</span> <span class='ocrx_word' id='word_1_99' title='bbox 1414 1080 1433 1102; x_wconf 85' lang='lat'>»</span> <span class='ocrx_word' id='word_1_100' title='bbox 1459 1062 1538 1106; x_wconf 90' lang='lat' dir='ltr'>Cui</span> <span class='ocrx_word' id='word_1_101' title='bbox 1557 1060 1826 1119; x_wconf 80' lang='lat' dir='ltr'>frangis‚ubi</span> 
     </span>
     <span class='ocr_line' id='line_1_13' title="bbox 435 1132 1821 1195; baseline -0.009 -11"><span class='ocrx_word' id='word_1_102' title='bbox 435 1154 566 1184; x_wconf 88' lang='lat' dir='ltr'>nemo</span> <span class='ocrx_word' id='word_1_103' title='bbox 589 1137 747 1195; x_wconf 79' lang='lat' dir='ltr'>esurit?</span> <span class='ocrx_word' id='word_1_104' title='bbox 760 1156 778 1177; x_wconf 93' lang='lat'>«</span> <span class='ocrx_word' id='word_1_105' title='bbox 793 1139 990 1193; x_wconf 85' lang='lat' dir='ltr'>Egenum</span> <span class='ocrx_word' id='word_1_106' title='bbox 1009 1135 1100 1178; x_wconf 91' lang='lat' dir='ltr'>sine</span> <span class='ocrx_word' id='word_1_107' title='bbox 1110 1143 1224 1178; x_wconf 85' lang='lat' dir='ltr'>tecto</span> <span class='ocrx_word' id='word_1_108' title='bbox 1240 1134 1372 1177; x_wconf 89' lang='lat' dir='ltr'>indue</span> <span class='ocrx_word' id='word_1_109' title='bbox 1388 1133 1432 1175; x_wconf 89' lang='lat' dir='ltr'>in</span> <span class='ocrx_word' id='word_1_110' title='bbox 1446 1132 1625 1175; x_wconf 88' lang='lat' dir='ltr'>domum</span> <span class='ocrx_word' id='word_1_111' title='bbox 1639 1132 1821 1174; x_wconf 82' lang='lat' dir='ltr'>tuam1.»</span> 
     </span>
     <span class='ocr_line' id='line_1_14' title="bbox 438 1201 1793 1265; baseline -0.007 -13"><span class='ocrx_word' id='word_1_112' title='bbox 438 1211 581 1262; x_wconf 87' lang='lat' dir='ltr'>Quem</span> <span class='ocrx_word' id='word_1_113' title='bbox 602 1208 817 1265; x_wconf 83' lang='lat' dir='ltr'>hospitem</span> <span class='ocrx_word' id='word_1_114' title='bbox 840 1205 1018 1264; x_wconf 86' lang='lat' dir='ltr'>suscipis</span> <span class='ocrx_word' id='word_1_115' title='bbox 1034 1240 1045 1259; x_wconf 80' lang='lat'>‚</span> <span class='ocrx_word' id='word_1_116' title='bbox 1071 1204 1144 1246; x_wconf 88' lang='lat' dir='ltr'>ubi</span> <span class='ocrx_word' id='word_1_117' title='bbox 1162 1218 1310 1247; x_wconf 90' lang='lat' dir='ltr'>omnes</span> <span class='ocrx_word' id='word_1_118' title='bbox 1328 1203 1373 1245; x_wconf 90' lang='lat' dir='ltr'>in</span> <span class='ocrx_word' id='word_1_119' title='bbox 1391 1202 1526 1261; x_wconf 79' lang='lat' dir='ltr'>patria</span> <span class='ocrx_word' id='word_1_120' title='bbox 1545 1217 1620 1244; x_wconf 91' lang='lat' dir='ltr'>sua</span> <span class='ocrx_word' id='word_1_121' title='bbox 1637 1201 1793 1244; x_wconf 88' lang='lat' dir='ltr'>vivunt</span> 
     </span>
     <span class='ocr_line' id='line_1_15' title="bbox 437 1269 1825 1333; baseline -0.005 -13"><span class='ocrx_word' id='word_1_122' title='bbox 437 1281 579 1331; x_wconf 88' lang='lat' dir='ltr'>Quem</span> <span class='ocrx_word' id='word_1_123' title='bbox 602 1276 745 1320; x_wconf 82' lang='lat' dir='ltr'>visitas</span> <span class='ocrx_word' id='word_1_124' title='bbox 773 1284 987 1333; x_wconf 83' lang='lat' dir='ltr'>aegrotum</span> <span class='ocrx_word' id='word_1_125' title='bbox 1005 1309 1015 1328; x_wconf 86' lang='lat'>‚</span> <span class='ocrx_word' id='word_1_126' title='bbox 1048 1274 1125 1317; x_wconf 92' lang='lat' dir='ltr'>ubi</span> <span class='ocrx_word' id='word_1_127' title='bbox 1157 1282 1367 1332; x_wconf 87' lang='lat' dir='ltr'>perpetua</span> <span class='ocrx_word' id='word_1_128' title='bbox 1400 1273 1581 1315; x_wconf 86' lang='lat' dir='ltr'>sanitate</span> <span class='ocrx_word' id='word_1_129' title='bbox 1601 1269 1825 1329; x_wconf 77' lang='lat' dir='ltr'>gaudent?</span> 
     </span>
     <span class='ocr_line' id='line_1_16' title="bbox 438 1342 1826 1403; baseline -0.006 -12"><span class='ocrx_word' id='word_1_130' title='bbox 438 1351 579 1401; x_wconf 88' lang='lat' dir='ltr'>Quem</span> <span class='ocrx_word' id='word_1_131' title='bbox 597 1345 833 1390; x_wconf 86' lang='lat' dir='ltr'>concordas</span> <span class='ocrx_word' id='word_1_132' title='bbox 851 1345 1085 1403; x_wconf 81' lang='lat' dir='ltr'>litigiosum</span> <span class='ocrx_word' id='word_1_133' title='bbox 1102 1380 1112 1397; x_wconf 62' lang='lat'><em>⁷</em></span> <span class='ocrx_word' id='word_1_134' title='bbox 1129 1344 1206 1388; x_wconf 89' lang='lat' dir='ltr'>ubi</span> <span class='ocrx_word' id='word_1_135' title='bbox 1224 1359 1305 1402; x_wconf 77' lang='lat' dir='ltr'>pax</span> <span class='ocrx_word' id='word_1_136' title='bbox 1319 1342 1579 1401; x_wconf 77' lang='lat' dir='ltr'>sempiterna</span> <span class='ocrx_word' id='word_1_137' title='bbox 1592 1343 1826 1393; x_wconf 76' lang='lat' dir='ltr'>estPQuem</span> 
     </span>
     <span class='ocr_line' id='line_1_17' title="bbox 427 1411 1823 1477; baseline -0.005 -16"><span class='ocrx_word' id='word_1_138' title='bbox 427 1417 588 1477; x_wconf 89' lang='lat' dir='ltr'>sepelis</span> <span class='ocrx_word' id='word_1_139' title='bbox 619 1425 864 1470; x_wconf 85' lang='lat' dir='ltr'>mortuum,</span> <span class='ocrx_word' id='word_1_140' title='bbox 890 1415 968 1459; x_wconf 89' lang='lat' dir='ltr'>ubi</span> <span class='ocrx_word' id='word_1_141' title='bbox 991 1430 1159 1473; x_wconf 86' lang='lat' dir='ltr'>semper</span> <span class='ocrx_word' id='word_1_142' title='bbox 1180 1414 1367 1464; x_wconf 77' lang='lat' dir='ltr'>vivitur?</span> <span class='ocrx_word' id='word_1_143' title='bbox 1390 1411 1505 1456; x_wconf 89' lang='lat' dir='ltr'>Nihil</span> <span class='ocrx_word' id='word_1_144' title='bbox 1542 1426 1642 1469; x_wconf 83' lang='lat' dir='ltr'>ergo</span> <span class='ocrx_word' id='word_1_145' title='bbox 1667 1412 1823 1455; x_wconf 88' lang='lat' dir='ltr'>horum</span> 
     </span>
     <span class='ocr_line' id='line_1_18' title="bbox 436 1482 1821 1546; baseline -0.004 -15"><span class='ocrx_word' id='word_1_146' title='bbox 436 1497 612 1532; x_wconf 88' lang='lat' dir='ltr'>acturus</span> <span class='ocrx_word' id='word_1_147' title='bbox 635 1502 678 1530; x_wconf 87' lang='lat' dir='ltr'>es</span> <span class='ocrx_word' id='word_1_148' title='bbox 701 1503 751 1530; x_wconf 81' lang='lat' dir='ltr'>ex</span> <span class='ocrx_word' id='word_1_149' title='bbox 774 1486 977 1546; x_wconf 90' lang='lat' dir='ltr'>operibus</span> <span class='ocrx_word' id='word_1_150' title='bbox 1000 1484 1189 1528; x_wconf 69' lang='lat' dir='ltr'>honestis</span> <span class='ocrx_word' id='word_1_151' title='bbox 1220 1483 1301 1526; x_wconf 89' lang='lat' dir='ltr'>illis</span> <span class='ocrx_word' id='word_1_152' title='bbox 1329 1482 1525 1526; x_wconf 88' lang='lat' dir='ltr'>omnium</span> <span class='ocrx_word' id='word_1_153' title='bbox 1559 1482 1788 1525; x_wconf 82' lang='lat' dir='ltr'>hominum</span> <span class='ocrx_word' id='word_1_154' title='bbox 1812 1499 1821 1525; x_wconf 79' lang='grc' dir='ltr'>ε</span> 
     </span>
     <span class='ocr_line' id='line_1_19' title="bbox 437 1549 1826 1612; baseline -0.005 -12"><span class='ocrx_word' id='word_1_155' title='bbox 437 1556 546 1600; x_wconf 85' lang='lat' dir='ltr'>nihil</span> <span class='ocrx_word' id='word_1_156' title='bbox 563 1566 737 1600; x_wconf 91' lang='lat' dir='ltr'>acturus</span> <span class='ocrx_word' id='word_1_157' title='bbox 759 1572 802 1599; x_wconf 91' lang='lat' dir='ltr'>es</span> <span class='ocrx_word' id='word_1_158' title='bbox 825 1555 974 1599; x_wconf 76' lang='lat' dir='ltr'>existis</span> <span class='ocrx_word' id='word_1_159' title='bbox 998 1554 1122 1598; x_wconf 89' lang='lat' dir='ltr'>bonis</span> <span class='ocrx_word' id='word_1_160' title='bbox 1145 1553 1372 1612; x_wconf 75' lang='lat' dir='ltr'>operibus3</span> <span class='ocrx_word' id='word_1_161' title='bbox 1397 1552 1495 1611; x_wconf 83' lang='lat' dir='ltr'>quia</span> <span class='ocrx_word' id='word_1_162' title='bbox 1519 1551 1590 1594; x_wconf 87' lang='lat' dir='ltr'>isti</span> <span class='ocrx_word' id='word_1_163' title='bbox 1609 1549 1715 1609; x_wconf 87' lang='lat' dir='ltr'>pulli</span> <span class='ocrx_word' id='word_1_164' title='bbox 1738 1560 1826 1594; x_wconf 84' lang='lat' dir='ltr'>tur-</span> 
     </span>
     <span class='ocr_line' id='line_1_20' title="bbox 436 1620 1826 1686; baseline -0.005 -16"><span class='ocrx_word' id='word_1_165' title='bbox 436 1627 545 1671; x_wconf 85' lang='lat' dir='ltr'>turis</span> <span class='ocrx_word' id='word_1_166' title='bbox 559 1628 647 1686; x_wconf 83' lang='lat' dir='ltr'>jam</span> <span class='ocrx_word' id='word_1_167' title='bbox 670 1626 882 1669; x_wconf 87' lang='lat' dir='ltr'>volabunt</span> <span class='ocrx_word' id='word_1_168' title='bbox 911 1625 965 1668; x_wconf 88' lang='lat' dir='ltr'>de</span> <span class='ocrx_word' id='word_1_169' title='bbox 1000 1625 1118 1668; x_wconf 89' lang='lat' dir='ltr'>nido.</span> <span class='ocrx_word' id='word_1_170' title='bbox 1145 1622 1261 1676; x_wconf 88' lang='lat' dir='ltr'>Quid</span> <span class='ocrx_word' id='word_1_171' title='bbox 1280 1624 1416 1681; x_wconf 75' lang='lat' dir='ltr'>ergo?</span> <span class='ocrx_word' id='word_1_172' title='bbox 1439 1625 1462 1665; x_wconf 87' lang='lat' dir='ltr'>J</span> <span class='ocrx_word' id='word_1_173' title='bbox 1468 1637 1534 1665; x_wconf 90' lang='lat' dir='ltr'>am</span> <span class='ocrx_word' id='word_1_174' title='bbox 1556 1621 1696 1664; x_wconf 78' lang='lat' dir='ltr'>dixisti</span> <span class='ocrx_word' id='word_1_175' title='bbox 1718 1620 1826 1681; x_wconf 86' lang='lat' dir='ltr'>quid</span> 
     </span>
     <span class='ocr_line' id='line_1_21' title="bbox 434 1692 1820 1748; baseline -0.006 -7"><span class='ocrx_word' id='word_1_176' title='bbox 434 1697 624 1741; x_wconf 86' lang='lat' dir='ltr'>habituri</span> <span class='ocrx_word' id='word_1_177' title='bbox 661 1711 807 1739; x_wconf 88' lang='lat' dir='ltr'>sumus</span> <span class='ocrx_word' id='word_1_178' title='bbox 830 1715 838 1740; x_wconf 91' lang='lat'>:</span> <span class='ocrx_word' id='word_1_179' title='bbox 864 1696 943 1748; x_wconf 86' lang='lat' dir='ltr'>Qui</span> <span class='ocrx_word' id='word_1_180' title='bbox 969 1694 1169 1738; x_wconf 87' lang='lat' dir='ltr'>habitant</span> <span class='ocrx_word' id='word_1_181' title='bbox 1200 1694 1245 1736; x_wconf 90' lang='lat' dir='ltr'>in</span> <span class='ocrx_word' id='word_1_182' title='bbox 1269 1693 1400 1736; x_wconf 90' lang='lat' dir='ltr'>domo</span> <span class='ocrx_word' id='word_1_183' title='bbox 1424 1701 1497 1735; x_wconf 87' lang='lat' dir='ltr'>tua</span> <span class='ocrx_word' id='word_1_184' title='bbox 1514 1727 1524 1746; x_wconf 87' lang='lat'>,</span> <span class='ocrx_word' id='word_1_185' title='bbox 1557 1692 1672 1734; x_wconf 88' lang='lat' dir='ltr'>beati</span> <span class='ocrx_word' id='word_1_186' title='bbox 1705 1699 1820 1734; x_wconf 86' lang='lat' dir='ltr'>sunt.</span> 
     </span>
     <span class='ocr_line' id='line_1_22' title="bbox 434 1760 1824 1825; baseline -0.005 -15"><span class='ocrx_word' id='word_1_187' title='bbox 434 1767 512 1811; x_wconf 92' lang='lat' dir='ltr'>Dic</span> <span class='ocrx_word' id='word_1_188' title='bbox 544 1767 672 1810; x_wconf 86' lang='lat' dir='ltr'>etiam</span> <span class='ocrx_word' id='word_1_189' title='bbox 705 1765 811 1825; x_wconf 80' lang='lat' dir='ltr'>quid</span> <span class='ocrx_word' id='word_1_190' title='bbox 847 1765 985 1809; x_wconf 73' lang='lat' dir='ltr'>acturi</span> <span class='ocrx_word' id='word_1_191' title='bbox 1007 1774 1109 1808; x_wconf 89' lang='lat' dir='ltr'>sunt</span> <span class='ocrx_word' id='word_1_192' title='bbox 1129 1799 1139 1818; x_wconf 83' lang='lat'>‚</span> <span class='ocrx_word' id='word_1_193' title='bbox 1173 1765 1384 1824; x_wconf 86' lang='lat' dir='ltr'>quianon</span> <span class='ocrx_word' id='word_1_194' title='bbox 1418 1762 1478 1805; x_wconf 90' lang='lat' dir='ltr'>ibi</span> <span class='ocrx_word' id='word_1_195' title='bbox 1505 1761 1632 1804; x_wconf 90' lang='lat' dir='ltr'>video</span> <span class='ocrx_word' id='word_1_196' title='bbox 1660 1760 1824 1820; x_wconf 89' lang='lat' dir='ltr'>aliquas</span> 
     </span>
     <span class='ocr_line' id='line_1_23' title="bbox 432 1831 1824 1896; baseline -0.004 -15"><span class='ocrx_word' id='word_1_197' title='bbox 432 1837 704 1881; x_wconf 84' lang='lat' dir='ltr'>necessitates</span> <span class='ocrx_word' id='word_1_198' title='bbox 723 1871 734 1891; x_wconf 80' lang='lat'>,</span> <span class='ocrx_word' id='word_1_199' title='bbox 759 1852 858 1896; x_wconf 87' lang='lat' dir='ltr'>quae</span> <span class='ocrx_word' id='word_1_200' title='bbox 880 1851 949 1879; x_wconf 89' lang='lat' dir='ltr'>me</span> <span class='ocrx_word' id='word_1_201' title='bbox 970 1834 1198 1894; x_wconf 82' lang='lat' dir='ltr'>impellant</span> <span class='ocrx_word' id='word_1_202' title='bbox 1221 1835 1275 1878; x_wconf 82' lang='lat' dir='ltr'>ad</span> <span class='ocrx_word' id='word_1_203' title='bbox 1293 1832 1524 1891; x_wconf 83' lang='lat' dir='ltr'>agendum.</span> <span class='ocrx_word' id='word_1_204' title='bbox 1552 1835 1665 1876; x_wconf 89' lang='lat' dir='ltr'>Ecce</span> <span class='ocrx_word' id='word_1_205' title='bbox 1693 1831 1824 1876; x_wconf 90' lang='lat' dir='ltr'>modo</span> 
     </span>
     <span class='ocr_line' id='line_1_24' title="bbox 432 1901 1824 1968; baseline -0.005 -17"><span class='ocrx_word' id='word_1_206' title='bbox 432 1907 552 1968; x_wconf 92' lang='lat' dir='ltr'>quod</span> <span class='ocrx_word' id='word_1_207' title='bbox 581 1907 738 1966; x_wconf 88' lang='lat' dir='ltr'>loquor</span> <span class='ocrx_word' id='word_1_208' title='bbox 759 1916 801 1949; x_wconf 88' lang='lat' dir='ltr'>et</span> <span class='ocrx_word' id='word_1_209' title='bbox 825 1906 1023 1965; x_wconf 80' lang='lat' dir='ltr'>disputo,</span> <span class='ocrx_word' id='word_1_210' title='bbox 1060 1906 1288 1948; x_wconf 83' lang='lat' dir='ltr'>necessitas</span> <span class='ocrx_word' id='word_1_211' title='bbox 1310 1904 1435 1962; x_wconf 87' lang='lat' dir='ltr'>parit.</span> <span class='ocrx_word' id='word_1_212' title='bbox 1459 1901 1687 1962; x_wconf 87' lang='lat' dir='ltr'>Numquid</span> <span class='ocrx_word' id='word_1_213' title='bbox 1708 1901 1824 1945; x_wconf 91' lang='lat' dir='ltr'>enim</span> 
     </span>
     <span class='ocr_line' id='line_1_25' title="bbox 431 1972 1824 2036; baseline -0.004 -15"><span class='ocrx_word' id='word_1_214' title='bbox 431 1979 493 2021; x_wconf 84' lang='lat' dir='ltr'>ibi</span> <span class='ocrx_word' id='word_1_215' title='bbox 521 1977 615 2021; x_wconf 86' lang='lat' dir='ltr'>talis</span> <span class='ocrx_word' id='word_1_216' title='bbox 648 1977 884 2036; x_wconf 87' lang='lat' dir='ltr'>disputatio</span> <span class='ocrx_word' id='word_1_217' title='bbox 918 1976 1025 2030; x_wconf 72' lang='lat' dir='ltr'>erit,</span> <span class='ocrx_word' id='word_1_218' title='bbox 1047 1976 1168 2034; x_wconf 85' lang='lat' dir='ltr'>quasi</span> <span class='ocrx_word' id='word_1_219' title='bbox 1186 1991 1285 2035; x_wconf 70' lang='lat' dir='ltr'>quae</span> <span class='ocrx_word' id='word_1_220' title='bbox 1307 1974 1462 2018; x_wconf 88' lang='lat' dir='ltr'>doceat</span> <span class='ocrx_word' id='word_1_221' title='bbox 1478 1974 1674 2031; x_wconf 81' lang='lat' dir='ltr'>ignaros,</span> <span class='ocrx_word' id='word_1_222' title='bbox 1701 1972 1824 2033; x_wconf 88' lang='lat' dir='ltr'>quasi</span> 
     </span>
     <span class='ocr_line' id='line_1_26' title="bbox 428 2044 1826 2109; baseline -0.004 -17"><span class='ocrx_word' id='word_1_223' title='bbox 428 2064 528 2109; x_wconf 87' lang='lat' dir='ltr'>quae</span> <span class='ocrx_word' id='word_1_224' title='bbox 551 2056 864 2092; x_wconf 86' lang='lat' dir='ltr'>commemoret</span> <span class='ocrx_word' id='word_1_225' title='bbox 878 2046 1235 2091; x_wconf 70' lang='lat' dir='ltr'>obliviosos9Aut</span> <span class='ocrx_word' id='word_1_226' title='bbox 1250 2061 1350 2089; x_wconf 88' lang='lat' dir='ltr'>vero</span> <span class='ocrx_word' id='word_1_227' title='bbox 1372 2045 1416 2088; x_wconf 90' lang='lat' dir='ltr'>in</span> <span class='ocrx_word' id='word_1_228' title='bbox 1434 2044 1506 2088; x_wconf 86' lang='lat' dir='ltr'>illa</span> <span class='ocrx_word' id='word_1_229' title='bbox 1522 2045 1659 2104; x_wconf 88' lang='lat' dir='ltr'>patria</span> <span class='ocrx_word' id='word_1_230' title='bbox 1682 2047 1826 2088; x_wconf 84' lang='lat' dir='ltr'>Evan-</span> 
     </span>
     <span class='ocr_line' id='line_1_27' title="bbox 430 2114 1822 2178; baseline -0.004 -16"><span class='ocrx_word' id='word_1_231' title='bbox 430 2119 590 2178; x_wconf 83' lang='lat' dir='ltr'>gelium</span> <span class='ocrx_word' id='word_1_232' title='bbox 627 2118 896 2171; x_wconf 82' lang='lat' dir='ltr'>recitabitur,</span> <span class='ocrx_word' id='word_1_233' title='bbox 922 2117 997 2160; x_wconf 83' lang='lat' dir='ltr'>ubi</span> <span class='ocrx_word' id='word_1_234' title='bbox 1021 2116 1161 2176; x_wconf 86' lang='lat' dir='ltr'>ipsum</span> <span class='ocrx_word' id='word_1_235' title='bbox 1188 2116 1259 2159; x_wconf 85' lang='lat' dir='ltr'>Dei</span> <span class='ocrx_word' id='word_1_236' title='bbox 1283 2116 1477 2160; x_wconf 89' lang='lat' dir='ltr'>Verbum</span> <span class='ocrx_word' id='word_1_237' title='bbox 1503 2114 1822 2174; x_wconf 89' lang='lat' dir='ltr'>contemplabi-</span> 
     </span>
     <span class='ocr_line' id='line_1_28' title="bbox 427 2186 1823 2254; baseline -0.004 -21"><span class='ocrx_word' id='word_1_238' title='bbox 427 2191 529 2233; x_wconf 80' lang='lat' dir='ltr'>tur?</span> <span class='ocrx_word' id='word_1_239' title='bbox 554 2192 666 2246; x_wconf 79' lang='lat' dir='ltr'>Ergo</span> <span class='ocrx_word' id='word_1_240' title='bbox 691 2189 791 2248; x_wconf 81' lang='lat' dir='ltr'>quia</span> <span class='ocrx_word' id='word_1_241' title='bbox 825 2187 931 2254; x_wconf 62' lang='lat' dir='ltr'>dixit</span> <span class='ocrx_word' id='word_1_242' title='bbox 953 2187 1032 2230; x_wconf 89' lang='lat' dir='ltr'>iste</span> <span class='ocrx_word' id='word_1_243' title='bbox 1064 2186 1312 2230; x_wconf 84' lang='lat' dir='ltr'>desiderans</span> <span class='ocrx_word' id='word_1_244' title='bbox 1341 2196 1385 2230; x_wconf 90' lang='lat' dir='ltr'>et</span> <span class='ocrx_word' id='word_1_245' title='bbox 1406 2186 1621 2246; x_wconf 84' lang='lat' dir='ltr'>suspirans</span> <span class='ocrx_word' id='word_1_246' title='bbox 1645 2201 1695 2228; x_wconf 80' lang='lat' dir='ltr'>ex</span> <span class='ocrx_word' id='word_1_247' title='bbox 1716 2200 1823 2229; x_wconf 86' lang='lat' dir='ltr'>voce</span> 
     </span>
     <span class='ocr_line' id='line_1_29' title="bbox 428 2256 1819 2319; baseline -0.004 -16"><span class='ocrx_word' id='word_1_248' title='bbox 428 2269 572 2304; x_wconf 90' lang='lat' dir='ltr'>nostra</span> <span class='ocrx_word' id='word_1_249' title='bbox 593 2295 603 2314; x_wconf 87' lang='lat'>,</span> <span class='ocrx_word' id='word_1_250' title='bbox 629 2260 736 2319; x_wconf 82' lang='lat' dir='ltr'>quid</span> <span class='ocrx_word' id='word_1_251' title='bbox 759 2259 950 2303; x_wconf 88' lang='lat' dir='ltr'>habituri</span> <span class='ocrx_word' id='word_1_252' title='bbox 976 2273 1122 2302; x_wconf 86' lang='lat' dir='ltr'>sumus</span> <span class='ocrx_word' id='word_1_253' title='bbox 1150 2258 1193 2301; x_wconf 91' lang='lat' dir='ltr'>in</span> <span class='ocrx_word' id='word_1_254' title='bbox 1217 2257 1288 2301; x_wconf 84' lang='lat' dir='ltr'>illa</span> <span class='ocrx_word' id='word_1_255' title='bbox 1312 2257 1447 2317; x_wconf 88' lang='lat' dir='ltr'>patria</span> <span class='ocrx_word' id='word_1_256' title='bbox 1475 2257 1545 2300; x_wconf 85' lang='lat' dir='ltr'>cui</span> <span class='ocrx_word' id='word_1_257' title='bbox 1564 2256 1819 2314; x_wconf 82' lang='lat' dir='ltr'>suspiratur,</span> 
     </span>
     <span class='ocr_line' id='line_1_30' title="bbox 426 2325 1823 2390; baseline -0.003 -17"><span class='ocrx_word' id='word_1_258' title='bbox 426 2340 470 2374; x_wconf 87' lang='lat' dir='ltr'>et</span> <span class='ocrx_word' id='word_1_259' title='bbox 492 2331 550 2374; x_wconf 88' lang='lat' dir='ltr'>ait</span> <span class='ocrx_word' id='word_1_260' title='bbox 570 2350 578 2375; x_wconf 74' lang='grc' dir='ltr'>ε</span> <span class='ocrx_word' id='word_1_261' title='bbox 609 2349 627 2371; x_wconf 91' lang='lat'>«</span> <span class='ocrx_word' id='word_1_262' title='bbox 649 2331 768 2373; x_wconf 84' lang='lat' dir='ltr'>Beati</span> <span class='ocrx_word' id='word_1_263' title='bbox 783 2331 857 2390; x_wconf 82' lang='lat' dir='ltr'>qui</span> <span class='ocrx_word' id='word_1_264' title='bbox 878 2330 1078 2373; x_wconf 82' lang='lat' dir='ltr'>habitant</span> <span class='ocrx_word' id='word_1_265' title='bbox 1095 2329 1140 2372; x_wconf 89' lang='lat' dir='ltr'>in</span> <span class='ocrx_word' id='word_1_266' title='bbox 1163 2328 1294 2372; x_wconf 87' lang='lat' dir='ltr'>domo</span> <span class='ocrx_word' id='word_1_267' title='bbox 1312 2337 1386 2372; x_wconf 91' lang='lat' dir='ltr'>tua</span> <span class='ocrx_word' id='word_1_268' title='bbox 1407 2348 1415 2372; x_wconf 91' lang='lat'>:</span> <span class='ocrx_word' id='word_1_269' title='bbox 1448 2347 1467 2368; x_wconf 87' lang='lat'>»</span> <span class='ocrx_word' id='word_1_270' title='bbox 1494 2327 1610 2371; x_wconf 87' lang='lat' dir='ltr'>dicat</span> <span class='ocrx_word' id='word_1_271' title='bbox 1642 2336 1684 2370; x_wconf 86' lang='lat' dir='ltr'>et</span> <span class='ocrx_word' id='word_1_272' title='bbox 1714 2325 1823 2386; x_wconf 86' lang='lat' dir='ltr'>quid</span> 
     </span>
     <span class='ocr_line' id='line_1_31' title="bbox 424 2397 1820 2444; baseline -0.001 -1"><span class='ocrx_word' id='word_1_273' title='bbox 424 2400 561 2444; x_wconf 86' lang='lat' dir='ltr'>acturi</span> <span class='ocrx_word' id='word_1_274' title='bbox 585 2415 747 2444; x_wconf 86' lang='lat' dir='ltr'>sumus.</span> <span class='ocrx_word' id='word_1_275' title='bbox 769 2419 788 2441; x_wconf 87' lang='lat'>«</span> <span class='ocrx_word' id='word_1_276' title='bbox 809 2403 858 2443; x_wconf 92' lang='lat' dir='ltr'>In</span> <span class='ocrx_word' id='word_1_277' title='bbox 880 2400 1036 2443; x_wconf 83' lang='lat' dir='ltr'>saecula</span> <span class='ocrx_word' id='word_1_278' title='bbox 1053 2399 1313 2443; x_wconf 87' lang='lat' dir='ltr'>saeculorum</span> <span class='ocrx_word' id='word_1_279' title='bbox 1337 2397 1582 2442; x_wconf 88' lang='lat' dir='ltr'>laudabunt</span> <span class='ocrx_word' id='word_1_280' title='bbox 1603 2407 1660 2440; x_wconf 91' lang='lat' dir='ltr'>te.</span> <span class='ocrx_word' id='word_1_281' title='bbox 1681 2415 1700 2437; x_wconf 87' lang='lat'>»</span> <span class='ocrx_word' id='word_1_282' title='bbox 1728 2400 1820 2441; x_wconf 86' lang='lat' dir='ltr'>Hoc</span> 
     </span>
     <span class='ocr_line' id='line_1_32' title="bbox 363 2467 1818 2528; baseline -0.004 -12"><span class='ocrx_word' id='word_1_283' title='bbox 363 2470 399 2516; x_wconf 61' lang='grc' dir='ltr'>ἓ</span> <span class='ocrx_word' id='word_1_284' title='bbox 423 2471 504 2514; x_wconf 89' lang='lat' dir='ltr'>erit</span> <span class='ocrx_word' id='word_1_285' title='bbox 526 2480 668 2514; x_wconf 88' lang='lat' dir='ltr'>totum</span> <span class='ocrx_word' id='word_1_286' title='bbox 691 2471 913 2528; x_wconf 76' lang='lat' dir='ltr'>negotium</span> <span class='ocrx_word' id='word_1_287' title='bbox 937 2480 1136 2514; x_wconf 90' lang='lat' dir='ltr'>nostrum</span> <span class='ocrx_word' id='word_1_288' title='bbox 1153 2506 1163 2524; x_wconf 81' lang='lat'>,</span> <span class='ocrx_word' id='word_1_289' title='bbox 1189 2471 1280 2513; x_wconf 86' lang='lat' dir='ltr'>sinc</span> <span class='ocrx_word' id='word_1_290' title='bbox 1298 2469 1472 2513; x_wconf 82' lang='lat' dir='ltr'>defectu</span> <span class='ocrx_word' id='word_1_291' title='bbox 1491 2467 1692 2512; x_wconf 78' lang='lat' dir='ltr'>Alleluia.</span> <span class='ocrx_word' id='word_1_292' title='bbox 1719 2470 1818 2512; x_wconf 88' lang='lat' dir='ltr'>Non</span> 
     </span>
     <span class='ocr_line' id='line_1_33' title="bbox 418 2537 1813 2600; baseline -0.004 -16"><span class='ocrx_word' id='word_1_293' title='bbox 418 2540 540 2585; x_wconf 81' lang='lat' dir='ltr'>vobis</span> <span class='ocrx_word' id='word_1_294' title='bbox 558 2576 566 2584; x_wconf 93' lang='lat'><strong>.</strong></span> <span class='ocrx_word' id='word_1_295' title='bbox 597 2540 767 2596; x_wconf 79' lang='lat' dir='ltr'>fratres‚</span> <span class='ocrx_word' id='word_1_296' title='bbox 789 2540 988 2585; x_wconf 84' lang='lat' dir='ltr'>videatur</span> <span class='ocrx_word' id='word_1_297' title='bbox 1006 2541 1125 2600; x_wconf 76' lang='lat' dir='ltr'>quasi</span> <span class='ocrx_word' id='word_1_298' title='bbox 1146 2539 1369 2584; x_wconf 76' lang='lat' dir='ltr'>Iastidium</span> <span class='ocrx_word' id='word_1_299' title='bbox 1385 2539 1446 2582; x_wconf 83' lang='lat' dir='ltr'>ibi</span> <span class='ocrx_word' id='word_1_300' title='bbox 1466 2538 1668 2583; x_wconf 87' lang='lat' dir='ltr'>futurum</span> <span class='ocrx_word' id='word_1_301' title='bbox 1686 2537 1813 2597; x_wconf 88' lang='lat' dir='ltr'>:quia</span> 
     </span>
    </p>
   </div>
   <div class='ocr_carea' id='block_1_3' title="bbox 469 2627 728 2667">
    <p class='ocr_par' dir='ltr' id='par_1_3' title="bbox 469 2627 728 2667">
     <span class='ocr_line' id='line_1_34' title="bbox 469 2627 728 2667; baseline 0 -10"><span class='ocrx_word' id='word_1_302' title='bbox 469 2632 478 2647; x_wconf 89' lang='lat'><em>¹</em></span> <span class='ocrx_word' id='word_1_303' title='bbox 499 2627 571 2658; x_wconf 80' lang='lat' dir='ltr'>lsai.</span> <span class='ocrx_word' id='word_1_304' title='bbox 588 2637 675 2667; x_wconf 66' lang='lat' dir='ltr'>tvm,</span> <span class='ocrx_word' id='word_1_305' title='bbox 695 2637 728 2667; x_wconf 80' lang='lat'>7.</span> 
     </span>
    </p>
   </div>
  </div>
 </body>
</html>
