1926 3339
357 312 600 343 ENARRA‘no
630 316 678 343 m
708 313 911 345 mmmm
941 317 1106 347 Lxxxv.
1323 311 1404 352 211

29 378 316 435 confusionis,
340 380 374 423 si
398 395 489 426 non
511 389 795 426 contemnant
825 381 1086 427 medicinam
1112 383 1408 432 confessionis.

30 448 74 495 Si
111 457 258 493 autem
286 449 418 495 modo
452 450 611 495 nolunt
642 451 880 507 confundi,
919 462 1027 498 tunc
1058 452 1408 513 confundentur,

25 518 202 579 quando
218 518 438 564 deducent
453 536 525 565 eos
547 536 598 565 ex
618 522 798 567 adverso
812 522 1063 584 iniquitates
1076 540 1228 570 eorum
1243 527 1276 572 1.
1292 530 1404 579 Quo-

24 587 156 632 modo
188 588 548 635 confundentur?
578 591 766 645 Quando
797 592 945 639 dicent
971 613 980 639 :
1017 613 1035 635 «
1071 595 1129 640 Hi
1158 605 1260 641 sunt
1293 612 1406 657 quos

29 676 48 699 »
81 657 318 718 aliquando
333 659 566 705 habuimus
583 661 629 706 in
641 662 774 707 risum
785 672 829 708 et
841 663 887 708 in
898 664 1227 710 similitudinem
1241 666 1408 727 impro-

31 747 49 770 »
82 729 204 788 perii.
218 732 305 775 Nos
317 730 520 776 insensati
531 732 664 777 vitam
674 749 827 779 eorum
837 735 1158 782 aestimabamus
1171 737 1382 783 insaniam
1397 756 1409 784 :

29 816 50 840 »
84 799 306 859 quomodo
339 803 580 861 computati
598 813 700 848 sunt
721 804 834 849 inter
862 804 974 850 filios
1005 807 1116 851 Dei?
1146 807 1264 861 Quid
1284 809 1411 854 nobis

28 887 49 911 »
82 869 249 929 profuit
279 872 501 931 superbia2
534 892 543 917 ε
585 891 606 915 >ι
634 877 757 920 Tunc
789 875 936 920 dicent
961 895 970 921 ε
1001 876 1134 922 modo
1157 878 1331 934 dicant,
1366 888 1413 923 et

25 938 254 985 salubriter
271 941 438 987 dicunt.
455 945 745 989 Convertatur
757 946 874 989 enim
887 947 1187 1007 unusquisque
1203 948 1258 992 ad
1273 951 1413 992 Deum

25 1010 200 1055 humilis
216 1047 228 1067 ,
253 1022 296 1057 et
311 1014 444 1058 modo
465 1014 602 1070 dicat,
632 1034 653 1057 «
677 1016 794 1069 Quid
817 1016 924 1060 mihi
946 1017 1112 1076 profuit
1133 1019 1365 1078 superbia?
1388 1037 1410 1062 n

27 1090 70 1125 et
90 1080 237 1126 audiat
253 1083 308 1126 ab
329 1083 565 1143 Apostolo:
593 1104 614 1128 «
639 1090 778 1139 Quam
799 1087 915 1131 enim
939 1087 1117 1145 gloriam
1137 1088 1348 1133 habuistis
1368 1088 1415 1133 in

30 1171 50 1194 »
83 1152 149 1196 his
167 1187 178 1208 ,
202 1153 248 1198 in
269 1154 430 1214 quibus
454 1172 571 1200 nunc
591 1157 901 1202 erubescitis³?
923 1158 1090 1203 Videtis
1107 1175 1197 1204 esse
1216 1169 1261 1205 et
1281 1159 1415 1204 modo

25 1223 326 1269 confusionem
355 1225 573 1271 salubrem
596 1228 642 1272 in
669 1226 767 1274 loco
791 1229 1091 1289 poenitentiae3
1130 1240 1238 1276 tunc
1267 1239 1415 1276 autem

26 1309 163 1338 seram
182 1330 193 1350 ,
233 1295 434 1340 inutilem
448 1332 459 1353 ‚
497 1296 830 1344 infructuosam.
872 1318 890 1340 «
939 1300 1053 1354 Quid
1087 1302 1214 1346 nobis
1250 1301 1414 1359 profuit

29 1381 50 1406 »
83 1365 312 1425 superbia?
326 1376 409 1411 aut
431 1367 539 1428 quid
559 1368 808 1414 divitiarum
821 1371 1029 1430 jactantia
1051 1371 1239 1417 contulit
1259 1372 1415 1417 nobis?

29 1452 50 1477 »
87 1437 367 1482 Transierunt
399 1439 546 1483 omnia
577 1448 786 1501 tanquam
822 1441 979 1485 umbra
1001 1443 1033 1485 4.
1071 1460 1093 1484 >›
1126 1442 1244 1496 Quid
1275 1443 1415 1499 enim,

26 1506 204 1566 quando
232 1508 304 1553 hic
335 1509 537 1564 vivebas,
576 1525 668 1554 non
702 1510 879 1556 videbas
901 1512 1003 1572 quia
1028 1513 1299 1557 transiebant
1334 1513 1417 1558 ista

27 1578 171 1623 omnia
190 1587 400 1640 tanquam
432 1580 618 1625 umbra?
652 1584 775 1626 Tunc
803 1581 1071 1643 relinqueres
1106 1584 1331 1640 umbram,
1372 1593 1416 1629 et

27 1663 135 1693 esses
155 1649 201 1693 in
227 1649 326 1694 luce
352 1669 361 1695 z
391 1666 482 1696 non
508 1661 657 1711 postea
686 1652 850 1697 diceres
877 1672 887 1698 ε
909 1673 927 1694 «
960 1654 1243 1699 Transierunt
1270 1655 1416 1699 omnia

29 1737 49 1761 »
74 1718 195 1764 velut
216 1721 400 1776 umbra,
439 1740 460 1763 »
493 1721 671 1782 quando
692 1723 748 1766 ab
779 1723 936 1768 umbra
967 1725 1013 1769 in
1034 1726 1237 1770 tenebras
1271 1726 1413 1770 iturus

27 1804 84 1833 es.
113 1809 132 1831 «
153 1794 186 1834 F
192 1806 240 1835 ac
255 1806 427 1836 mecum
445 1793 617 1850 signum
633 1793 680 1838 in
691 1793 809 1839 bono
824 1830 836 1850 ‚
853 1804 905 1840 ut
924 1794 1103 1841 videant
1115 1797 1193 1857 qui
1209 1813 1280 1841 me
1302 1796 1414 1842 ode-

31 1879 52 1902 »
86 1871 215 1917 runt,
240 1872 284 1907 et
302 1862 647 1909 confundantur.
678 1885 697 1907 »
736 1911 741 1913 a

85 1934 245 1977 XXIV.
270 1952 288 1975 «
305 1934 520 1986 Quoniam
539 1944 604 1990 tu,
620 1936 814 1992 Domine,
838 1935 1041 1997 adjuvisti
1057 1954 1142 1992 me,
1159 1948 1202 1983 et
1219 1938 1416 1984 consola-

31 2020 52 2047 »
74 2012 142 2048 tus
160 2019 203 2048 es
226 2006 338 2048 me5.
356 1992 572 2065 Adjubisti
588 2022 673 2061 me,
694 2006 771 2050 »in
789 2009 1048 2065 certamine3
1063 2013 1151 2054 «Et
1165 2010 1414 2055 consolatus

31 2092 52 2117 ³>
78 2090 121 2119 es
136 2091 208 2119 me
223 2110 234 2130 ‚
257 2093 277 2117 η
294 2075 341 2119 in
359 2076 546 2120 tristitia.
566 2079 703 2121 Nemo
725 2079 840 2123 enim
861 2078 1204 2125 consolationem
1227 2081 1385 2141 quaerit
1400 2116 1412 2136 ‚

28 2145 107 2189 nisi
124 2145 201 2206 qui
222 2155 286 2190 est
302 2146 348 2189 in
367 2145 551 2191 miseria.
562 2150 660 2192 Nou
676 2147 808 2193 vultis
823 2149 1065 2194 consolari?
1082 2151 1221 2195 Dicite
1235 2152 1335 2211 quia
1353 2150 1415 2195 fe-

28 2214 129 2260 lices
146 2215 337 2261 estiSPEt
360 2217 533 2271 auditis,
549 2218 772 2277 «Populus
794 2235 931 2274 meus,
949 2238 969 2261 n
985 2223 1033 2277 (J
1039 2236 1108 2264 am
1126 2221 1410 2280 respondetis,

20 2284 72 2330 'et
85 2285 216 2330 audio
230 2301 427 2330 murmur
443 2287 555 2331 bene
574 2288 815 2332 tenentium
843 2290 1097 2349 Scripturas.
1116 2294 1230 2335 Deus
1247 2292 1322 2351 qui
1339 2307 1417 2336 nos

31 2357 197 2416 scripsit
211 2358 257 2400 in
273 2356 478 2402 cordibus
492 2358 658 2412 vestris,
671 2360 900 2404 confirmet
911 2360 957 2403 in
974 2360 1096 2404 factis
1111 2361 1277 2405 vestris.
1290 2361 1420 2406 Vide-

31 2427 99 2482 tis,
122 2426 290 2483 fratres,
309 2427 411 2487 quia
429 2428 505 2488 qui
525 2428 648 2472 vobis
669 2428 824 2473 dicunt
845 2449 853 2474 2
879 2430 1042 2474 Felices
1065 2432 1184 2486 estis,
1200 2432 1417 2476 seducunt

31 2500 149 2556 vos.)
175 2517 196 2540 «
221 2497 414 2558 Populus
430 2513 552 2543 meus
568 2533 579 2554 ,
604 2499 681 2558 qui
701 2515 777 2544 vos
795 2499 940 2545 felices
963 2501 1141 2557 dicunt,
1162 2502 1208 2545 in
1229 2517 1418 2547 errorem

80 2602 89 2618 ¹
109 2597 184 2639 Sap.
202 2607 235 2628 Π
250 2621 259 2637 ,
276 2606 329 2628 20.
349 2613 392 2619 —
411 2603 424 2619 ²
442 2596 490 2628 Id.
508 2607 549 2638 v,
570 2597 638 2629 3-6.
660 2613 702 2619 -
717 2594 730 2620 3
748 2599 839 2630 Rom.
864 2575 992 2640 v1‚a1.
1012 2615 1054 2621 —-
1074 2597 1089 2628 4
1112 2600 1185 2642 Sap.
1207 2610 1241 2640 v,
1264 2600 1298 2642 8,
1321 2610 1354 2642 9.
1375 2616 1417 2622 —

36 2648 142 2684 ⁵Psal.
170 2662 288 2691 Lxxxv,
308 2661 357 2693 17.

1170 2708 1233 2748 14.
