1926 3339
475 342 561 382 236
655 352 657 354 ·
914 343 949 374 s.
965 340 968 341 ’
985 338 1215 370 Aucus-nm
1246 333 1428 364 EPlseom

477 426 604 473 runt,
627 425 671 461 et
686 415 799 461 inter
818 411 925 458 tales
945 403 1178 454 nesciendo
1194 406 1449 463 posuerunt7
1474 393 1678 456 qualibus
1699 405 1755 436 ne
1775 390 1858 436 hoc

474 497 618 534 essent
638 488 727 546 ipse
749 481 966 529 subvenit.

537 562 638 603 VII.
673 576 693 598 «
725 559 777 600 In
810 569 880 598 me
907 550 1162 596 confirmata
1194 553 1258 588 est
1285 538 1526 599 indignatio
1556 535 1654 580 tua¹
1681 552 1690 577 ;
1721 553 1738 574 »
1766 529 1857 586 vel,

479 632 591 676 sicut
618 627 689 672 alii
717 624 886 670 codices
917 621 1117 666 habent:
1146 636 1167 658 «
1197 618 1266 659 Ira
1296 622 1402 656 tua:
1429 628 1449 651 η
1481 607 1578 663 vel,
1612 605 1725 649 sicut
1757 601 1858 647 alii:
1910 639 1911 645 ,

484 721 505 744 «
539 703 680 744 Furor
699 706 816 740 tuus.
844 712 865 735 »
892 691 1020 745 Quod
1049 688 1166 732 enim
1191 698 1328 745 graece
1349 681 1536 741 positum
1567 684 1631 720 est
1659 682 1778 728 θυμὸς,
1801 670 1865 716 di-

480 785 600 815 verse
621 764 894 826 interpretati
920 770 1021 806 sunt
1042 756 1194 803 nostri.
1219 757 1328 800 Nam
1350 751 1428 795 ubi
1453 748 1582 810 graeci
1603 745 1772 791 codices
1793 744 1864 788 ha·

482 841 589 884 bent
627 845 724 893 ὀργὴ,
763 836 824 880 ibi
855 835 964 878 iram
997 830 1130 874 latine
1164 825 1307 870 dicere
1341 819 1488 866 nullus
1532 817 1622 862 fere
1652 814 1866 859 dubitavit

483 911 694 969 interpres
725 927 734 952 ι
769 905 848 950 ubi
891 911 1037 948 autem
1071 905 1163 950 θυμὲ-τ
1196 894 1389 955 positum
1428 898 1518 944 est,
1553 886 1751 947 plerique
1778 899 1867 928 non
1902 927 1905 935 ,

483 987 749 1041 putaverunt
769 977 878 1020 iram
902 988 991 1017 esse
1015 967 1242 1015 dicendam
1258 1001 1269 1021 ‚
1293 977 1394 1008 cum
1416 958 1564 1018 magni
1586 966 1781 1001 auctores
1802 954 1868 998 la·-

485 1053 588 1095 tinae
606 1049 866 1109 eloquentiae
888 1045 943 1089 de
959 1040 1319 1103 philosophorum
1343 1046 1585 1094 graecorum
1601 1029 1722 1074 libris
1741 1027 1869 1071 etiam

486 1124 569 1167 hoc
596 1122 670 1164 irae
707 1117 885 1163 nomine
916 1113 1125 1158 verterint
1157 1110 1203 1153 in
1223 1108 1410 1152 latinum
1439 1124 1448 1148 :
1474 1117 1617 1163 neque
1639 1101 1694 1144 de
1724 1100 1806 1143 hac
1827 1113 1871 1144 re

487 1191 651 1237 diutius
673 1184 987 1248 disputandum
1009 1191 1094 1240 est,
1114 1180 1185 1226 cui
1200 1189 1347 1223 tamen
1362 1177 1396 1220 si
1413 1184 1457 1219 et·
1477 1188 1554 1218 nos
1573 1170 1692 1216 aliud
1712 1183 1871 1214 nomen

487 1261 693 1305 adhibere
732 1258 970 1308 debemus,
1012 1249 1280 1297 tolerabilius
1315 1245 1658 1303 indignationem
1693 1239 1872 1284 dixerim

488 1347 620 1392 quam
648 1328 857 1374 furorem.
895 1329 1037 1370 Furor
1071 1323 1260 1383 quippe,
1305 1318 1418 1362 sicut
1450 1330 1494 1359 se
1524 1313 1709 1358 latinum
1740 1310 1874 1354 habet
1900 1301 1906 1388 Ι

489 1402 737 1462 eloquium,
768 1414 856 1444 non
889 1395 997 1441 solet
1024 1409 1114 1438 esse
1141 1404 1363 1435 sanorum.
1393 1385 1510 1440 Quid
1533 1398 1633 1442 ergo
1654 1391 1747 1426 est:
1782 1401 1802 1422 «
1824 1382 1875 1425 In

495 1495 513 1516 »
549 1489 618 1517 me
646 1472 901 1518 confirmata
933 1477 996 1511 est
1027 1467 1090 1510 ira
1120 1473 1217 1516 tua,
1248 1479 1269 1502 »
1301 1459 1384 1504 nisi
1406 1452 1780 1518 quemadmodum
1814 1451 1895 1496 illi.

490 1551 781 1605 putaverunt,
824 1540 899 1600 qui
927 1537 1162 1583 Dominum
1203 1531 1349 1592 gloriae
1387 1545 1478 1574 non
1516 1523 1877 1585 cognoveruntss?

492 1611 623 1675 Apud
640 1629 711 1659 eos
734 1612 851 1656 enim
866 1611 924 1654 sic
940 1617 1046 1661 erat,
1065 1605 1188 1666 quod
1204 1604 1265 1647 ira
1283 1601 1361 1647 Dei
1378 1615 1469 1644 non
1487 1597 1627 1643 solum
1644 1603 1875 1649 commota,

490 1684 773 1729 verumetiam
793 1681 1047 1726 confirmata
1070 1674 1201 1721 fuerit
1221 1687 1350 1732 super
1370 1685 1487 1723 eum,
1513 1682 1642 1728 quem
1667 1679 1804 1724 usque
1825 1663 1879 1708 ad

493 1765 676 1800 mortem
693 1790 702 1808 ,
728 1769 809 1797 nec
834 1749 1077 1812 quamlibet
1098 1753 1283 1790 mortem
1300 1777 1311 1797 ,
1342 1739 1418 1785 sed
1444 1753 1578 1799 quam
1605 1751 1696 1796 prae
1717 1733 1878 1779 caeteris

493 1824 777 1869 execrabilius
800 1821 1024 1868 habebant
1041 1853 1052 1872 ,
1082 1816 1128 1861 id
1157 1823 1247 1867 est,
1277 1825 1417 1872 usque
1450 1808 1505 1853 ad
1527 1816 1712 1852 mortem
1743 1804 1880 1849 crucis

493 1895 732 1957 perducere
758 1899 1012 1954 potuerunt.
1046 1886 1173 1932 Unde
1205 1883 1311 1927 dicit
1333 1879 1564 1940 Apostolus
1589 1893 1599 1917 z
1637 1896 1658 1918 «
1687 1875 1882 1920 Christus

497 1988 517 2010 »
553 1983 632 2012 nos
654 1965 837 2011 redemit
859 1962 913 2008 de
937 1959 1168 2006 maledicto
1196 1954 1322 2013 Legis
1337 1988 1347 2008 ,
1372 1952 1513 1996 faetus
1539 1964 1619 2009 pro
1645 1946 1772 1991 nobis
1793 1961 1883 1991 ma-

497 2057 518 2080 »
552 2037 763 2081 ledietum
795 2051 804 2075 :
837 2033 1048 2093 scriptum
1077 2036 1140 2072 est
1173 2026 1289 2070 enim
1316 2043 1326 2068 ·.
1352 2019 1612 2067 Maledictus
1643 2017 1783 2062 omnis
1809 2014 1882 2076 qui

498 2127 519 2150 »
554 2107 718 2168 pendet
733 2107 778 2149 in
800 2104 968 2163 lign03.
997 2120 1017 2141 »
1043 2102 1101 2144 Et
1126 2096 1225 2142 ideo
1247 2109 1348 2138 cum
1376 2093 1469 2152 ejus
1492 2084 1884 2134 obedientiam‘us-

496 2195 583 2240 que
606 2178 660 2222 ad
678 2186 910 2221 extremam
930 2170 1220 2218 humilitatem
1244 2161 1550 2211 commendare
1566 2158 1723 2203 vellet:
1752 2177 1772 2200 «
1797 2156 1893 2201 Huss

500 2270 520 2292 »
556 2248 737 2294 miliavit
753 2283 763 2301 ,
787 2245 947 2306 inquit,
971 2240 1266 2300 semetipsum,
1287 2237 1427 2280 sactus
1445 2231 1653 2277 obediens
1676 2243 1815 2289 usque
1830 2226 1885 2271 ad

501 2341 521 2363 »
557 2321 783 2365 mortem⁴.
803 2336 823 2359 n
845 2315 975 2370 Quod
991 2328 1091 2358 cum
1108 2325 1263 2371 parum
1280 2306 1515 2358 rideretur,
1536 2302 1708 2363 adjecit,
1731 2321 1750 2342 «
1766 2303 1885 2344 Mor-

501 2411 522 2433 »
557 2401 644 2435 tem
661 2399 806 2433 autem
818 2386 969 2431 crucis.
989 2403 1010 2424 »
1027 2386 1209 2442 Propter
1222 2380 1322 2433 hoc,
1340 2384 1555 2437 quantum
1578 2370 1884 2423 mihividetur,

500 2463 629 2506 etiam
655 2461 701 2503 in
734 2459 816 2502 isto
843 2455 1009 2501 Psalmo
1037 2452 1132 2496 talis
1153 2465 1302 2494 versus
1334 2446 1528 2507 sequitur
1557 2464 1566 2489 ι
1608 2462 1625 2483 «
1650 2445 1707 2486 Et
1739 2453 1886 2485 omnes

504 2551 524 2573 »
559 2529 859 2590 suspensiones
881 2535 999 2570 tuas:
1019 2521 1123 2566 »vel
1142 2522 1252 2565 sieut
1270 2517 1449 2578 quidam
1467 2523 1569 2558 sunt
1588 2509 1882 2570 interpretati:

550 2637 559 2652 ¹
578 2628 661 2661 Psal.
679 2637 826 2666 rxxxvu,
846 2625 878 2657 3.
900 2641 941 2646 -
961 2630 972 2645 ³
990 2633 1003 2654 1
1028 2624 1100 2654 Cor.
1121 2631 1165 2661 n,
1191 2618 1224 2650 8.
1245 2633 1287 2640 -
1307 2615 1320 2638 3
1339 2615 1408 2648 Gal.
1432 2625 1479 2656 m,
1503 2612 1555 2654 13,
1576 2617 1609 2643 et
1627 2613 1722 2643 Deut.
1743 2619 1812 2647 xxx,
1831 2605 1883 2638 23.

505 2703 546 2708 —
560 2683 575 2713 4
593 2684 708 2726 Philip.
731 2693 770 2721 ιῐ,
790 2682 820 2712 8.
