1926 3339
428 264 666 301 ENAniiA'rlo
701 275 741 300 m
779 274 976 301 vsmMuM
1013 276 1112 300 xcii.
1375 267 1456 304 359

71 339 205 384 habes
222 339 376 384 orbem
397 349 608 384 terrarum
634 339 816 397 quinon
840 339 1203 383 commovebitur.
1233 360 1251 380 α
1283 342 1457 386 Habens

74 427 94 451 »
130 409 399 466 signaculum
420 410 546 452 hoc.»
565 407 691 460 Quod
711 406 982 465 signaculum
999 408 1133 452 habet
1161 409 1334 453 firmum
1353 410 1456 455 fun-

70 478 352 524 damentum?
367 497 384 519 «
410 478 540 523 Novit
561 477 771 521 Dominus
788 477 863 536 qui
877 487 980 521 sunt
996 478 1132 537 ejus.»
1162 482 1246 523 Iste
1265 488 1328 523 est
1345 481 1459 525 orbis

70 559 283 595 terrarum
307 549 385 608 qui
423 565 510 594 non
527 548 873 592 commovebitur
911 567 920 592 ε
960 568 979 590 «
1002 550 1132 593 Novit
1153 550 1364 594 Dominus
1385 552 1462 610 qui

74 639 91 660 »
127 628 229 667 sunt
251 621 389 679 ejus.»
417 622 473 663 Et
492 619 612 680 quod
624 618 893 677 signaculum
912 618 1076 663 habet?
1098 639 1118 662 «
1139 623 1195 664 Et
1217 620 1389 665 recedat
1404 622 1459 664 ab

71 707 92 731 »
126 689 339 749 injustitia
363 690 504 734 omnis
523 689 813 750 quinominat
835 705 995 734 nomen
1018 690 1237 734 Domini„
1248 690 1382 736 Modo
1404 692 1459 736 ab

67 759 297 820 iniquitate
318 760 506 805 recedat.
538 761 607 805 Ab
631 760 792 822 iniquis
815 760 930 804 enim
955 777 1043 804 non
1069 771 1210 820 potest
1231 762 1454 818 recedere,

67 830 168 890 quia
183 831 314 876 mixta
329 841 392 875 est
414 831 537 890 palea
558 833 702 877 tritico
723 847 859 891 usque
873 831 978 875 dum
992 831 1242 876 ventiletur.
1263 834 1375 886 Quid
1390 832 1457 877 di-

67 900 220 956 cimus,
236 900 418 946 sratres?
433 905 488 945 Et
501 903 544 945 in
563 905 651 961 ipsa
667 917 761 946 area
776 937 786 956 ,
803 902 909 945 mira
922 917 986 946 res
1000 911 1061 945 est
1075 902 1128 946 de
1146 903 1300 946 tritico.
1320 906 1457 948 Rece-
1481 932 1485 936 ·

67 970 131 1016 dit
153 988 176 1016 a
201 973 341 1031 palea,
362 988 461 1017 cum
486 972 753 1031 expoliatur:
772 981 815 1015 et
837 987 925 1015 non
950 971 1112 1015 recedit
1138 974 1192 1015 ab
1216 988 1334 1027 area,
1356 988 1455 1017 cum

66 1041 117 1086 tri
126 1042 499 1094 [uratur.Quando
512 1050 655 1085 autem
672 1042 851 1085 omnino
863 1042 1153 1098 separabitur?
1164 1044 1275 1086 Cum
1289 1044 1457 1087 venerit

64 1111 328 1157 ventilator1.
347 1115 462 1170 Ergo
480 1113 611 1156 modo
628 1128 726 1156 area
746 1112 790 1156 in
809 1112 914 1156 orbe
928 1122 1142 1156 terrarum
1157 1122 1221 1157 est
1247 1132 1255 1157 :
1283 1128 1458 1158 necesse

64 1192 128 1226 est
148 1192 199 1227 ut
217 1219 229 1238 ,
247 1178 280 1227 si
293 1184 490 1242 proficis,
511 1183 624 1226 inter
642 1183 815 1243 iniquos
836 1183 968 1227 vivas.
987 1183 1054 1228 Ab
1077 1183 1237 1244 iniquis
1255 1183 1457 1228 recedere

63 1268 154 1296 non
175 1262 321 1312 potes,
348 1253 404 1297 ab
426 1253 656 1313 iniquitate
686 1254 853 1297 recede.
881 1272 900 1295 (ι
926 1255 1118 1297 Recedat
1140 1255 1195 1297 ab
1226 1254 1456 1313 iniquitate

67 1341 88 1364 »
123 1324 262 1368 omnis
299 1325 376 1384 qui
411 1324 609 1368 nominat
636 1340 797 1368 nomen
824 1323 1000 1369 Domini
1026 1343 1034 1367 :
1064 1342 1083 1365 »
1108 1334 1152 1367 et
1174 1324 1255 1368 erit
1278 1326 1321 1368 in
1350 1326 1457 1369 orbe

64 1403 278 1439 terrarum
301 1396 485 1456 quinon
508 1396 871 1440 commovebitur.
1328 1432 1331 1433 γ

124 1468 200 1509 VI.
224 1485 243 1506 «
268 1469 420 1510 Parata
443 1477 506 1510 est
525 1465 645 1510 sedes
669 1475 758 1521 tua,
780 1469 909 1520 Deus,
929 1481 981 1509 ex
999 1465 1116 1509 illo2.
1134 1467 1198 1509 Ex
1213 1465 1333 1520 illo‚»
1349 1465 1458 1525 quid

63 1537 152 1580 est?
183 1539 247 1579 Ex
276 1545 396 1580 tunc.
430 1540 657 1597 Tanquam
689 1536 723 1580 si
746 1536 932 1581 diceret:
958 1539 1067 1590 Quae
1100 1546 1164 1580 est
1191 1536 1312 1581 sedes
1346 1538 1423 1580 Dei
1437 1540 1454 1579 ‘?

62 1607 140 1651 ubi
161 1605 281 1652 sedet
303 1609 452 1651 Deus?
479 1611 529 1651 In
552 1607 708 1651 sanctis
730 1607 830 1650 suis.
862 1608 936 1651 Vis
959 1622 1049 1650 esse
1071 1606 1191 1651 sedes
1215 1607 1326 1650 Dei?
1349 1610 1456 1651 Para

60 1677 207 1722 locum
229 1678 274 1721 in
304 1678 435 1722 corde
466 1688 544 1723 tuo
572 1678 649 1722 ubi
672 1677 834 1722 sedeat.
867 1681 976 1731 Quae
1010 1688 1074 1722 est
1103 1677 1224 1722 sedes
1248 1678 1348 1732 Dei,
1376 1678 1456 1722 nisi

61 1748 139 1792 ubi
161 1748 330 1794 habitat
356 1751 497 1792 Deus?
531 1749 613 1793 Ubi
635 1748 803 1792 habitat
826 1752 939 1792 Deus
956 1784 966 1802 ,
992 1749 1073 1792 nisi
1095 1748 1141 1792 in
1169 1747 1334 1807 templo
1357 1764 1450 1792 suo.

63 1818 193 1871 Quod
229 1830 292 1863 est
329 1820 543 1878 templum
585 1820 700 1879 ejus?
734 1819 976 1862 Parietibus
1018 1819 1271 1862 instruitur?
1308 1818 1450 1862 Absit.

62 1889 255 1938 Mundus
276 1890 355 1934 iste
379 1900 441 1934 est
460 1888 572 1933 forte
597 1888 809 1949 templum
839 1889 986 1949 ipsius,
1011 1890 1111 1948 quia
1131 1888 1257 1932 valde
1273 1896 1456 1948 magnus

63 1970 142 2014 est,
167 1970 210 2004 et
232 1961 363 2020 digna
388 1978 452 2005 res
475 1977 575 2021 quae
602 1962 744 2020 capiat
769 1963 940 2005 Deum?
960 1963 1047 2005 Nec
1064 1961 1179 2019 capit
1202 1976 1300 2004 eum
1320 1977 1342 2004 a
1366 1977 1454 2021 quo

64 2030 203 2076 factus
236 2041 314 2076 est.
351 2035 407 2076 Et
435 2033 513 2076 ubi
545 2033 741 2091 capitur?
767 2035 816 2075 In
849 2032 991 2095 anima
1023 2032 1195 2092 quieta,
1236 2031 1281 2075 in
1313 2032 1456 2076 anima

58 2103 175 2162 J'usta
196 2123 204 2147 :
225 2103 454 2163 ipsaillum
470 2113 631 2162 portat.
657 2106 811 2160 Magna
831 2118 912 2157 res,
933 2103 1085 2147 fratres
1104 2122 1112 2147 :
1136 2111 1251 2146 certe
1272 2118 1456 2161 magnus

64 2183 127 2217 est
149 2177 262 2218 Deus
281 2195 292 2231 3
314 2173 498 2218 fortibus
518 2174 673 2232 gravis,
699 2174 879 2217 infirmis
901 2173 1006 2217 levis
1029 2182 1106 2216 est.
1129 2176 1246 2226 Quos
1260 2172 1347 2216 dixi
1365 2171 1456 2217 for-

63 2245 150 2288 tes?
180 2245 414 2303 Superbos,
446 2246 522 2302 qui
547 2245 670 2305 quasi
692 2245 857 2287 habent
885 2244 1268 2303 praesumptionem
1293 2243 1453 2287 virium

63 2330 255 2359 suarum.
276 2318 384 2359 Nam
405 2316 633 2359 infirmitas
646 2315 720 2358 illa
733 2315 778 2358 in
796 2314 1055 2367 humilitate,
1079 2316 1217 2374 major
1239 2314 1454 2358 fortitudo

65 2394 142 2429 est.
169 2385 286 2429 Audi
307 2385 567 2445 Apostolum
589 2385 824 2439 dicentem,
854 2406 874 2428 «
906 2385 1089 2438 Quando
1112 2386 1324 2439 infirmor,
1348 2394 1455 2429 tunc

69 2475 88 2498 »
125 2466 278 2516 potens
296 2460 439 2501 ‘snm³.
470 2476 489 2499 »
524 2460 617 2501 Hoc
646 2467 709 2500 est
737 2456 857 2517 quod
891 2456 1211 2511 commendavi,
1245 2457 1346 2516 quia
1376 2460 1458 2500 Do-

64 2526 208 2571 minus
236 2528 494 2586 praecinctus
523 2536 587 2571 est
624 2527 884 2571 fortitudine
903 2563 914 2581 ,
946 2527 1125 2587 quando
1164 2527 1453 2571 humilitatem

115 2617 121 2630 ¹
148 2611 258 2641 Martii.
280 2622 326 2642 m.
358 2621 406 2641 ι’).
444 2629 468 2632 -—
493 2619 504 2632 ⁷
526 2611 604 2641 Psal.
624 2622 684 2647 ’(ιῑι,
702 2620 731 2642 9.
754 2628 792 2632 ->
818 2610 830 2631 3
851 2620 868 2637 f>
889 2613 959 2642 Cor.
984 2623 1013 2641 x.
1036 2624 1069 2639 m
