1926 3339
472 324 490 358 1
501 320 554 359 42
906 329 938 355 s.
975 328 1203 356 Aue-usum
1237 325 1418 352 EPISCOPI

469 397 572 440 laria
587 432 597 449 ,
622 395 772 439 vident
790 409 842 437 ex
859 394 958 452 ipsis
980 392 1137 436 divitiis
1155 390 1225 434 vel
1246 389 1408 433 habere
1426 403 1470 432 se
1494 402 1709 447 pressuras
1730 391 1851 448 eogi-

469 467 682 511 tationum
697 500 707 519 ‚
741 462 964 524 quomodo
998 478 1046 505 ea
1085 462 1386 520 gubernentur
1401 494 1412 514 ‚
1450 459 1673 518 quomodo
1702 468 1850 503 custoa
1894 479 1898 510 4

467 536 668 592 diantur3
690 533 760 578 vel
779 533 812 577 si
834 531 1062 591 paululum
1084 529 1390 574 inclinaverint
1412 528 1697 588 cupiditatem
1729 537 1780 572 ut
1801 543 1852 574 ea
1896 574 1897 579 ,

469 605 652 664 diligant
666 639 676 659 ‚
719 603 816 663 plus
854 617 925 646 eos
963 600 1134 659 impleri
1177 598 1404 643 timoribus
1445 614 1577 658 quam
1617 598 1848 644 fructibus.
1893 582 1898 616 ξ

469 675 586 729 Quid
607 675 721 718 enim
744 682 833 717 tam
847 673 1062 715 incertum
1075 705 1086 726 ‚
1111 685 1244 730 quam
1259 685 1325 714 res
1340 668 1577 714 volubilis?
1593 671 1682 714 Nec
1695 669 1853 714 imme·-
1896 687 1898 712 :

469 747 550 789 rito
583 745 673 803 ipsa
694 743 879 803 pecunia
907 740 1095 786 rotunda
1125 741 1346 800 signatur,
1372 740 1473 800 quia
1495 754 1585 784 non
1606 747 1705 783 stat.
1731 738 1854 785 Tales
1894 750 1898 764 ²

468 829 569 873 crgo
591 813 670 857 etsi
694 813 886 856 habeant
914 809 1081 871 aliquid
1096 845 1107 866 ‚
1134 825 1346 870 pauperes
1369 818 1488 854 sunt.
1513 808 1599 862 Qui
1618 824 1723 854 vero
1743 808 1854 854 nihil

468 887 625 929 horum
649 883 835 938 habent,
860 891 904 926 et
930 881 1094 925 habere
1116 880 1386 935 desiderant,
1417 880 1533 924 inter
1558 877 1855 939 reprobandos
1896 867 1899 906 ’ἶ

468 955 621 999 divites
644 960 967 1012 computantur.
988 953 1085 996 Non
1105 951 1221 995 enim
1243 950 1429 995 attendit
1443 956 1553 995 Deus
1571 949 1850 1006 facultatem,
1898 999 1899 1002 Ἰ

467 1025 544 1069 sed
571 1023 856 1069 voluntatem.
888 1025 1105 1081 Pauperes
1127 1021 1259 1078 igitur
1281 1019 1478 1065 destituti
1506 1035 1637 1065 omne
1660 1035 1743 1080 ope
1771 1034 1854 1064 sae-
1898 1046 1899 1049 =

468 1095 624 1151 culari,
650 1096 752 1155 quia
784 1094 861 1138 etsi
891 1108 940 1137 ea
968 1092 1300 1147 circumfluant,
1336 1091 1592 1151 intelligunt
1620 1107 1754 1152 quam
1785 1091 1855 1137 in·

468 1176 583 1212 certa
605 1166 716 1223 sint3
750 1174 794 1209 et
813 1163 1143 1223 ingemiscentes
1165 1162 1220 1207 ad
1245 1166 1384 1208 Deum
1400 1198 1411 1219 ,
1441 1162 1552 1208 nihil
1576 1163 1786 1206 habentes
1807 1161 1855 1206 in
1896 1193 1900 1200 .

467 1239 550 1282 hoc
572 1236 732 1282 saeculo
751 1252 840 1297 quo
858 1234 1132 1279 delectentur
1144 1270 1155 1290 ‚
1175 1250 1263 1295 quo
1280 1243 1512 1278 teneantur
1528 1269 1538 1289 ,
1558 1233 1605 1277 in
1623 1226 1854 1277 abundari-

468 1308 527 1351 tia
548 1321 845 1366 pressurarum
876 1314 918 1349 et
940 1306 1231 1349 tentationum
1256 1314 1469 1364 tanquam
1489 1305 1535 1347 in
1563 1302 1854 1348 torcularibus
1900 1324 1901 1330 ¹

466 1377 717 1432 constituti,
754 1375 951 1420 defluant
980 1376 1158 1431 vinum,
1193 1375 1392 1419 defluant
1424 1374 1587 1419 oleum.
1613 1375 1722 1427 Quae
1753 1377 1855 1418 sunt

466 1450 545 1493 ista
578 1448 658 1492 nisi
679 1447 795 1491 bona
822 1446 1059 1490 desideria?
1094 1450 1244 1491 Restat
1277 1447 1393 1490 enim
1424 1445 1508 1489 illis
1543 1443 1854 1489 desiderandus

468 1523 603 1574 Deus,
624 1519 715 1579 jam
738 1534 827 1562 non
849 1526 996 1561 amant
1019 1526 1192 1561 terram.
1215 1520 1376 1561 Amant
1397 1516 1512 1559 enim
1534 1515 1610 1576 qui
1631 1514 1736 1559 fecit
1761 1530 1854 1559 coe-

466 1588 560 1633 lum
582 1598 626 1633 et
647 1597 821 1632 terram.
842 1592 1004 1633 Amant
1018 1624 1028 1643 ‚
1056 1596 1099 1632 et
1117 1586 1314 1632 nondum
1332 1602 1433 1631 cum
1455 1602 1507 1631 eo
1528 1594 1645 1630 sunt.
1672 1585 1855 1630 Deside-

467 1661 579 1704 rium
603 1675 754 1704 eorum
777 1659 979 1703 differtur
997 1694 1008 1714 ‚
1033 1668 1083 1702 ut
1100 1668 1291 1715 crescatg
1312 1657 1485 1711 crescit,
1511 1666 1560 1700 ut
1582 1656 1739 1715 capiat.
1755 1657 1855 1702 Non

467 1731 581 1775 enim
604 1745 788 1791 parvum
825 1728 989 1790 aliquid
1016 1729 1196 1773 daturus
1225 1737 1289 1772 est
1309 1730 1424 1772 Deus
1456 1726 1741 1782 desideranti,
1778 1732 1854 1771 aut

466 1816 619 1862 parum
643 1800 908 1845 exercendus
931 1809 994 1844 est
1010 1799 1065 1844 ad
1078 1799 1359 1858 capacitatem
1385 1797 1496 1841 tanti
1513 1797 1632 1840 boni.
1654 1799 1753 1841 Non
1774 1795 1854 1840 ali-

465 1872 574 1933 quid
601 1876 714 1916 Deus
736 1870 858 1933 quod
880 1870 982 1915 fecit
1007 1870 1189 1914 daturus
1217 1877 1303 1923 est,
1329 1866 1404 1912 sed
1425 1882 1468 1911 se
1488 1867 1630 1926 ipsum
1648 1867 1725 1927 qui
1747 1866 1853 1912 fecit

465 1945 624 1989 omnia.
651 1942 721 1988 Ad
742 1941 1004 2002 capiendum
1025 1944 1165 1985 Deum
1193 1954 1411 1993 exercere,
1437 1937 1557 1999 quod
1579 1953 1748 1997 semper
1770 1938 1852 1982 ha-
1901 1973 1903 1976 Α

463 2016 633 2060 biturus
656 2031 699 2059 es
723 2015 799 2059 diu
822 2012 1032 2058 desidera.
1060 2010 1299 2071 Reprobati
1321 2019 1422 2055 sunt
1442 2011 1488 2053 in
1510 2008 1676 2069 populo
1693 2008 1847 2066 Israel,

463 2088 541 2148 qui
564 2086 881 2131 festinaverunt
909 2104 918 2130 ε
944 2082 1114 2128 assidue
1137 2083 1318 2127 affectus
1345 2083 1425 2126 iste
1447 2079 1781 2141 reprehenditur
1806 2081 1852 2125 in
1901 2103 1904 2132 3

466 2159 686 2219 Scriptura
708 2157 1022 2201 festinantium.
1050 2154 1132 2208 Qui
1150 2163 1252 2198 sunt
1274 2153 1389 2198 enim
1412 2153 1489 2213 qui
1508 2151 1745 2196 festinant?
1767 2152 1852 2206 Qui

463 2229 659 2274 conversi
672 2227 727 2273 ad
744 2231 883 2272 Deum
896 2262 907 2282 ,
928 2242 1030 2271 cum
1045 2225 1118 2270 hic
1138 2241 1228 2269 non
1243 2223 1491 2268 invenerint
1507 2223 1703 2283 requiem
1717 2237 1852 2283 quam
1903 2220 1904 2223 ’

462 2299 734 2362 quaerebant,
752 2307 795 2342 et
809 2296 965 2357 gaudia
977 2312 1075 2357 quae
1090 2295 1474 2356 promittebantur,
1494 2303 1702 2355 tanquam
1720 2294 1764 2338 in
1778 2293 1851 2338 iti-

461 2387 565 2416 nere
582 2370 844 2424 deficientes,
862 2377 904 2412 et
919 2367 1103 2426 longum
1118 2366 1198 2411 sibi
1211 2364 1424 2427 quiddam
1440 2365 1581 2410 donec
1603 2365 1690 2409 hoc
1709 2379 1853 2415 saecu-,

460 2441 553 2486 lum
565 2441 634 2486 vel
646 2442 740 2485 haec
751 2440 839 2484 vita
850 2438 1074 2485 finiantur,
1090 2445 1248 2480 restare
1261 2435 1534 2490 arbitrantes,
1550 2443 1594 2479 et
1606 2444 1848 2496 quaerentes
1902 2423 1905 2436 ¹

460 2513 532 2556 hie
545 2511 734 2572 aliquam
752 2509 967 2569 requiem,
986 2524 1086 2568 quae
1100 2508 1131 2551 si
1151 2506 1353 2560 habetur,
1379 2504 1486 2549 falsa
1504 2514 1592 2563 est3
1612 2505 1848 2565 respiciunt

462 2591 593 2638 retro,
612 2591 655 2626 et
668 2580 879 2626 decidunt
894 2594 918 2623 a
937 2578 1157 2638 proposito
1178 2596 1187 2621 2
1207 2591 1288 2621 nec
1308 2575 1544 2620 attendunt
1559 2591 1658 2620 cum
1679 2583 1846 2635 quanto
