1926 3339
414 251 656 281 ENARRATIO
687 254 732 280 m
764 251 968 281 PsALMnM
999 254 1108 282 XCVI.
1367 243 1451 283 463

67 318 480 379 tionem‚quomodo
503 335 604 364 cum
627 328 769 363 oraret
791 318 1112 363 demonstratus
1134 328 1196 362 est
1218 318 1290 363 ille
1312 320 1453 365 discus

68 388 263 447 pendens
287 398 476 450 quatuor
505 389 641 433 lineis.
686 388 836 433 Discus
873 389 968 444 ille,
1000 390 1075 449 qui
1099 390 1289 433 habebat
1311 391 1456 434 omnia

30 509 34 512 ,
67 460 286 517 animalia,
307 461 580 520 significabat
602 476 751 505 omnes
772 461 947 504 Gentes.
962 460 1066 505 Ideo
1094 470 1239 504 autem
1268 470 1457 521 quatuor

69 529 193 576 lineis
217 532 459 592 pendebat,
483 532 584 593 quia
601 541 789 592 quatuor
811 541 953 592 partes
975 541 1076 575 sunt
1093 531 1224 587 orbis⁷
1249 531 1367 575 unde
1386 530 1457 574 fu-

70 603 157 647 turi
179 603 331 663 populi
359 614 481 648 erant
504 623 512 648 :
548 613 591 648 ct
618 603 717 648 ideo
750 613 940 665 quatuor
958 602 1194 662 Evangelia
1219 602 1458 662 praedicant

70 675 292 720 Christum
311 711 321 731 ,
347 684 397 719 ut
414 675 549 735 gratia
567 675 698 734 ipsius
721 674 776 719 ad
799 690 948 719 omnes
971 683 1161 735 quatuor
1181 683 1320 733 partes
1342 673 1458 717 orbis

70 746 286 806 pertinere
313 747 595 806 intelligatur.
628 748 739 800 Quia
768 762 871 806 ergo
904 746 989 790 tale
1019 747 1159 791 visum
1185 746 1459 789 demonstra-

73 825 168 861 tum
190 816 331 861 fuerat
354 821 498 873 Petro,
517 818 739 873 indicavit,
757 818 926 877 aperuit
949 817 1028 860 illis
1051 817 1213 870 omnia,
1239 814 1462 876 quomodo

73 887 256 933 credidit
288 888 514 934 Cornelius
531 923 541 933 ,
570 889 671 949 quia
700 889 819 949 prius
853 904 986 949 quam
1019 888 1310 947 baptizaretur
1331 888 1464 930 homo

74 956 268 1018 gentilis,
295 961 415 1006 Venit
437 977 567 1021 super
590 977 690 1005 eum
723 961 906 1021 Spiritus
929 969 1115 1004 sanctus.
1144 962 1246 1002 Haec
1268 974 1369 1002 cum
1394 973 1467 1001 au-

75 1031 266 1088 dissent,
287 1041 519 1077 tacuerunt
536 1068 547 1088 ⁷
577 1042 620 1076 et
642 1032 1030 1091 magnificaverunt
1054 1033 1190 1074 Deum
1209 1065 1219 1084 ‚
1241 1028 1431 1072 dicentes
1455 1047 1464 1071 ι

80 1103 275 1164 «Utique
292 1113 336 1148 et
357 1103 576 1148 Gentibus'
586 1107 700 1148 Deus
722 1103 1028 1163 poenitentiam
1048 1102 1102 1145 ad
1119 1101 1251 1145 vitam
1270 1099 1390 1143 dedit
1406 1101 1463 1141 ¹.»

75 1174 212 1230 Ecce,
248 1194 268 1217 «
290 1175 491 1231 Audivit,
519 1184 561 1219 ct
577 1174 819 1235 jucundata
852 1183 914 1218 est
939 1173 1069 1229 Sion3
1100 1181 1143 1216 et
1165 1171 1470 1216 exultaverunt

79 1262 100 1286 »
135 1244 236 1290 filiae
264 1249 289 1290 J
295 1247 454 1302 udaeae,
480 1256 657 1307 propter
676 1245 841 1307 judicia
875 1253 950 1289 tua
967 1280 977 1300 ‚
1000 1239 1196 1288 Domin'e.
1223 1261 1242 1284 »
1268 1244 1376 1295 Quae
1392 1241 1465 1300 ju-

77 1314 217 1361 dicia?
239 1318 349 1371 Quia
382 1334 472 1362 non
496 1327 558 1362 est
580 1333 862 1377 personarum
886 1325 1085 1374 acceptor
1111 1319 1239 1360 Deus.
1270 1316 1469 1372 Namque

77 1387 168 1448 ipse
191 1392 344 1433 Petrus
372 1404 474 1433 cum
498 1388 674 1433 vidisset
696 1388 949 1433 Cornelium
973 1387 1277 1432 centurionem
1293 1420 1303 1440 ‚
1329 1392 1372 1427 et
1402 1397 1474 1426 eos

79 1458 157 1519 qui
185 1474 287 1503 cum
308 1459 386 1504 illo
406 1469 550 1515 erant,
587 1458 846 1519 adimpletos
872 1459 1035 1519 Spiritu
1058 1466 1207 1502 sancto
1224 1492 1234 1512 ‚
1258 1454 1475 1500 exclama-

79 1539 171 1586 vit,
195 1539 240 1574 et
271 1530 331 1575 ait
364 1550 373 1576 :
419 1550 439 1573 «
478 1535 530 1575 In
559 1531 743 1576 veritate
773 1531 1128 1591 comprehendo,
1165 1529 1267 1589 quia
1291 1543 1380 1571 non
1415 1533 1477 1569 est

83 1619 105 1643 )›
141 1617 427 1661 personarum
455 1611 657 1662 acceptor
685 1605 815 1646 Deus.
858 1622 875 1643 »
914 1605 1031 1660 Ergo
1052 1636 1063 1656 ‚
1104 1620 1124 1643 α
1156 1599 1478 1644 Exultaverunt

86 1691 107 1714 »
141 1672 243 1717 filiae
266 1673 431 1718 Judaeae
447 1709 457 1729 ‚
478 1683 657 1733 propter
682 1673 848 1734 judicia
871 1682 970 1728 tua,
991 1672 1190 1717 Domine.
1212 1690 1231 1712 »
1259 1669 1375 1724 Quid
1398 1676 1476 1721 est⁷

89 1763 110 1786 «
143 1747 326 1804 Propter
354 1744 519 1805 judicia
541 1747 647 1789 tua?
667 1745 778 1797 Quia
810 1744 856 1787 in
890 1744 1009 1788 omni
1031 1751 1159 1802 gente
1177 1778 1187 1796 ,
1215 1750 1258 1785 et
1284 1741 1330 1784 in
1362 1738 1482 1783 omni

88 1834 109 1857 »
145 1815 334 1876 populo,
371 1817 639 1876 quicumque
661 1815 724 1859 illi
758 1815 979 1870 servierit,
1008 1823 1209 1873 acceptus
1231 1821 1294 1856 est
1320 1811 1428 1854 illi2.
1458 1828 1477 1851 »

87 1887 197 1940 Quia
219 1904 309 1932 non
332 1889 588 1932 Judaeorum
607 1891 722 1932 Deus
741 1896 937 1942 tantum,
963 1885 1038 1930 scd
1056 1894 1099 1929 et
1121 1883 1371 1929 Gentiumss.

147 1960 270 2002 XIV.
307 1958 462 2003 Videte
494 1959 528 2002 si
556 1974 646 2002 non
674 1959 759 2002 hoc
787 1967 878 2013 est,
910 1956 1029 1999 unde
1053 1954 1357 1999 exultaverunt
1384 1951 1484 1995 filiae

91 2028 272 2074 Judaeae.
303 2049 323 2072 «
348 2033 405 2074 Et
427 2030 734 2075 exultaverunt
760 2029 861 2073 filiae
886 2030 1053 2073 Judaeae
1073 2063 1083 2083 ‚
1120 2035 1297 2086 propter
1320 2023 1485 2085 judicia

95 2118 115 2142 n
151 2109 242 2156 tua,
267 2101 466 2146 Domine.
493 2101 711 2154 Quoniam
736 2109 782 2144 tu
802 2115 845 2143 es
868 2099 1079 2143 Dominus
1103 2097 1332 2141 altissimus
1355 2109 1485 2153 super

95 2189 115 2213 »
151 2187 326 2215 omnem
350 2181 509 2215 terram
527 2173 559 2215 4.
589 2190 609 2213 »
630 2175 728 2217 Non
748 2186 877 2230 super
894 2170 1026 2214 solam
1045 2169 1243 2214 Judaeam
1263 2203 1272 2222 ,
1299 2182 1388 2210 non
1410 2180 1485 2208 su-

93 2258 171 2302 per
192 2243 329 2287 solam
351 2241 591 2288 Jerusalem
607 2279 617 2298 ,
639 2259 729 2287 non
752 2258 881 2302 super
905 2241 1042 2286 solam
1068 2241 1168 2285 Sion
1183 2275 1195 2293 ,
1217 2238 1291 2282 sed
1315 2256 1329 2276 «
1354 2239 1490 2295 Super

97 2331 118 2355 n
154 2329 331 2358 omnem
355 2323 530 2358 terram.
571 2333 591 2356 »
619 2314 732 2359 Huic
755 2314 967 2357 universae
993 2321 1120 2355 terrae
1137 2309 1299 2371 judicia
1324 2307 1401 2352 Dei
1423 2306 1488 2350 vi—

99 2394 316 2444 guerunt,
350 2395 401 2430 ut
439 2385 634 2446 undique
665 2385 852 2446 populos
875 2391 1136 2429 convocaret
1170 2401 1177 2425 :
1217 2380 1377 2440 quibus
1403 2393 1491 2421 non

99 2458 426 2502 communicant
442 2493 453 2513 ,
478 2457 553 2518 qui
575 2473 619 2501 se
640 2457 933 2517 praeciderunt
952 2477 963 2511 3
994 2470 1073 2498 ncc
1097 2452 1284 2498 audiunt
1307 2449 1492 2511 prfedic-

101 2536 195 2573 tum
213 2563 224 2584 ,
245 2544 326 2573 nec
342 2527 494 2573 vident
517 2527 770 2588 impletum,
796 2547 816 2570 «
842 2526 1057 2581 Quoniam
1075 2535 1122 2570 tu
1138 2540 1181 2568 es
1204 2523 1413 2568 Dominus
1436 2519 1495 2565 al-

151 2618 161 2636 ¹
188 2613 263 2646 Act,
282 2624 328 2656 xi,
351 2613 402 2647 18.
424 2630 466 2637 -
485 2611 597 2647 21bid.
619 2612 672 2647 35.
696 2628 738 2636 --
753 2610 871 2646 ³Rom.
889 2623 937 2653 m,
953 2620 1006 2654 29.
1029 2608 1099 2639 -4
1120 2607 1201 2641 Psal.
1222 2618 1302 2649 xcvi,
1328 2608 1359 2639 9.
1478 2598 1486 2604 ³
