1926 3339
362 306 602 335 ENAnnATio
635 309 677 334 lN
713 307 913 334 rsALMcM
947 308 1121 335 Lxxxui.
1337 299 1412 338 141

42 389 62 413 »
96 369 214 414 calve
241 388 249 414 :
278 387 298 411 n
324 378 556 430 etpropter
577 381 891 415 sacramentum
914 371 1212 430 implendum,
1234 387 1418 418 conver-

38 457 107 486 sus
129 440 184 485 ad
199 441 432 485 Dominum
452 442 619 501 petivit,
644 452 693 486 ut
708 458 778 486 eos
801 442 888 486 ursi
910 442 964 486 de
976 442 1096 500 sylva
1120 452 1324 486 exeuntes
1342 459 1418 487 co-

37 511 263 557 mederent
286 514 316 556 ¹.
342 512 535 572 Abrepta
558 522 621 558 est
649 513 826 574 quidem
859 512 1035 558 illorum
1061 512 1242 558 infantia
1263 514 1306 557 in
1329 515 1420 558 exi-

40 582 145 627 tium
188 581 290 627 vitae
326 581 380 625 de
416 582 500 627 hoc
538 583 722 642 saeculo,
761 584 924 629 mortui
965 593 1068 629 sunt
1104 584 1256 644 pueri,
1297 601 1419 630 senes

36 651 301 714 quandoque
322 653 522 698 morituri
544 673 552 698 :
571 665 871 699 verumtamen
902 655 1158 699 sacramenti
1180 665 1318 699 terror
1339 655 1420 700 da-

36 733 103 768 tns
121 731 184 766 est
195 722 464 767 hominibus.
490 722 671 769 Elisaeus
694 725 808 769 enim
827 741 1056 785 personam
1072 725 1295 786 cujusdam
1314 735 1420 772 tunc

37 793 228 853 gerebat,
245 794 369 853 cujus
387 793 464 837 filii
483 810 649 849 sumus,
672 795 749 839 filii
765 797 892 849 Core,
916 796 1091 840 Domini
1108 796 1270 840 scilicet
1285 797 1421 841 nostri

35 867 137 909 Jesu
154 864 328 909 Christi.
355 867 450 908 Jam
471 865 879 910 occurritCharitati
901 867 1064 909 Vestrae
1087 882 1137 909 ex
1155 866 1416 925 Evangelio,

35 949 170 995 quare
187 934 335 978 calvus
353 935 526 992 gerebat
544 950 771 994 personam
789 935 970 990 Christi,
997 935 1283 980 recordamini
1299 937 1420 997 quod

34 1005 79 1049 in
96 1003 304 1067 Calvariae
317 1003 414 1048 loco
430 1005 658 1049 crucifixus
680 1008 786 1049 est‘2.
815 1006 912 1050 Sive
940 1021 1043 1065 ergo
1057 1006 1140 1050 hoc
1161 1007 1420 1066 interpreta-

35 1085 105 1121 tur
129 1094 150 1118 «
176 1073 296 1119 Filiis
332 1077 444 1120 Core
460 1111 470 1131 ,
513 1093 533 1117 »
569 1076 680 1120 sicut
711 1077 849 1120 secuti
886 1077 1049 1136 priores
1087 1077 1296 1135 diximus,
1331 1079 1420 1122 sive

29 1144 147 1192 aliud
169 1145 362 1207 aliquid,
387 1145 507 1207 quod
530 1162 609 1191 nos
631 1146 811 1191 forsitan
833 1146 939 1191 latet
962 1168 972 1204 3
999 1148 1172 1192 interim
1201 1148 1321 1208 quod
1345 1165 1419 1193 oc-

28 1216 183 1272 currit,
205 1216 349 1261 videte
370 1217 469 1278 quia
484 1217 664 1276 plenum
682 1226 746 1262 est
763 1227 1047 1262 sacramento.
1074 1218 1171 1262 Filii
1188 1221 1314 1274 Coro,
1342 1218 1420 1262 filii

28 1286 199 1334 Christi.
224 1289 335 1333 Nam
362 1296 405 1331 et
432 1287 543 1332 filios
564 1302 663 1332 suos
687 1287 793 1332 dicit
814 1303 995 1347 sponsus
1010 1323 1022 1343 ,
1052 1304 1154 1332 cuni
1176 1288 1259 1333 ait:
1282 1309 1297 1328 «
1321 1292 1419 1334 Non

30 1375 52 1400 »
80 1366 263 1418 possunt
279 1356 356 1402 filii
374 1358 518 1418 sponsi
529 1358 724 1418 jejunare
737 1394 747 1413 ,
767 1357 965 1419 quandiu
982 1374 1082 1402 cum
1100 1358 1184 1402 illis
1202 1368 1263 1402 est
1281 1375 1413 1419 spon-

31 1446 53 1471 »
86 1444 157 1473 sus
179 1429 211 1472 3.
242 1446 263 1469 »
289 1428 635 1473 Christianorum
658 1438 763 1472 sunt
784 1443 884 1485 ergo
902 1429 980 1472 ista
1003 1429 1249 1473 toreularia.

85 1501 168 1543 III.
199 1502 251 1542 In
278 1498 486 1557 pressuris
509 1507 655 1542 autem
684 1498 909 1542 constituti
939 1497 994 1541 ad
1016 1498 1098 1542 hoc
1121 1500 1414 1554 conterimur,

27 1579 78 1614 ut
99 1584 245 1614 amore
266 1578 416 1613 nostro
432 1604 443 1624 ,
463 1585 553 1629 quo
576 1568 824 1612 ferebamur
841 1570 886 1612 in
910 1569 988 1612 ista
1011 1570 1235 1613 mundana
1254 1605 1264 1625 ,
1287 1586 1420 1614 sarcu-

27 1639 154 1695 laria,
186 1638 469 1699 temporalia,
502 1639 619 1683 fluxa
654 1647 786 1699 atque
819 1637 1041 1698 peritura,
1069 1639 1180 1698 passi
1213 1639 1258 1684 in
1281 1641 1339 1683 cis
1374 1642 1419 1684 in

26 1711 109 1756 hac
137 1711 225 1756 vita
250 1719 465 1755 tormenta
489 1719 533 1755 et
555 1709 861 1754 tribulationes
886 1725 1184 1769 pressurarum
1207 1720 1250 1755 et
1272 1712 1416 1755 abun-

27 1781 221 1826 dantiam
240 1781 551 1836 tentationum,
585 1780 840 1840 incipiamus
857 1796 1053 1840 quaerere
1070 1780 1189 1825 illam
1206 1781 1416 1841 quietem,

28 1869 127 1915 quae
149 1870 239 1898 non
260 1862 323 1897 est
340 1852 395 1897 de
407 1853 488 1897 hac
506 1852 592 1897 vita
606 1887 618 1907 ,
638 1867 718 1896 nee
736 1851 791 1895 de
808 1852 890 1897 hac
909 1861 1019 1896 terra
1037 1862 1104 1896 :et
1121 1853 1170 1896 fit
1186 1853 1413 1908 Dominus,

28 1933 78 1969 ut
98 1924 307 1983 scriptum
327 1932 390 1967 est
404 1958 415 1978 ‚
445 1920 728 1980 «Refugium
749 1923 931 1982 pauperi
946 1924 977 1967 4.
1002 1941 1022 1964 »
1049 1922 1165 1975 Quid
1182 1932 1246 1967 est
1266 1943 1283 1963 «
1308 1927 1420 1968 Pau-

30 2012 52 2037 »
85 1994 208 2055 peri?
242 2012 262 2036 ·»
296 1996 522 2054 Tanquam
554 1991 789 2048 destituto,
826 1993 919 2036 sine
951 2007 1059 2052 ope,
1100 1993 1191 2037 sine
1227 1994 1416 2049 auxilio,

29 2066 119 2111 sine
147 2065 293 2125 aliqua
315 2080 360 2109 re
376 2100 388 2120 ,
413 2063 467 2108 de
488 2080 575 2124 qua
598 2064 645 2107 in
667 2073 781 2107 terra
811 2073 1064 2124 praesumat.
1100 2063 1275 2108 Talibus
1303 2066 1420 2109 enim

28 2136 291 2197 pauperibus
314 2136 435 2180 adest
451 2138 581 2179 Deus.
608 2135 715 2188 Quia
730 2135 928 2179 homines
946 2135 1024 2178 etsi
1043 2134 1271 2179 abundent
1286 2151 1421 2195 pecu-

29 2208 100 2253 nia
119 2208 166 2252 in
186 2208 268 2252 hac
288 2216 402 2251 terra
419 2241 430 2262 ,
462 2204 702 2266 respiciunt
724 2205 848 2266 quod
881 2205 941 2250 ait
964 2204 1221 2265 Apostolus,
1251 2225 1272 2248 «
1301 2209 1420 2250 Prae-

32 2296 54 2321 »
88 2278 183 2339 cipe
202 2277 411 2323 divitibus
432 2278 563 2337 hujus
586 2276 741 2320 mundi
764 2292 855 2321 non
871 2275 1059 2335 superbe
1081 2291 1251 2335 sapere,
1277 2292 1421 2337 neque

32 2366 55 2392 »
87 2364 258 2409 sperare
275 2348 322 2392 in
334 2348 501 2393 incerto
513 2347 762 2392 divitiarum
777 2349 808 2391 ⁵.
831 2365 851 2389 »
873 2349 932 2391 Et
952 2347 1272 2392 considerantes
1287 2363 1419 2407 quam

31 2420 84 2466 sit
109 2421 326 2465 incertum
356 2419 474 2463 unde
507 2419 783 2478 gaudebant,
818 2427 1055 2480 antequam
1078 2418 1335 2463 accederent
1366 2419 1422 2463 ad

38 2492 288 2536 servitutem
319 2491 424 2545 Dei,
464 2489 510 2534 id
543 2499 607 2534 est
621 2525 636 2546 ,
672 2499 906 2551 antequam
941 2490 1170 2534 introirent
1198 2491 1244 2534 in
1275 2500 1424 2535 torcu-

84 2583 91 2599 ¹
113 2575 130 2619 4
153 2578 229 2618 Reg.
256 2587 276 2608 n
292 2600 300 2616 ‚
326 2575 381 2616 23,
399 2574 452 2618 2²1.
477 2591 517 2598 —-
545 2581 558 2598 ²
578 2573 690 2607 masth.
710 2586 798 2609 xxvii
815 2600 823 2616 ‚
845 2575 897 2608 33.
928 2592 968 2598 -—
990 2573 1132 2618 31d.1x‚
1158 2572 1210 2608 15,
1229 2591 1271 2599 0-
1292 2575 1306 2606 4
1338 2575 1419 2609 Psal.

35 2644 77 2673 ix,
100 2644 154 2666 ιο.
174 2649 215 2656 -·
233 2630 247 2655 5
268 2644 276 2664 1
300 2634 378 2664 Tim.
399 2643 442 2673 w,
471 2643 521 2673 17·
