1926 3339
456 348 540 386 390
896 359 928 387 s.
966 362 1193 388 AUGUSTINI
1225 363 1406 389 Emscom

453 426 604 471 dicatis
624 426 744 470 vohis
759 426 988 470 carnaliter
1012 446 1020 471 ε
1038 430 1202 472 Revera
1225 438 1389 472 tantam
1410 427 1739 472 multitudinem
1752 428 1836 472 ini-

454 514 643 559 quorum
661 533 671 553 ,
706 508 873 542 tantam
898 499 1073 542 turbam
1107 500 1381 558 peccantium
1408 515 1507 560 quae
1536 498 1659 544 fovea
1695 508 1840 558 potest

452 571 637 629 capere?
658 568 835 628 quando
858 567 1021 612 foditur
1042 568 1139 612 talis
1161 586 1260 629 quae
1285 586 1433 615 omnes
1458 570 1598 630 capiat
1614 605 1624 625 ,
1661 569 1839 630 quando
1906 594 1910 602 ›

453 641 737 686 exhauritur?
759 639 857 683 idco
875 640 1012 698 parcit
1044 642 1172 684 Deus.
1198 644 1295 685 Non
1317 651 1380 685 est
1399 642 1484 685 hoc
1509 661 1518 686 ε
1550 640 1661 686 fossa
1691 656 1839 700 pecca·
1906 641 1911 673 3

453 719 613 764 torum,
631 710 720 768 ipsa
742 709 925 753 felicitas
942 719 1220 768 peccatorum
1239 720 1326 755 est:
1343 711 1389 754 in
1411 710 1529 754 illam
1551 711 1667 754 enim
1684 709 1841 754 cadent
1908 737 1911 767 2

453 789 660 840 tanquam
675 779 720 827 in
734 777 919 823 foveam.
943 779 1178 835 Intendite,
1201 778 1368 836 fratres,
1394 781 1497 842 quia
1513 796 1668 839 magna
1689 795 1756 824 res
1778 789 1841 825 est

451 861 502 896 ut
523 850 705 895 felicitas
727 849 850 894 fovea
873 850 1042 894 dicatur
1067 870 1076 895 t
1107 870 1125 891 «
1152 854 1300 896 Donec
1318 850 1510 896 fodiatur
1531 851 1749 911 peccatori
1769 850 1840 895 fo-

454 939 475 963 »
511 937 603 965 vca.
629 940 648 962 »
676 922 818 965 Parcit
838 921 951 964 enim
973 920 1034 965 illi
1059 925 1187 977 Deus,
1213 938 1345 982 quem
1364 923 1486 967 novit
1506 932 1776 982 peccatorem
1800 930 1843 965 et
1909 938 1914 954 ³

451 993 651 1051 impium,
672 992 841 1036 occulta
853 992 1020 1052 justitia
1043 1008 1142 1050 sua3
1173 1002 1215 1037 et
1232 994 1315 1037 hoc
1335 993 1478 1052 ipsum
1503 993 1623 1053 quod
1645 993 1684 1036 ei
1706 991 1844 1052 parcit
1910 1032 1914 1046 ‹

450 1065 589 1118 Deus,
612 1078 689 1122 per
724 1062 1029 1121 impunitatem
1053 1063 1159 1107 facit
1181 1079 1281 1107 eum
1314 1063 1492 1108 elatum.
1526 1062 1605 1108 Ille
1632 1078 1676 1107 se
1706 1061 1844 1107 altum
1910 1055 1913 1081 ⁵

451 1142 594 1193 putat,
621 1143 664 1177 et
685 1132 802 1177 cadit
823 1153 831 1177 :
849 1133 893 1176 in
911 1148 961 1177 eo
986 1134 1077 1192 ipso
1094 1133 1211 1178 cadit
1225 1169 1236 1188 ,
1263 1151 1351 1195 quo
1365 1150 1409 1178 se
1427 1134 1563 1179 altum
1583 1138 1723 1193 putat.
1751 1135 1844 1177 Hoc

451 1220 496 1249 se
525 1203 598 1248 ille
632 1213 757 1264 putat
785 1203 1028 1248 sublimiter
1054 1204 1116 1248 ire
1134 1241 1145 1259 ,
1178 1215 1222 1249 et
1249 1209 1362 1250 Deus
1395 1207 1479 1250 hoc
1510 1205 1669 1250 fossam
1700 1213 1840 1249 vocat.

452 1279 583 1320 Fossa
611 1275 666 1319 ad
697 1275 783 1318 ima
806 1275 964 1329 tendit,
989 1290 1079 1319 non
1107 1275 1162 1320 ad
1190 1276 1354 1321 coelum
1385 1296 1393 1321 :
1424 1286 1672 1336 peccatores
1699 1279 1844 1319 autem

452 1346 628 1405 superbi
650 1346 773 1406 quasi
795 1346 841 1388 in
871 1345 1034 1389 coelum
1063 1356 1196 1401 eunt,
1230 1356 1272 1390 et
1298 1347 1343 1390 in
1376 1356 1535 1391 terram
1569 1355 1842 1404 merguntur.

452 1418 632 1472 Contra,
657 1416 844 1460 humiles
861 1417 983 1476 quasi
1001 1417 1047 1460 in
1068 1426 1228 1461 terram
1253 1433 1297 1462 se
1321 1417 1588 1477 deprimunt,
1622 1426 1666 1461 et
1689 1417 1733 1460 in
1756 1432 1847 1461 coe-

451 1489 544 1533 lum
568 1487 823 1533 ascendunt.
849 1489 1026 1533 Mitesce
1052 1503 1179 1547 ergo,
1205 1489 1400 1549 quisquis
1425 1505 1468 1533 es
1491 1488 1645 1543 fidelis,
1681 1490 1714 1532 si
1746 1503 1843 1532 eru·

452 1560 569 1604 ditus
591 1574 634 1603 es
656 1574 706 1602 ex
728 1558 820 1617 lege
845 1560 936 1614 Dei,
961 1569 1010 1603 ut
1027 1560 1080 1604 sit
1103 1575 1178 1604 cor
1194 1569 1322 1604 tuum
1343 1560 1389 1603 in
1407 1561 1682 1604 firmamento
1703 1558 1803 1603 coeli
1831 1571 1840 1603 ⁵.

452 1631 553 1691 quia
583 1633 699 1674 Deus
725 1627 829 1673 fecit
855 1630 1084 1674 luminaria
1112 1639 1269 1690 quarto
1291 1630 1361 1674 die
1379 1666 1389 1686 ,
1414 1631 1491 1691 qui
1514 1630 1672 1675 dicitur
1689 1639 1844 1691 quarta

452 1700 645 1754 sabbati,
681 1701 800 1744 unde
830 1700 1009 1744 titulum
1042 1700 1237 1745 Psalmus
1264 1701 1343 1745 iste
1373 1701 1580 1761 percepit.
1611 1700 1844 1753 Quomodo

451 1771 571 1816 vides
605 1771 836 1815 luminaria
865 1787 965 1815 cum
999 1781 1088 1815 tota
1110 1771 1320 1831 patientia
1350 1771 1534 1830 dirigere
1555 1786 1705 1816 cursus
1727 1782 1842 1826 suos,

452 1851 495 1886 et
517 1857 606 1886 non
641 1857 793 1885 curare
815 1857 915 1902 quae
946 1842 992 1885 in
1021 1857 1067 1885 se
1094 1842 1242 1886 dicant
1261 1842 1458 1886 homines
1486 1861 1495 1886 :
1521 1841 1580 1886 sic
1613 1850 1657 1885 et
1680 1850 1731 1886 tu
1756 1852 1843 1886 non

451 1928 575 1957 cures
598 1911 816 1972 quidquid
843 1912 923 1955 tibi
952 1912 1101 1956 fecerit
1122 1928 1237 1957 caro.
1269 1913 1420 1957 Omnis
1442 1913 1557 1956 enim
1579 1913 1713 1957 homo
1747 1927 1847 1957 caro

450 1993 495 2027 et
516 1983 692 2042 sanguis
718 1992 796 2026 est.
818 1986 915 2028 Non
933 1983 1048 2029 enim
1071 1982 1166 2027 vilis
1191 1999 1235 2028 es
1260 1984 1305 2027 in
1329 1983 1654 2044 comparatione
1671 1983 1847 2028 alterius

449 2053 605 2106 carnis,
627 2069 649 2096 a
673 2069 759 2113 qua
785 2052 943 2097 videris
972 2055 1124 2113 premi.
1147 2054 1256 2107 Quia
1278 2070 1360 2114 pro
1384 2063 1426 2097 te
1442 2053 1517 2098 ille
1538 2054 1730 2113 suscepit
1750 2070 1847 2098 car—

453 2139 571 2178 nem,
593 2133 637 2167 et
658 2139 739 2183 pro
761 2134 804 2167 te
825 2124 899 2167 ille
921 2123 1039 2168 fudit
1059 2124 1333 2183 sanguinem,
1355 2124 1430 2184 qui
1453 2133 1497 2167 et
1519 2133 1562 2168 te
1579 2133 1623 2168 et
1643 2123 1768 2168 illum
1792 2124 1848 2169 ad

450 2210 580 2255 ¹suum
612 2204 676 2238 est
701 2194 992 2254 perducturus
1025 2211 1204 2238 examen
1233 2215 1242 2239 z
1273 2203 1316 2238 et
1338 2195 1372 2238 si
1406 2204 1525 2239 tanta
1557 2195 1845 2254 praerogavit,

454 2280 555 2309 cum
572 2280 683 2308 esses
697 2265 873 2324 impius,
895 2264 1002 2324 quid
1020 2275 1159 2309 servat
1176 2264 1327 2309 fideli?
1343 2265 1456 2308 Hinc
1478 2263 1669 2309 mitesce.
1690 2268 1848 2319 Quem-

452 2334 695 2378 admodum
715 2335 929 2379 mitescis?
952 2337 1064 2380 Cum
1087 2335 1194 2379 dicis
1214 2335 1351 2388 :Quia
1374 2338 1488 2379 Deus
1507 2336 1591 2379 hoc
1613 2333 1724 2389 vult,
1749 2335 1848 2380 ideo

453 2405 615 2449 florent
636 2404 739 2448 mali
764 2424 773 2449 :
800 2420 975 2464 parcere
993 2404 1087 2449 vult
1105 2405 1243 2459 malis⁷
1271 2405 1325 2448 ad
1345 2405 1648 2465 poenitentiam
1670 2404 1849 2450 adducit

457 2491 529 2519 eos
560 2474 722 2535 quibus
748 2475 886 2534 parcit
918 2495 927 2520 :
957 2475 1033 2519 sed
1067 2475 1129 2519 illi
1153 2491 1242 2520 non
1274 2476 1552 2534 corriguntur
1580 2495 1590 2521 :
1626 2476 1750 2521 novit
1772 2475 1848 2520 ille

454 2545 681 2606 quomodo
704 2545 759 2589 de
781 2545 863 2589 illis
884 2545 1067 2606 judicet.
1099 2547 1281 2590 Immitis
1304 2556 1368 2590 est
1389 2556 1538 2591 autem
1566 2548 1715 2602 homo,
1747 2555 1850 2592 cum

455 2616 552 2660 vult
580 2616 878 2660 contradicere
900 2626 976 2661 aut
998 2618 1182 2661 bonitati
1206 2618 1394 2673 Domini,
1410 2627 1494 2662 *aut
1510 2618 1750 2678 patientiae,
1773 2627 1848 2664 aut

454 2691 675 2746 potestati,
693 2698 766 2732 aut
785 2688 963 2746 justitiae
979 2687 1151 2747 judicis.
1180 2689 1373 2748 Eri-gitur
1391 2689 1605 2749 superbus
1621 2689 1668 2734 i‘n
1690 2692 1845 2744 Deum,
