1926 3339
461 339 545 378 342
891 349 925 378 S.
961 350 1190 377 AUGUSTim
1223 349 1403 376 EPISCOPI

464 435 485 458 >›
521 416 630 461 dasti
657 431 728 460 me
747 451 758 471 ‚
798 415 1001 470 Domine,
1036 416 1083 459 in
1103 414 1269 459 factura
1292 423 1366 458 tua
1388 413 1492 457 etin
1518 411 1721 471 operibus
1741 425 1837 454 ma·
1857 427 1860 431 ’

461 506 482 530 »
517 503 656 532 nuum
679 497 852 531 tuarum
869 485 1087 530 exultabo.
1106 503 1128 526 »

522 561 622 602 VII.
649 556 760 611 Quid
782 558 945 614 agimus
967 556 1021 600 de
1053 556 1133 600 illis
1159 556 1235 616 qui
1269 557 1381 600 male
1402 556 1557 601 vivunt
1587 565 1630 600 et
1656 556 1839 601 florent?

465 630 577 673 Hinc
600 629 715 671 enini
738 627 1041 686 perturbatum
1065 627 1258 670 animum
1279 626 1436 681 habet,
1471 626 1548 686 qui
1576 625 1720 685 perdit
1740 624 1839 669 sab-

460 700 614 742 batum
635 717 644 741 z
665 696 785 741 videt
805 711 849 740 se
876 696 923 745 in
945 695 1070 740 bonis
1097 695 1300 754 operibus
1322 695 1518 755 quotidie
1537 704 1780 739 versantem
1797 702 1840 738 et

460 768 733 812 laborantem
756 767 801 809 in
825 767 1022 824 angustia
1044 781 1210 820 rerum,
1242 764 1354 811 forte
1385 766 1431 809 in
1456 765 1602 825 inopia
1621 764 1684 809 rei
1711 762 1840 808 fami·-

463 837 599 891 liaris,
624 837 734 880 forte
756 837 801 880 in
818 834 932 879 fame
954 845 997 879 et
1018 836 1086 879 siti
1104 844 1146 880 et
1167 834 1388 891 nuditate,
1414 834 1525 880 forte
1546 850 1590 879 se
1610 835 1657 878 in
1672 849 1843 880 carcere

461 908 576 952 bona
614 906 867 960 facientem,
908 915 951 950 et
972 905 1096 951 illum
1118 923 1142 950 a
1163 906 1318 967 quoin
1355 921 1572 951 carcerem
1593 906 1746 950 missus
1780 914 1845 950 est

462 978 574 1022 mala
604 978 835 1022 facientem
864 986 907 1020 et
938 976 1203 1022 exultantem
1229 997 1239 1023 :
1265 986 1309 1022 et
1330 977 1547 1022 subintrat
1567 992 1642 1022 cor
1662 975 1845 1036 pessima

464 1049 669 1108 cogitatio
692 1047 895 1093 adversus
918 1051 1079 1102 Deum,
1104 1056 1147 1092 et
1168 1047 1274 1092 dicit
1298 1067 1307 1093 :
1332 1051 1446 1092 Deus
1464 1082 1475 1102 ,
1499 1062 1634 1107 quare
1655 1046 1736 1093 tibi
1756 1061 1847 1090 ser-

465 1121 561 1173 vio,
587 1134 720 1179 quare
758 1118 918 1162 obedio
949 1117 1093 1162 verbis
1128 1119 1242 1162 tuis?
1268 1121 1366 1163 Non
1394 1118 1518 1178 rapui
1551 1116 1691 1162 aliena
1710 1152 1722 1172 ‚
1756 1132 1846 1161 non

466 1189 635 1234 furtum
658 1188 738 1232 leci
756 1224 767 1243 ,
808 1204 897 1232 non
928 1189 1151 1233 hominem
1180 1188 1340 1243 occidi,
1366 1205 1456 1233 non
1477 1190 1733 1249 cujusquam
1755 1202 1847 1231 rem

468 1259 698 1319 concupivi
725 1295 736 1314 ‚
775 1274 865 1303 non
898 1257 1056 1302 falsum
1089 1259 1384 1303 testimonium
1426 1258 1629 1302 adversus
1661 1257 1846 1317 aliquem

468 1331 555 1374 dixi
575 1365 585 1383 ,
617 1345 707 1374 non
728 1329 840 1389 patri
862 1327 931 1373 vel
953 1329 1079 1372 matri
1100 1330 1301 1388 injuriam
1328 1328 1431 1383 feci,
1457 1345 1545 1373 non
1570 1328 1626 1373 ad
1646 1327 1762 1372 idola
1780 1328 1848 1371 in-

466 1401 649 1446 clinatus
672 1416 767 1444 sum
785 1436 795 1455 ‚
821 1416 910 1444 non
933 1400 1078 1459 accepi
1107 1415 1267 1444 nomen
1290 1400 1462 1445 Domini
1485 1400 1562 1444 Dei
1582 1400 1628 1443 in
1648 1414 1810 1443 vanum
1837 1417 1846 1442 :

467 1472 632 1516 servavi
657 1487 726 1514 me
749 1487 772 1514 a
796 1468 989 1530 peccato.
1014 1473 1256 1515 Enumerat
1278 1470 1429 1515 decem
1458 1469 1640 1515 chordas
1656 1505 1668 1524 ,
1691 1468 1738 1514 id
1757 1477 1820 1513 est
1835 1503 1847 1523 ‚

469 1543 621 1586 decem
657 1550 873 1601 praecepta
896 1541 1019 1599 Legis
1034 1544 1046 1567 1
1066 1577 1076 1596 ,
1103 1550 1146 1585 et
1166 1542 1404 1600 interrogat
1427 1556 1470 1585 se
1497 1540 1738 1585 secundum
1762 1540 1852 1585 sin-

470 1612 593 1671 gula,
628 1621 671 1656 et
695 1610 813 1655 videt
828 1627 871 1655 se
894 1627 983 1656 non
1005 1627 1203 1671 peccasse
1219 1648 1229 1664 ‚
1255 1628 1335 1656 nec
1357 1613 1403 1656 in
1422 1628 1511 1656 uno
1527 1647 1537 1667 ,
1563 1620 1606 1655 et
1622 1610 1852 1655 contrista-

470 1694 542 1728 tur
559 1684 661 1743 quia
682 1683 784 1727 talia
806 1682 920 1726 mala
941 1684 1119 1742 patitur.
1141 1686 1198 1727 Et
1219 1683 1280 1727 illi
1304 1683 1401 1743 qui,
1425 1698 1516 1727 non
1541 1682 1639 1726 dico
1657 1717 1668 1737 ,
1689 1680 1854 1742 aliquas

469 1754 653 1800 chordas
683 1762 869 1812 tangunt
885 1789 896 1807 ,
928 1753 1003 1797 sed
1021 1769 1101 1797 nec
1126 1763 1313 1812 tangunt
1334 1753 1478 1813 ipsum
1501 1752 1754 1812 psalterium
1775 1787 1787 1806 ‚
1811 1761 1856 1796 et

470 1824 578 1870 nihil
594 1824 698 1867 boni
712 1833 964 1882 operantur,
981 1823 1218 1868 consulunt
1234 1823 1350 1868 idola
1366 1843 1375 1868 :
1395 1833 1440 1868 et
1452 1822 1565 1868 forte
1577 1832 1684 1868 tunc
1697 1821 1855 1868 viden-

470 1905 543 1939 tur
571 1894 822 1948 Christiani,
844 1893 1021 1953 quando
1045 1893 1155 1938 nihil
1177 1893 1279 1938 mali
1302 1894 1466 1954 patitur
1492 1893 1649 1938 domus
1672 1908 1853 1950 eorum3

470 1965 648 2027 quando
671 1974 816 2008 autem
844 1964 987 2025 aliqua
1009 1965 1068 2008 ibi
1090 1965 1317 2009 tribulatio
1338 1974 1422 2019 est,
1459 1973 1644 2009 currunt
1678 1963 1735 2008 ad
1769 1979 1855 2023 py-

470 2038 650 2081 thonem
668 2071 678 2089 ‚
705 2044 781 2078 aut
797 2034 1050 2094 sortilegum
1068 2070 1079 2090 ,
1107 2045 1182 2080 aut
1205 2036 1576 2080 mathematicum.
1602 2034 1770 2079 Dicitur
1793 2033 1856 2078 illi

471 2122 632 2151 nomen
650 2106 835 2159 Christi,
859 2106 1121 2160 subsannat,
1144 2115 1318 2166 torquet
1339 2121 1400 2150 os.
1427 2106 1596 2150 Dicitur
1614 2103 1678 2148 illi
1703 2124 1712 2150 :
1732 2103 1858 2149 Fide-

470 2178 548 2232 lis,
570 2176 758 2221 consulis
781 2177 1166 2220 mathematicum?
1184 2180 1239 2221 Et
1264 2176 1336 2221 ille
1362 2197 1370 2222 ε
1398 2175 1568 2221 Recede
1591 2193 1614 2220 a
1636 2192 1705 2220 me
1733 2195 1742 2221 :
1767 2175 1858 2234 ipse

472 2247 579 2291 mihi
602 2246 796 2305 prodidit
818 2262 883 2289 res
904 2261 1048 2303 meas;
1087 2262 1188 2290 nam
1208 2245 1488 2306 perdidissem
1506 2282 1516 2301 ,
1542 2255 1585 2290 et
1610 2246 1657 2290 in
1677 2245 1859 2306 planctu

473 2318 786 2361 remansissem.
818 2319 960 2360 Homo
990 2317 1138 2371 bone,
1172 2332 1319 2361 nonne
1340 2317 1481 2376 signas
1503 2326 1546 2361 te
1577 2317 1698 2375 signo
1719 2315 1859 2360 crucis

475 2388 634 2433 Christi
649 2390 666 2430 ’Ξ
680 2391 736 2431 Et
752 2391 840 2431 Lex
859 2387 1003 2432 omnia
1026 2387 1105 2431 ista
1122 2388 1339 2446 prohibet.
1362 2388 1534 2432 Gaudes
1555 2388 1659 2448 quia
1680 2403 1746 2431 res
1763 2396 1858 2431 tuas

474 2459 691 2512 invenisti,
717 2474 807 2502 non
824 2473 867 2501 es
887 2457 1015 2501 tristis
1038 2458 1139 2517 quia
1163 2467 1212 2502 tu
1229 2459 1404 2517 peristi?
1421 2461 1597 2511 Quanto
1617 2457 1770 2502 melius
1791 2466 1860 2501 tu-

472 2531 568 2574 nica
584 2539 658 2574 tua
675 2530 833 2589 periret
851 2544 982 2589 quam
1000 2530 1142 2573 anima
1160 2532 1265 2573 tua?
1289 2530 1536 2575 Subsannat
1558 2531 1603 2573 in
1625 2529 1690 2574 his
1709 2528 1856 2574 omni-

525 2646 534 2661 ¹
562 2639 660 2671 Exod.
681 2649 735 2679 xx,
759 2649 852 2678 1—17.
