1926 3339
459 277 542 317 468
808 321 812 327 ι
887 287 920 315 5.
956 276 1186 316 AUGUSTINI
1219 288 1400 316 muscom

455 368 543 414 qua
564 351 662 397 luce
683 367 773 397 non
797 352 878 397 sibi
901 362 1015 408 orta,
1037 354 1082 397 in
1110 354 1197 398 fine
1219 352 1367 398 dicent
1388 352 1537 412 injusti
1559 370 1568 396 z
1598 354 1751 411 «Ergo
1771 368 1840 397 er-

459 441 479 465 »
516 424 703 468 ravimus
736 440 759 467 a
793 425 862 468 via
895 424 1085 468 veritatis
1107 458 1118 478 ,
1154 433 1198 468 et
1219 424 1398 483 justitiae
1430 422 1581 467 lumen
1609 438 1697 467 non
1732 423 1841 467 luxit

456 512 479 537 >›
514 493 654 548 nobis,
676 502 719 537 et
741 492 804 536 sol
826 508 915 537 non
936 501 1056 537 ortus
1077 502 1139 536 est
1157 493 1283 537 nobis
1299 495 1486 537 ².»Ecce
1505 491 1690 537 amando
1707 493 1840 536 istum

456 564 615 619 solem,
647 564 691 607 in
719 563 909 607 tenebris
938 562 1079 608 cordis
1106 564 1354 623 jacuerunt.
1381 564 1497 616 Quid
1513 562 1680 622 profuit
1703 563 1840 608 oculis

457 635 602 680 videre
624 634 756 678 istum
771 669 782 690 ,
819 643 862 678 et
883 644 1029 679 mente
1056 649 1146 678 non
1174 633 1318 679 videre
1339 633 1497 677 illum?
1526 633 1680 678 Tobias
1702 650 1841 679 caecus

457 715 570 761 erat,
603 715 646 750 et
667 705 807 750 filium
829 721 956 751 suum
977 707 1092 751 viam
1115 706 1191 750 Dei
1222 705 1421 751 docebat.
1442 706 1582 751 Nostis
1604 706 1710 762 hoc,
1739 706 1841 767 quia

459 777 614 822 'l'obias
646 776 785 821 filium
818 792 946 821 suum
971 776 1258 832 admonebat,
1294 785 1337 821 et
1365 776 1568 820 dicebat:
1599 776 1747 831 «Fili,
1774 774 1841 822 fac

458 866 479 889 »
515 846 825 905 eleemosynas,
844 847 945 907 quia
961 846 1249 905 eleemosynae
1263 863 1352 891 non
1367 847 1628 907 permittunt
1643 847 1705 890 ire
1716 847 1763 890 in
1780 855 1842 891 te-

459 937 480 961 »
515 918 720 963 nebras2»
732 953 739 962 .
751 921 809 963 Et
825 919 1089 979 loquebatur
1103 917 1176 963 ille
1192 919 1268 979 qui
1289 919 1335 963 in
1355 918 1541 963 tenebris
1559 927 1663 962 erat.
1676 917 1843 962 Videtis

455 990 557 1049 quia
580 998 643 1033 est
665 988 745 1033 alia
774 987 850 1032 lux
870 1005 970 1049 quae
993 990 1130 1034 oritur
1147 990 1287 1049 justo,
1317 1000 1360 1034 et
1383 990 1509 1034 rectis
1531 988 1661 1034 corde
1677 990 1842 1049 jucun-

456 1060 566 1104 ditas
578 1063 595 1101 ‘2
609 1059 768 1104 Oculos
785 1075 875 1103 non
897 1059 1102 1114 habebat,
1119 1069 1162 1103 et
1178 1059 1267 1104 filio
1285 1076 1362 1105 suo
1378 1060 1573 1105 dicebat:
1589 1079 1608 1102 «
1622 1063 1709 1104 Fac
1725 1059 1841 1103 elee-

456 1149 477 1172 »
503 1145 727 1187 mosynas,
747 1130 1035 1188 eleemosynae
1057 1145 1146 1174 non
1165 1131 1314 1174 sinunt
1333 1131 1395 1174 ire
1417 1132 1463 1174 in
1484 1131 1698 1175 tenebras.
1720 1149 1740 1171 »
1755 1133 1843 1176 Nec

454 1201 601 1245 timuit
614 1216 669 1244 ne
688 1199 852 1244 diceret
873 1201 953 1244 sibi
975 1201 1021 1244 in
1036 1200 1167 1245 corde
1189 1217 1267 1245 suo
1290 1200 1404 1245 filius
1432 1201 1563 1260 ipsius
1589 1221 1597 1246 :
1632 1205 1698 1245 Tu
1726 1202 1843 1245 enirn

454 1271 750 1329 eleemosynas
772 1287 862 1316 non
879 1271 1197 1324 fecistiPQuare
1221 1288 1360 1316 caecus
1376 1271 1483 1315 mihi
1499 1272 1843 1332 loquerisPEcce

453 1341 740 1400 eleemosynae
755 1341 811 1386 ad
823 1343 1022 1386 tenebras
1040 1352 1082 1386 te
1103 1343 1416 1402 perduxerunt,
1433 1352 1475 1386 et
1497 1341 1718 1402 quomodo
1736 1342 1843 1386 mihi

453 1414 558 1458 dicis
572 1434 579 1458 z
601 1434 619 1455 «
632 1414 934 1472 Eleemosynae
947 1430 1037 1458 non
1051 1415 1200 1458 sinunt
1213 1415 1274 1458 ire
1288 1415 1332 1458 in
1345 1414 1596 1458 te11el>1=as?»
1609 1417 1752 1468 Quare
1770 1413 1843 1458 ille

453 1487 531 1530 ista
548 1501 647 1530 cum
663 1486 822 1530 fiducia
836 1485 1025 1541 dicebat,
1038 1486 1120 1529 nisi
1134 1486 1236 1546 quia
1251 1486 1376 1530 aliam
1397 1485 1541 1529 lucem
1560 1484 1763 1530 videbat?
1778 1484 1844 1528 Fi-

451 1557 534 1602 lius
552 1557 665 1617 patri
687 1572 866 1600 manum
883 1557 1078 1611 tenebat,
1095 1566 1145 1600 ut
1166 1555 1409 1599 ambularet
1431 1575 1439 1600 :
1461 1555 1536 1600 sed
1558 1565 1681 1615 pater
1703 1555 1844 1599 filium

450 1630 565 1674 viam
580 1627 782 1683 docebat,
795 1636 843 1671 ut
856 1628 1118 1671 viveret.Est
1132 1642 1232 1684 ergo
1248 1625 1327 1670 alia
1343 1626 1433 1681 lux,
1446 1642 1544 1686 quae
1558 1627 1696 1670 oritur
1705 1626 1838 1686 justo.

455 1720 476 1743 «
502 1702 597 1743 Lux
612 1707 705 1743 orta
729 1700 936 1758 estjusto,
955 1707 998 1741 et
1014 1699 1139 1741 rectis
1162 1696 1292 1741 corde
1313 1696 1580 1756 jucunditas.
1597 1696 1704 1740 »Vis
1721 1695 1842 1739 illam

449 1786 576 1816 nosse
589 1772 606 1810 ἰ)
621 1772 726 1813 Esto
743 1778 886 1813 rectus
903 1769 1048 1813 corde.
1067 1767 1182 1821 Quid
1205 1776 1283 1822 est,
1295 1769 1400 1811 Esto
1414 1776 1555 1811 rectus
1574 1766 1729 1811 corde?
1744 1764 1842 1811 Noli

449 1852 566 1888 torto
584 1842 715 1886 corde
738 1856 828 1885 esse
845 1840 900 1884 ad
915 1847 1066 1895 Deum,
1080 1839 1279 1884 resistens
1296 1838 1513 1883 voluntati
1535 1839 1682 1898 ipsiuS,
1701 1846 1744 1881 et
1768 1853 1842 1882 vo-

449 1915 543 1958 lens
567 1913 692 1957 illum
713 1927 894 1957 curvare
916 1911 972 1956 ad
999 1919 1041 1954 te
1056 1946 1067 1966 ,
1093 1919 1137 1954 et
1163 1926 1253 1955 non
1275 1919 1317 1954 te
1339 1909 1524 1968 dirigere
1542 1909 1598 1953 ad
1617 1908 1767 1966 illum,
1799 1918 1843 1953 ct

449 1985 605 2030 senties
632 1983 970 2044 jucunditatem,
991 1997 1123 2043 quam
1145 1991 1310 2027 norunt
1331 1996 1480 2026 omnes
1503 1980 1580 2041 qui
1599 1990 1718 2025 recto
1739 1989 1842 2024 sunt

450 2056 596 2101 corde.
624 2074 644 2097 «
669 2059 765 2098 Lux
786 2063 879 2099 orta
902 2063 965 2098 est
975 2055 1093 2113 justo
1109 2088 1120 2109 ,
1141 2062 1183 2097 et
1201 2053 1325 2096 rectis
1348 2051 1479 2096 corde
1497 2050 1764 2111 jucunditas.
1786 2068 1806 2091 »

505 2128 627 2170 XIX.
657 2146 678 2168 (ι
703 2128 726 2169 J
733 2124 1017 2170 ucundamini
1034 2125 1155 2184 justi.
1184 2143 1204 2165 »
1230 2127 1326 2168 Jam
1349 2122 1461 2167 forte
1483 2122 1631 2166 fideles
1655 2120 1839 2165 audien—-

446 2208 510 2243 tes
528 2233 539 2253 ,
565 2216 585 2238 «
611 2195 945 2250 Jucundamini,
975 2214 994 2236 υ
1023 2195 1220 2240 convivia
1241 2193 1528 2249 meditantur,
1554 2192 1707 2237 calices
1728 2208 1839 2252 prae-

443 2277 623 2328 parant,
664 2282 859 2311 rosarum
898 2275 1068 2325 tempus
1106 2273 1333 2325 expectant
1352 2285 1363 2321 3
1398 2264 1499 2324 quia
1537 2263 1703 2308 dietum
1739 2271 1803 2307 est
1825 2281 1834 2307 ε

447 2359 468 2382 «
503 2343 525 2383 J
534 2338 816 2383 ucundamini
833 2337 955 2397 justi.
981 2355 1000 2378 »
1025 2335 1135 2380 Vide
1152 2335 1260 2396 quid
1281 2335 1477 2395 sequitur
1497 2355 1505 2379 :
1525 2338 1610 2378 «In
1631 2335 1833 2379 Domino.

444 2429 465 2451 »
504 2407 816 2452 ¹Iucundamini
843 2407 949 2467 justi
972 2407 1018 2449 in
1043 2406 1245 2450 Domino.
1273 2425 1292 2447 »
1328 2409 1540 2465 Expectas
1564 2414 1734 2464 tempus
1757 2420 1835 2448 ve-

443 2481 522 2534 ris,
549 2488 598 2522 ut
616 2478 870 2537 jucunderis
896 2497 904 2521 ι
933 2476 1168 2521 Dominum
1202 2476 1337 2519 habes
1360 2474 1703 2535 jucunditatem,
1742 2477 1832 2517 Do-

441 2552 584 2595 minus·
607 2564 774 2608 semper
795 2558 938 2592 tecum
962 2557 1054 2602 est,
1080 2563 1170 2592 non
1191 2547 1322 2591 habet
1344 2556 1536 2605 tempus:
1553 2546 1687 2590 habes
1704 2544 1832 2589 illum

493 2643 498 2658 ¹
525 2638 597 2677 Sap.
621 2646 654 2675 v,
675 2634 706 2665 G.
731 2651 772 2656 --
794 2640 804 2655 2
824 2633 902 2664 Tol».
931 2645 975 2674 iv,
997 2643 1012 2672 2·
1036 2636 1067 2664 et
1089 2644 1138 2664 11.
