1926 3339
0 1891 2 1920 l

0 1934 2 1967 Ι

408 262 656 292 ENARRA'no
687 266 734 292 nv
765 263 971 293 PsALMUM
1002 265 1118 293 κεῖν.
1359 253 1444 296 427

62 348 82 371 »
102 330 145 374 Si
166 330 412 375 introibunt
431 330 477 373 in
492 330 686 390 requiem
698 332 858 374 meam.
874 348 894 370 »
910 329 1053 390 Loqui
1069 330 1304 374 Dominum
1326 346 1447 390 mag-

57 415 163 443 num
188 409 275 457 est3
292 408 457 460 quanto
472 400 605 457 magis
619 400 765 459 jurare
788 403 929 443 Deum
942 401 960 443 Ρ
975 402 999 443 J
1004 408 1202 443 urantem
1223 399 1446 444 hominem

57 468 188 513 debes
207 469 358 513 timere
374 505 385 524 ,
416 485 471 512 ne
501 478 680 528 propter
701 470 967 530 jurationem
997 468 1129 513 faciat
1149 468 1268 529 quod
1296 479 1447 514 contra

57 538 328 583 voluntatem
351 541 441 599 ejus
459 549 521 583 est
537 561 547 596 3
572 549 737 600 quanto
754 541 887 598 magis
905 543 1060 594 Deum,
1073 540 1149 600 qui
1162 539 1271 583 nihii
1286 548 1448 584 temere

52 610 199 669 jurare
214 610 382 669 potest?
408 610 679 654 Jurationem
704 610 759 654 ad
781 610 1157 655 confirmationem
1179 609 1318 654 voluit
1340 625 1444 654 esse.

57 683 114 724 Et
144 696 221 740 per
243 696 376 741 quem
393 680 511 741 jurat
532 683 672 725 Deus?
696 685 776 725 Per
797 683 1091 740 semetipsum.
1117 684 1214 726 Non
1233 682 1348 724 enim
1370 682 1450 725 ha-

57 750 133 794 bet
154 752 360 811 majorem
389 767 466 811 per
487 767 615 811 quem
632 754 790 812 juret1.
818 756 900 796 Per
920 752 1200 811 semetipsum
1221 752 1450 796 confirmat

57 821 265 881 promissa
285 837 359 865 sua
377 857 387 876 ,
416 838 494 882 per
516 824 795 882 semetipsum
818 823 1048 867 confirmat
1069 823 1207 866 minas
1230 838 1341 866 suas.
1359 825 1448 867 Ne-

56 906 129 935 mo
147 890 264 935 dicat
280 891 323 935 in
348 891 478 935 corde
501 908 600 936 suo:
623 895 786 936 Verum
809 901 873 936 est
894 892 1013 952 quod
1031 892 1246 951 promittit
1264 913 1275 948 3
1292 891 1448 936 falsum

56 971 119 1006 est
151 962 271 1022 quod
292 963 498 1007 minatur.
533 967 637 1007 Tam
661 973 803 1008 certus
829 979 918 1007 esse
942 963 1074 1007 debes
1105 963 1160 1005 de
1188 964 1336 1022 requie
1352 998 1362 1016 ‚
1393 963 1447 1007 de

55 1031 263 1077 felicitate
277 1069 288 1088 ‚
312 1033 367 1077 de
388 1034 647 1088 aeternitate,
670 1035 723 1078 de
743 1033 1084 1087 immortalitate,
1103 1033 1136 1076 si
1158 1031 1310 1077 feceris
1332 1049 1449 1092 prae-

55 1112 180 1164 cepta
204 1104 353 1164 ipsius,
368 1120 499 1164 quam
517 1114 659 1148 certus
682 1120 772 1151 esse
789 1104 921 1148 debes
943 1102 997 1147 de
1014 1103 1210 1158 interitu,
1226 1102 1280 1147 de
1298 1103 1451 1148 ardore

54 1173 164 1232 ignis
185 1175 361 1229 aeterni,
379 1173 433 1217 de
451 1173 731 1219 damnatione
753 1190 854 1219 eum
877 1173 1069 1230 diabolo,
1084 1173 1118 1220 si
1139 1175 1449 1234 contempseris

54 1253 268 1304 praecepta
293 1246 399 1304 ejus.
427 1247 451 1288 J
457 1245 595 1289 uravit
619 1260 720 1303 ergo
751 1243 835 1288 illis
856 1245 900 1287 in
924 1245 983 1288 ira
1019 1259 1116 1295 sua,
1143 1259 1197 1287 ne
1219 1243 1384 1288 intrent
1404 1244 1451 1288 in

53 1306 249 1375 requiem
281 1316 443 1376 ipsius3
468 1324 511 1359 et
542 1325 687 1377 tamen
717 1324 889 1376 oportet
918 1314 1086 1375 aliquos
1119 1315 1281 1358 intrare
1303 1315 1349 1359 in
1378 1330 1450 1358 re-

54 1386 203 1446 quiem
223 1386 379 1446 ipsius3
404 1402 494 1431 non
516 1386 632 1430 enim
660 1386 770 1430 nulli
793 1386 972 1430 dabitur
994 1385 1164 1446 requies
1183 1385 1330 1445 ipsius.
1359 1384 1451 1429 Illis

55 1471 161 1514 ergo
176 1456 432 1516 reprobatis,
459 1472 538 1500 nos
555 1457 816 1501 intrabimus
837 1475 845 1500 ;
871 1456 973 1516 quia
995 1455 1074 1501 etsi
1094 1455 1227 1515 aliqui
1248 1471 1299 1499 ex
1320 1456 1451 1500 ramis

53 1525 181 1572 fracti
203 1536 305 1570 sunt
327 1537 507 1590 propter
529 1526 925 1571 dissimilitudinem
950 1535 993 1570 et
1015 1526 1319 1573 infidelitatem
1333 1562 1344 1583 7
1371 1542 1450 1571 nos

54 1606 232 1660 propter
253 1597 388 1642 fidem
411 1606 454 1642 et
472 1597 765 1643 humilitatem
782 1598 1064 1642 inseremur2.
1083 1600 1170 1642 Nos
1191 1613 1294 1656 ergo
1316 1597 1452 1642 intre-

54 1684 152 1714 mus
174 1669 218 1712 in
241 1669 437 1729 requiem
460 1670 566 1729 ejuS.
588 1668 715 1713 Unde
737 1670 1116 1714 autemintrarunt
1135 1667 1199 1714 illi
1222 1669 1298 1728 qui
1315 1669 1452 1712 intra-

54 1747 187 1793 runt,
215 1738 279 1784 illi
306 1739 381 1799 qui
404 1738 531 1783 electi
553 1749 679 1794 sunt,
711 1740 786 1800 qui
807 1755 898 1783 non
922 1738 1054 1783 corde
1080 1738 1300 1785 obdurato
1325 1739 1450 1782 resti-

54 1811 234 1854 terunt?
262 1810 369 1862 Quia
401 1825 552 1856 verum
581 1819 645 1854 est
684 1829 705 1852 ι(
743 1809 873 1863 Quod
905 1825 994 1854 non
1023 1808 1204 1869 repellet
1236 1809 1449 1853 Dominus

58 1897 79 1920 »
113 1879 288 1940 plebem
310 1895 449 1924 suam.
473 1899 493 1921 »

104 1981 111 1997 ¹
130 1974 232 2008 Hebr.
256 1987 303 2014 vr,
324 1975 374 2008 13.
395 1993 437 1998 —
460 1982 473 1998 ²
489 1978 580 2007 Rom.
600 1986 646 2015 xi,
671 1986 722 2016 19·
745 1984 799 2010 20·
