1926 3339
398 297 639 328 munaum
672 301 715 326 m
750 298 952 327 PsALMUM
985 301 1136 328 Lxxxv.
1347 296 1430 334 207

49 367 161 410 Deus
178 375 267 406 non
289 371 406 418 erat,
436 363 570 408 homo
593 372 685 407 erat
710 382 718 407 :
744 362 843 407 ideo
874 361 1138 408 occidendus
1162 368 1279 411 erat?
1301 371 1433 414 Parce

47 433 213 480 homini
231 468 242 488 ,
262 441 304 476 et
322 448 504 492 agnosce
527 437 681 478 Deum.

104 507 204 550 XX.
231 507 288 549 Et
315 514 379 560 tu,
402 506 586 549 Domine
609 508 722 549 Deus
741 504 965 550 miserator
986 514 1028 549 et
1049 506 1309 563 misericors,
1336 508 1434 553 lon-

50 593 70 619 »
106 575 286 634 ganimis
309 584 354 620 et
374 575 563 619 multum
586 575 826 620 misericors
855 585 898 620 et
923 590 1053 619 verax
1068 577 1098 620 1.
1125 595 1145 618 »
1167 579 1310 630 Quare
1332 579 1434 623 lon-

50 664 72 689 »
106 644 315 705 ganimis,
342 655 384 689 et
410 645 598 690 multum
631 646 872 690 misericors
889 680 900 701 ‚
928 655 971 690 et
997 646 1253 692 miserator?
1276 666 1295 689 »
1323 651 1434 702 Quia

46 718 92 763 in
113 732 240 761 cruce
262 717 456 776 pendens
473 718 531 761 ait
554 736 562 762 ι
584 735 604 759 «
628 720 768 772 Pater,
791 717 966 775 ignosce
988 716 1087 772 illis,
1106 719 1206 778 quia
1230 721 1432 766 nesciunt

53 809 71 830 »
106 786 214 847 quid
237 785 442 832 faciunt2.
474 806 493 828 n
535 789 675 841 Quem
708 787 850 847 petit?
875 802 955 846 pro
984 788 1145 848 quibus
1176 791 1311 848 petit?
1339 793 1436 851 quis

48 859 181 919 petit?
204 858 279 902 ubi
292 859 430 918 petit?
445 863 614 903 Patrem
639 859 753 902 filius
771 894 781 914 ,
797 874 876 918 pro
888 858 1029 917 impiis
1042 860 1272 904 crucifixus
1287 896 1298 916 ,
1322 862 1436 907 inter

46 929 156 989 ipsas
178 929 353 988 injurias
371 963 383 983 7
408 944 496 973 non
518 930 775 982 verborum,
797 927 871 972 sed
893 931 1045 972 mortis
1064 928 1194 973 illatae
1209 965 1219 985 ‚
1241 932 1436 990 pendens

45 999 92 1043 in
118 1014 247 1043 cruce
275 1019 283 1043 :
310 1009 517 1059 tanquam
540 999 595 1043 ad
616 1001 700 1044 hoc
722 1009 914 1044 extentas
952 1016 1107 1045 manus
1132 1002 1334 1048 habuerit
1352 1040 1362 1059 ‚
1388 1015 1437 1050 ut

47 1071 104 1116 sic
124 1086 204 1130 pro
226 1070 308 1114 illis
342 1080 513 1126 oraret,
555 1080 602 1115 ut
625 1070 884 1129 dirigeretur
919 1071 1056 1116 oratio
1099 1074 1192 1133 ejus
1226 1083 1435 1135 tanquam

46 1142 270 1187 incensum
292 1141 338 1184 in
359 1150 596 1201 conspectu
635 1142 794 1196 Patris,
820 1150 863 1185 et
901 1142 1085 1187 elevatio
1112 1159 1324 1189 manuum
1344 1149 1436 1207 ejus

0 1234 3 1270 ς
46 1210 301 1256 sacrificium
323 1211 621 1270 vespertinum
636 1212 668 1255 3.
699 1231 715 1251 «
740 1212 1020 1271 Longanimis
1042 1222 1086 1258 et
1104 1213 1295 1260 multum
1314 1217 1439 1262 mise-

51 1300 71 1324 »
105 1282 236 1326 ricors
260 1290 303 1325 et
318 1296 462 1326 verax.
500 1301 517 1323 »

104 1354 226 1397 XXI.
256 1353 299 1397 Si
320 1367 420 1411 ergo
433 1361 483 1397 tu
504 1368 656 1397 verax:
683 1371 702 1396 «
718 1353 899 1413 Respice
913 1354 958 1397 in
975 1369 1045 1398 ine
1059 1363 1102 1399 et
1117 1355 1318 1401 miserere
1333 1359 1432 1414 mei,

0 1441 2 1454 1
48 1442 69 1467 >›
104 1423 160 1468 da
184 1432 441 1483 potestatem
462 1439 598 1484 puero
616 1425 733 1469 tuo⁴.
759 1443 778 1465 »
805 1428 914 1479 Quia
933 1442 1061 1470 verax
1077 1462 1087 1481 ‚
1117 1446 1136 1468 «
1165 1431 1222 1471 Da
1246 1439 1437 1487 potesta-

49 1513 70 1536 »
104 1503 193 1539 tem
222 1510 359 1554 puero
393 1503 526 1538 tuo.»
569 1497 775 1539 Transeat
803 1505 972 1554 tempus
1005 1497 1224 1555 patientiae
1245 1533 1255 1552 ‚
1291 1501 1437 1544 veniat

0 1573 2 1577 ’
45 1575 216 1624 tempus
242 1565 409 1625 judicii.
436 1565 692 1618 Quomodo,
733 1584 751 1606 «
788 1569 850 1610 Da
882 1576 1140 1625 potestatem
1163 1583 1299 1628 puero
1331 1573 1438 1614 tuo?

48 1655 70 1679 >›
104 1640 231 1680 Pater
247 1652 336 1680 non
348 1635 516 1696 judicat
532 1651 821 1696 quemquam,
846 1637 921 1681 sed
940 1653 1068 1681 omne
1081 1639 1297 1697 judicium
1315 1639 1438 1684 dedit

0 1697 1 1766 J
49 1726 71 1750 »
105 1706 257 1752 Fili05.
286 1726 306 1749 »
329 1707 409 1751 Ille
430 1723 656 1767 resurgens
673 1743 683 1763 ‚
719 1717 761 1752 et
782 1708 827 1751 in
854 1718 1009 1752 terram
1033 1709 1123 1768 ipse
1146 1710 1291 1754 veniet
1315 1712 1438 1770 judi-

47 1787 248 1835 caturu33
271 1778 361 1837 ipse
384 1777 603 1822 videbitur
626 1778 827 1822 terribilis
842 1813 852 1833 ,
878 1779 1084 1838 quivistis
1112 1789 1175 1823 est
1207 1789 1437 1841 contemp-

47 1848 194 1893 tibilis.
216 1848 538 1893 Demonstrabit
559 1849 798 1908 potentiam
812 1884 822 1903 ,
849 1849 923 1908 qui
937 1848 1252 1894 demonstravit
1273 1852 1440 1910 patien-

47 1919 166 1964 tiam.
193 1921 245 1962 In
277 1934 405 1963 cruce
440 1919 647 1977 patientia
675 1928 766 1962 erat
805 1938 813 1963 :
855 1919 901 1962 in
920 1919 1087 1978 judicio
1110 1923 1303 1979 potentia
1339 1923 1433 1966 crit.

47 1989 287 2049 Apparebit
308 1989 423 2033 enim
446 1989 578 2033 homo
604 1988 826 2049 judicans,
852 1988 928 2033 sed
955 1990 1001 2033 in
1022 1990 1216 2034 claritate
1240 2007 1248 2032 :
1280 2011 1300 2034 «
1327 1993 1438 2045 Quia

52 2077 73 2102 ³>
107 2060 218 2104 sicut
235 2075 334 2104 eum
356 2058 519 2104 vidistis
541 2060 602 2103 ire
620 2094 630 2114 ‚
664 2059 868 2103 dixerunt
893 2059 1049 2119 Angeli
1064 2095 1075 2114 ,
1111 2061 1169 2104 sic
1189 2062 1379 2106 veniet⁶.
1417 2083 1435 2104 »

50 2133 208 2175 Forma
236 2130 327 2190 ipsa
351 2130 498 2174 veniet
522 2128 578 2174 ad
607 2129 846 2190 judicium3
874 2129 972 2175 ideo
992 2130 1209 2175 videbunt
1235 2131 1359 2175 illum
1396 2142 1440 2178 et

49 2201 170 2261 impii
204 2220 213 2246 ε
248 2216 351 2245 nam
383 2200 570 2245 formam
604 2200 684 2244 Dei
718 2216 808 2245 non
844 2200 1073 2245 videbunt.
1119 2220 1138 2243 «
1170 2202 1291 2246 Beati
1323 2204 1438 2247 enim

54 2289 73 2313 »
108 2269 263 2315 mundi
286 2271 417 2316 corde
431 2306 441 2326 ,
468 2270 677 2331 quoniam
698 2271 778 2330 ipsi
801 2273 940 2314 Deum
962 2270 1176 2315 videbunt
1194 2273 1225 2315 ⁷.
1250 2290 1270 2313 »
1297 2276 1441 2333 Appa-

52 2358 148 2388 rens
171 2344 216 2387 in
236 2342 424 2388 hominis
443 2340 602 2397 forma,
621 2342 757 2398 dicet,
778 2362 798 2385 «
823 2344 887 2387 Ite
905 2343 1109 2402 inignem
1130 2346 1368 2389 aeternum8
1387 2364 1396 2389 ε
1416 2364 1436 2387 »

52 2422 103 2458 ut
123 2413 356 2474 impleatur
371 2412 492 2473 quod
514 2413 622 2457 dixit
644 2415 797 2458 Isaras:
826 2432 846 2455 «
864 2412 1060 2458 Tollatur
1081 2413 1238 2474 impius
1252 2449 1263 2471 ‚
1283 2424 1334 2459 ut
1351 2430 1442 2460 non

101 2533 109 2551 ¹
137 2528 216 2560 psal.
252 2538 381 2569 cxxxv,
417 2526 467 2559 13.
501 2545 540 2550 —
568 2534 579 2549 ²
610 2529 686 2560 Luc.
717 2538 823 2569 xxiii,
856 2526 909 2570 34.
940 2545 981 2551 —-
1009 2527 1022 2552 3
1044 2528 1123 2561 Psal.
1144 2540 1219 2570 cu,
1239 2537 1271 2562 2.
1294 2547 1336 2552 —
1359 2528 1374 2558 4
1392 2529 1439 2561 Id.

0 2568 1 2612 i
55 2595 172 2626 Lxxxv,
195 2584 244 2616 16.
265 2601 306 2607 —
336 2582 350 2607 ⁵
368 2585 458 2616 Joan.
482 2595 525 2625 v,
558 2592 611 2615 22.
640 2600 681 2606 --
697 2581 712 2605 6
734 2586 806 2616 Act.
828 2595 849 2625 ι,
879 2595 927 2615 ii.
951 2601 992 2607 --
1014 2591 1027 2617 7
1047 2584 1162 2617 Matth.
1184 2595 1215 2626 v,
1237 2584 1268 2616 3.
1292 2602 1332 2607 —-
1352 2584 1366 2607 8
1391 2587 1438 2618 ΙΙ.

57 2650 130 2681 xxv,
145 2638 198 2681 41.
