1926 3339
344 328 586 357 ENARRATIO
620 330 663 357 IN
696 327 900 356 PsALMIJM
933 330 1131 355 Lxxxvn.
1351 319 1436 358 239

47 393 91 438 id
114 401 192 448 est,
219 408 309 438 non
334 393 694 440 manifestabatur
715 393 758 437 in
777 393 938 437 virtute
961 402 1004 436 et
1025 393 1219 452 potentia
1242 408 1339 447 sua,
1362 395 1438 438 sed

47 463 93 507 in
113 463 197 507 suis
214 464 489 508 interioribus
511 463 707 509 occultus
721 499 731 518 ,
758 463 902 507 omnia
918 463 1040 523 quasi
1059 471 1284 522 superatus
1305 472 1436 522 atque

46 533 262 593 impotens
280 532 555 593 perferebat:
586 553 606 575 «
630 533 843 578 Infirmati
865 542 968 577 sunt
989 532 1044 576 ab
1073 532 1240 592 inopia,
1271 550 1290 573 »
1317 532 1439 576 velut

47 603 269 649 subtracto
292 603 373 647 sibi
399 604 496 648 cibo
519 620 596 648 suo
611 639 621 659 ,
646 604 813 648 lumine
836 618 930 647 suo.

106 677 184 719 IX.
215 693 234 716 «
253 678 309 719 Et
323 674 520 731 clamavi,
541 675 700 736 inquit,
720 675 775 719 ad
796 685 862 731 te,
888 675 1081 719 Domine.
1107 693 1126 715 η
1145 676 1238 718 Hoc
1259 672 1439 734 quidem

47 755 90 790 et
110 746 376 804 apertissime
393 747 496 791 fecit
510 782 524 802 ,
547 762 646 790 cum
670 745 880 805 penderet
896 746 940 789 in
958 744 1092 804 ligno.
1122 745 1206 789 Sed
1228 743 1349 805 quod
1370 760 1439 789 se-

48 817 194 878 quitur
212 836 220 861 z
242 836 262 859 «
282 820 387 861 Tota
405 817 474 861 die
497 817 682 877 expandi
703 833 857 861 manus
880 832 995 860 meas
1017 815 1072 859 ad
1094 826 1151 871 te,
1171 835 1190 857 »
1216 815 1440 875 quomodo

48 897 244 948 oporteat
261 888 418 947 accipi,
439 889 594 933 merito
616 889 843 949 quaeritur.
874 888 916 932 Si
938 887 1053 930 enim
1077 887 1122 930 in
1141 903 1191 931 eo
1209 886 1328 946 quod
1347 887 1406 930 ait
1427 905 1437 931 ε

53 978 72 1002 «
105 960 304 1019 Expandi
339 976 491 1004 manus
514 976 628 1004 meas
646 996 656 1014 ,
688 981 703 1001 »
739 959 877 1004 crucis
900 958 1148 1018 patibulum
1177 957 1440 1001 intellexeri-

48 1046 144 1074 mus
170 1045 178 1070 ε
204 1031 426 1089 quomodo
448 1029 712 1074 intellecturi
741 1045 890 1073 sumus
909 1064 919 1084 ,
956 1049 975 1070 «
1005 1032 1110 1073 Tota
1136 1028 1230 1071 die?
1257 1050 1273 1069 »
1299 1031 1439 1073 Num-

43 1099 150 1161 quid
174 1109 263 1144 tota
298 1099 368 1143 die
405 1099 613 1160 pependit
636 1101 681 1143 in
714 1099 862 1159 ligno,
900 1115 999 1144 cum
1035 1110 1077 1143 et
1113 1116 1197 1144 nox
1219 1100 1274 1142 ad
1300 1108 1441 1142 totum

44 1170 158 1214 diem
186 1170 432 1230 pertineat?
458 1171 499 1215 Si
526 1181 670 1215 autem
699 1171 784 1214 hoc
811 1171 908 1215 loco
931 1171 1045 1215 diem
1070 1170 1210 1215 voluit
1232 1169 1438 1228 intelligi,

44 1242 118 1302 qui
139 1250 297 1301 praeter
319 1251 493 1286 noctem
521 1241 610 1286 dies
645 1241 853 1302 appellari
889 1242 1024 1299 solet,
1057 1243 1182 1286 etiam
1209 1241 1304 1285 talis
1326 1241 1438 1295 diei,

45 1312 222 1373 quando
245 1313 475 1356 crucifixus
494 1322 555 1356 est
571 1348 581 1367 ,
599 1313 685 1372 jam
709 1328 806 1372 pars
828 1313 966 1372 prima
991 1321 1033 1355 et
1056 1328 1144 1356 non
1166 1328 1297 1371 parva
1321 1321 1443 1356 tran-

45 1384 182 1428 sierat.
211 1385 252 1428 Si
275 1393 419 1428 autem
444 1383 559 1427 diem
582 1399 661 1442 pro
685 1393 881 1442 tempore
901 1385 1091 1443 positum
1119 1383 1304 1427 velimus
1327 1384 1442 1427 acci-

44 1470 168 1514 pere,
194 1454 408 1511 (maxime
426 1455 527 1513 quia
550 1454 633 1498 hoc
658 1469 818 1498 nomen
842 1469 998 1511 genere
1020 1454 1250 1498 foeminino
1277 1455 1438 1513 posuit,

46 1523 164 1585 quod
188 1525 231 1566 in
262 1522 399 1567 latino
428 1523 603 1583 eloquio
626 1524 799 1567 nonnisi
823 1533 993 1582 tempus
1028 1525 1268 1581 significare
1298 1524 1408 1568 solet
1430 1544 1438 1568 :

47 1596 242 1656 quamvis
264 1595 309 1638 in
328 1611 469 1653 graeco
491 1611 581 1639 non
598 1596 655 1638 ita
666 1596 749 1646 sit,
775 1611 945 1654 semper
963 1595 1127 1655 quippe
1149 1595 1193 1638 in
1221 1611 1269 1639 ea
1292 1595 1443 1654 lingua

48 1667 138 1711 dies
161 1665 391 1711 foeminino
405 1682 562 1724 genere
580 1666 755 1721 dicitur,
777 1676 819 1710 et
841 1667 940 1711 ideo
966 1677 1132 1711 nostros
1152 1667 1209 1711 sic
1230 1668 1445 1727 interpre-

47 1738 129 1782 tari
157 1741 320 1797 puto,)
350 1738 507 1781 arctius
530 1738 712 1798 quaestio
735 1737 1027 1796 colligabitur.
1060 1737 1292 1791 Quomodo
1327 1738 1443 1782 enim

48 1817 140 1852 toto
159 1817 356 1866 tempore
369 1842 379 1861 ,
401 1807 432 1851 si
449 1823 529 1851 nec
545 1807 694 1851 saltem
712 1824 802 1852 uno
824 1817 917 1852 toto
936 1808 1005 1851 die
1023 1823 1175 1852 manus
1192 1809 1386 1853 extendit
1399 1809 1445 1852 in

50 1879 207 1923 cruce?
238 1881 371 1922 Porro
404 1877 438 1921 si
467 1887 609 1922 totum
635 1894 714 1937 pro
743 1887 865 1937 parte
889 1878 1191 1938 accipiendum
1214 1895 1304 1923 esse
1329 1880 1445 1923 dica-

49 1964 161 2003 mus,
180 1948 281 2009 quia
300 1949 382 1992 isto
399 1963 556 2006 genere
573 1947 804 1993 locutionis
823 1950 886 1993 uti
906 1951 1033 1993 etiam
1059 1960 1203 1994 sancta
1225 1952 1445 2010 Scriptura

50 2018 274 2064 consuevit
290 2054 301 2074 ,
327 2034 417 2062 non
439 2019 547 2062 mihi
570 2020 758 2063 occurrit
773 2020 1037 2079 exemplum,
1058 2031 1199 2065 totum
1224 2037 1302 2080 pro
1325 2031 1446 2080 parte

52 2090 179 2134 etiam
203 2099 308 2134 tunc
342 2104 465 2149 posse
493 2089 656 2148 accipi,
683 2089 861 2150 qnando
889 2091 1032 2150 ipsum
1055 2093 1240 2134 verbum
1271 2091 1447 2135 additur

53 2170 96 2204 et
123 2160 281 2205 dicitur
313 2169 473 2204 totum.
504 2162 613 2204 Nam
649 2170 692 2204 et
726 2161 771 2204 in
799 2177 850 2205 eo
879 2162 999 2221 quod
1023 2161 1129 2205 dixit
1162 2162 1372 2205 Dominus
1402 2163 1448 2206 in

53 2225 310 2291 Evangelio:
332 2251 352 2274 «
372 2234 439 2277 Sic
456 2231 536 2276 erit
551 2241 594 2275 et
612 2232 744 2276 Filius
758 2233 944 2277 hominis
959 2234 1002 2277 in
1016 2233 1147 2278 corde
1163 2245 1287 2278 terrae
1312 2236 1447 2278 tribus

57 2321 76 2344 n
111 2303 266 2348 dieb-us
284 2312 327 2347 et
349 2303 490 2347 tribus
508 2303 736 2347 noctibus1
760 2319 768 2344 ε
790 2323 808 2344 »
835 2303 932 2347 ideo
953 2314 1094 2348 totum
1118 2321 1195 2364 pro
1218 2315 1338 2365 parte
1360 2322 1448 2350 non

53 2373 288 2443 insolenter
310 2374 537 2433 accipitur,
564 2374 663 2433 quia
686 2391 773 2418 non
804 2375 864 2418 ait
886 2391 894 2415 :
924 2375 1040 2419 Totis
1063 2376 1202 2419 tribus
1231 2375 1384 2420 diebus
1407 2385 1450 2420 ct

56 2445 155 2488 totis
178 2445 316 2488 tribus
339 2443 557 2488 noctibus.
583 2447 703 2489 Unus
724 2445 889 2505 quippe
909 2446 1075 2488 medius
1098 2445 1178 2489 fuit
1203 2455 1317 2490 totus
1340 2446 1446 2501 dies,

58 2515 245 2560 duorum
281 2526 428 2560 autem
457 2525 627 2576 partes,
660 2517 786 2576 primi
819 2517 1000 2572 ultima,
1040 2516 1184 2561 ultimi
1214 2519 1366 2577 prima.
1408 2519 1451 2562 Si

60 2596 204 2631 autem
233 2603 322 2632 non
344 2602 520 2632 crucem
539 2602 661 2632 suam
686 2588 730 2631 in
754 2588 835 2632 hac
852 2588 1081 2647 prophetia
1104 2588 1259 2633 Psalmi
1282 2588 1450 2648 signifi-

109 2680 116 2695 ¹
141 2672 253 2706 Matth.
276 2683 331 2714 111,
355 2672 411 2714 4ο.
