1926 3339
429 317 670 346 EuAnqurio
703 319 746 345 m
780 317 983 345 PsALMUM
1015 319 1164 345 xcvui.
1399 309 1481 348 497

100 384 256 441 Moysi,
282 384 418 442 figura
438 395 544 440 erat,
567 400 657 428 non
674 399 817 444 poena.
839 383 938 428 Seni
960 399 1074 428 mors
1094 399 1193 443 quae
1214 388 1371 442 prena?
1387 388 1487 431 Non

100 454 263 498 intrare
289 455 334 498 in
367 454 486 498 illam
513 464 672 498 terram
705 470 803 514 quae
827 469 955 513 poena
974 489 984 509 ,
1017 469 1105 513 quo
1133 453 1403 498 intraverunt
1425 456 1490 499 in-

100 523 254 583 digni?
279 527 341 568 De
361 528 505 568 Aaron
532 533 677 568 autem
702 523 808 584 quid
831 523 996 568 dictum
1029 525 1120 568 est?
1142 527 1341 568 Mortuus
1365 533 1491 568 estet

100 594 192 654 ipse
222 610 366 650 senex,
403 595 480 639 filii
510 596 575 640 sui
597 603 894 639 successerunt
931 595 969 638 ei
1004 594 1049 638 in
1079 594 1347 652 sacerdotio3
1374 594 1489 640 filius

101 665 192 725 ejus
214 674 361 724 postea
389 666 678 710 sacerdotium
702 664 1044 709 administravit¹
1074 684 1082 709 :
1108 664 1331 725 quomodo
1368 674 1410 709 ct
1442 665 1489 708 in

101 735 233 779 istum
253 735 518 780 vindicavit?
544 735 718 781 Sarnu‘e'l
746 745 789 779 et
816 735 906 794 ipse
929 744 1102 779 sanctus
1130 750 1259 778 senex
1293 744 1490 779 mortuus

103 815 182 861 est,
206 804 365 850 relictis
386 805 484 850 filiis
506 805 826 850 successoribus
848 805 977 849 suis2.
1005 804 1120 857 Quid
1145 815 1208 849 est
1229 805 1350 866 quod
1370 805 1416 848 in
1436 804 1492 848 il-

103 876 168 921 los
189 876 460 920 vindicatum
478 886 540 920 est
562 892 711 936 quaero
726 911 736 931 ,
763 884 806 919 ct
832 874 1074 919 secundum
1103 875 1300 919 homines
1322 891 1410 920 non
1435 875 1495 919 in-

103 947 232 992 venio
259 967 267 991 :
293 946 536 991 secundum
559 956 705 991 autem
727 945 848 1006 quod
870 945 958 989 scio
980 946 1071 1004 pati
1096 962 1238 990 servos
1261 947 1355 1000 Dei,
1381 962 1496 1006 quo-

106 1019 211 1064 tidie
232 1020 276 1062 in
306 1018 401 1063 illos
423 1017 746 1063 vindicabatur.
764 1017 935 1076 Legite,
961 1026 1004 1061 et
1025 1017 1169 1061 videte
1189 1017 1402 1061 vindictas
1418 1053 1428 1072 ,
1455 1027 1499 1060 et

106 1090 183 1152 qui
204 1090 410 1150 proficitis
433 1089 543 1134 ferte
570 1089 798 1133 vindictas.
826 1088 1030 1141 Quotidie
1053 1088 1331 1147 patiebantur
1352 1104 1498 1148 popu-

106 1161 171 1206 los
196 1160 559 1214 contradicentes,
585 1159 781 1220 quotidie
802 1159 1082 1218 patiebantur
1102 1158 1253 1218 inique
1276 1159 1496 1216 viventes3

108 1241 151 1276 et
174 1233 287 1276 inter
310 1232 406 1276 illos
438 1232 584 1276 vivere
613 1231 884 1290 cogebantur
901 1264 913 1286 ,
939 1245 1129 1290 quorum
1152 1230 1285 1273 vitam
1304 1230 1501 1290 quotidie

109 1302 503 1363 reprehendebant.
530 1305 635 1347 Haec
652 1311 744 1346 erat
764 1301 971 1346 vindicta.
992 1300 1197 1345 Nondum
1218 1301 1403 1359 proficit,
1432 1302 1503 1345 cui

109 1389 241 1434 parva
258 1383 335 1418 est.
365 1376 554 1417 Tantum
569 1382 612 1417 te
629 1373 745 1416 enim
762 1381 940 1432 torquet
956 1370 1163 1430 injustitia
1186 1370 1340 1425 aliena,
1361 1387 1504 1431 quan-

113 1455 210 1490 tum
241 1444 461 1488 recesseris
488 1459 510 1487 a
538 1453 629 1487 tua.
675 1445 788 1487 Cum
813 1443 930 1486 enim
966 1440 1098 1485 fueris
1135 1441 1423 1497 frumentum,
1457 1442 1504 1486 id

115 1525 194 1571 est,
219 1516 355 1560 herba
378 1516 494 1559 bona
511 1514 565 1558 de
587 1514 751 1559 semine
774 1514 907 1569 bono,
928 1512 1043 1557 filius
1060 1514 1203 1570 regni,
1231 1528 1330 1557 cum
1354 1528 1506 1572 crepe-

116 1587 172 1632 ris
193 1584 386 1630 fructum
410 1585 512 1629 dare
528 1621 539 1640 ,
565 1594 672 1628 tunc
702 1584 782 1628 tibi
817 1584 1091 1643 apparebunt
1115 1584 1275 1627 zizania
1303 1603 1310 1627 :
1346 1602 1367 1625 «
1392 1585 1506 1628 Cum

119 1676 140 1700 »
176 1657 292 1702 enim
313 1657 517 1701 crevisset
540 1655 698 1709 herba,
725 1664 768 1698 et
794 1654 990 1698 fructum
1017 1653 1202 1707 fecisset,
1240 1663 1343 1697 tunc
1371 1669 1507 1712 appa-

120 1747 140 1770 »
176 1736 360 1772 ruerunt
380 1726 582 1770 zizaniass.
609 1743 629 1766 »
651 1727 762 1770 Cum
781 1724 996 1783 coeperint
1018 1738 1224 1783 apparere
1242 1723 1417 1778 zizania,
1442 1724 1511 1767 vi-

119 1799 242 1844 debis
262 1808 306 1843 te
332 1799 445 1842 inter
476 1797 628 1842 malos.
654 1796 778 1840 Velle
799 1795 932 1839 habes
956 1795 1078 1855 quasi
1101 1810 1297 1854 separare
1315 1810 1338 1838 a
1356 1803 1398 1838 te
1416 1810 1510 1838 ma-

119 1870 184 1915 los
201 1905 212 1925 ,
233 1879 277 1914 et
298 1884 494 1928 separare
518 1867 573 1911 ab
603 1865 796 1911 Ecclesia
821 1880 971 1910 omnes
1008 1864 1142 1908 malos
1180 1884 1188 1908 ε
1228 1864 1511 1924 respondebit

120 1940 201 1985 tibi
221 1939 395 1984 Domini
417 1938 656 1983 sententia:
682 1957 698 1976 «
724 1936 858 1981 Sinite
872 1945 1060 1996 utraque
1082 1950 1272 1979 crescere
1293 1950 1432 1995 usque
1454 1935 1510 1979 ad

125 2030 146 2054 »
163 2026 362 2066 messem,
386 2026 441 2054 ne
458 2009 573 2054 forte
595 2024 694 2053 cum
713 2007 845 2053 vultis
861 2007 1078 2051 eradicare
1093 2007 1268 2060 zizania,
1287 2006 1511 2050 eradicetis

129 2103 147 2125 »
182 2081 311 2127 simul
333 2090 376 2124 et
398 2080 632 2124 triticum&
656 2097 676 2120 n
705 2081 770 2123 Ex
797 2077 1009 2122 sententia
1032 2077 1205 2121 Domini
1233 2092 1404 2120 necesse
1433 2077 1515 2122 erit

124 2167 300 2213 parcere
322 2151 507 2205 zizaniis,
534 2165 584 2194 ex
602 2149 854 2194 conditione
876 2149 985 2192 servi
1002 2163 1174 2192 necesse
1191 2148 1272 2191 erit
1287 2148 1431 2191 vivere
1449 2148 1515 2191 in-

126 2233 192 2268 ter
213 2224 374 2267 zizania
401 2241 409 2266 :
430 2237 626 2282 separare
647 2235 696 2264 ea
722 2235 812 2264 non
834 2228 956 2278 potes
971 2253 981 2273 ,
1016 2218 1198 2262 tolerare
1234 2218 1315 2261 tibi
1343 2234 1515 2263 necesse

128 2303 206 2339 est.
226 2292 337 2338 Vide
359 2301 542 2352 quantas
560 2291 705 2350 plagas
726 2292 771 2334 in
793 2288 923 2334 corde
940 2289 1136 2348 patiaris,
1155 2289 1230 2348 qui
1247 2304 1428 2348 corpore.
1445 2290 1518 2333 ino

131 2376 252 2425 tegro
268 2362 381 2408 inter
401 2362 538 2407 malos
554 2363 748 2406 versaris.
776 2360 1017 2405 Probabitis
1033 2360 1300 2420 quicumque
1323 2359 1517 2418 profece-

130 2438 240 2493 ritis,
276 2436 468 2497 probatis
499 2435 574 2495 qui
600 2435 688 2493 jam
723 2432 979 2493 profecistis.
1019 2430 1261 2475 Toleranda
1288 2440 1391 2474 sunt
1417 2447 1518 2490 ergo

132 2509 212 2554 ista
247 2529 258 2566 3
293 2516 336 2551 et
372 2506 483 2550 forte
510 2506 594 2549 hoc
624 2504 810 2564 pertinet
834 2501 887 2545 ad
914 2500 1048 2544 illud:
1074 2520 1093 2542 «
1124 2504 1279 2545 Servus
1301 2501 1377 2559 qui
1399 2502 1520 2546 novit

186 2611 194 2628 ¹
214 2608 306 2638 Num.
335 2616 375 2636 tx
392 2631 400 2645 ,
421 2604 535 2647 ’ἑξ-’,θ
558 2620 589 2625 -
615 2609 627 2624 ²
654 2614 663 2633 1
688 2604 764 2643 Biz-g.
784 2612 850 2640 ¹:1³3
881 2611 909 2637 i,
931 2603 962 2631 ct
987 2609 1062 2639 ἵεν,
1082 2610 1108 2629 1.
1130 2615 1171 2620 --
1193 2596 1205 2620 3
1231 2596 1342 2629 Mart..
1365 2609 1421 2629 xm
1460 2599 1516 2632 ¹³3.

138 2680 178 2685 —-
198 2661 212 2687 l·
234 2662 313 2694 ibid.
339 2662 391 2693 30.

274 2726 378 2756 (ΝΠ.
1258 2708 1310 2746 32
