1926 3339
387 308 631 339 nuntium
663 310 708 337 m
740 303 944 335 PsALMUM
975 306 1124 333 xcvm.
1367 291 1445 332 491

73 378 207 422 timeo
229 376 407 421 adorare
427 384 608 429 terram,
634 387 689 416 ne
710 369 889 415 damnet
908 383 979 412 me
1001 368 1076 427 qui
1105 367 1209 412 fecit
1232 367 1392 412 coelum
1410 377 1453 412 et

71 456 231 492 terram
257 466 266 491 :
293 461 438 490 rursus
464 444 595 487 timeo
617 457 706 486 non
730 439 908 484 adorare
930 437 1165 483 scabellum
1186 437 1348 496 pedum
1372 441 1451 482 Do-

70 517 177 561 mini
205 516 290 560 mei
306 551 316 570 ‚
343 514 444 574 quia
463 512 657 557 Psalmus
680 511 786 555 mihi
808 509 911 554 dicit
930 528 938 554 :
962 527 979 549 «
1006 507 1194 552 Adorate
1214 506 1452 551 scabellum

72 606 93 629 n
127 586 291 648 pedum
314 587 420 646 ejus.
444 602 466 626 »
491 586 650 638 Quaero
667 583 789 643 quod
810 582 863 625 sit
881 579 1118 625 scabellum
1140 578 1303 638 pedum
1334 580 1449 638 ejus3

69 667 113 704 et
148 657 255 702 dicit
275 656 382 701 mihi
407 654 627 714 Scriptura
643 689 654 709 ,
684 673 704 695 «
732 656 860 697 Terra
887 649 1122 695 scabellum
1144 650 1306 709 pedum
1328 665 1451 693 meo-

71 747 91 771 »
128 744 240 773 rum.
265 746 285 769 »
304 726 541 772 Fluctuans
559 733 764 770 converto
778 739 847 767 me
861 722 915 766 ad
931 722 1151 766 Christum
1166 756 1176 776 ,
1197 722 1295 780 quia
1310 721 1450 780 ipsum

68 815 218 861 quaero
237 799 334 856 hic3
371 807 415 842 et
440 796 616 841 invenio
638 793 860 856 quomodo
881 794 971 836 sine
1004 792 1224 851 impietate
1246 791 1452 835 adoretur

67 880 182 915 terra
197 905 208 926 ‚
232 870 324 914 sine
339 868 560 928 impietate
578 866 781 910 adoretur
797 862 1033 908 scabellum
1053 861 1211 922 pedum
1229 862 1335 921 ejus.
1356 864 1453 906 Sus-

67 942 182 1001 cepit
201 941 316 984 enim
338 938 393 983 de
413 947 526 982 terra
548 947 707 981 terram
729 955 738 981 :
763 935 865 995 quia
887 949 986 978 caro
1009 933 1063 977 de
1083 941 1194 976 tersa
1217 941 1280 975 est
1296 967 1306 986 ,
1331 941 1373 975 et
1396 932 1451 975 de

67 1027 193 1057 carne
219 1010 369 1056 Mariae
400 1024 574 1054 carnem
606 1007 786 1067 accepit.
810 1008 868 1049 Et
904 1005 1007 1065 quia
1034 1003 1080 1046 in
1108 1003 1198 1062 ipsa
1225 1017 1353 1046 carne
1381 1002 1451 1046 hic

67 1081 326 1136 ambulavit,
348 1090 391 1125 et
422 1081 558 1141 ipsam
581 1093 755 1124 carnem
778 1076 903 1121 nobis
926 1073 1273 1119 manducandam
1305 1072 1359 1116 ad
1382 1088 1450 1116 sa-

64 1153 202 1198 lutem
225 1152 370 1210 dedit3
394 1167 524 1196 nemo
555 1159 701 1194 autem
722 1147 841 1192 illam
867 1160 1041 1190 carnem
1071 1143 1307 1187 manducat
1322 1177 1332 1197 ‚
1370 1143 1451 1186 nisi

64 1224 183 1286 prius
211 1223 454 1268 adoraverit
477 1243 485 1266 :
522 1222 749 1265 inventum
772 1227 835 1262 est
856 1214 1226 1278 quemadmodum
1251 1214 1452 1257 adoretur

64 1295 151 1341 tale
173 1293 411 1339 scabellum
434 1292 595 1352 pedum
616 1289 812 1344 Domini,
834 1297 877 1332 et
896 1302 986 1331 non
1017 1286 1157 1330 solum
1186 1300 1274 1329 non
1296 1295 1453 1343 pecce³

64 1381 160 1410 mus
177 1364 415 1418 adorando,
432 1362 507 1408 sed
524 1376 753 1422 peccemus
767 1374 857 1403 non
874 1355 1110 1402 adorando.
1128 1355 1352 1415 Numquid
1372 1371 1451 1398 au-

64 1446 153 1480 tem
175 1451 275 1481 caro
290 1435 510 1479 vivificat?
534 1437 630 1493 Ipse
652 1431 863 1476 Dominus
883 1429 1011 1483 dixit,
1032 1442 1130 1472 cum
1146 1426 1200 1470 de
1219 1427 1311 1486 ipsa
1332 1441 1451 1470 com-

63 1507 343 1551 mendatione
361 1504 554 1566 ejusdam
577 1514 702 1548 terrae
723 1503 976 1562 loqueretur
998 1519 1007 1544 :
1033 1518 1050 1540 «
1081 1499 1262 1558 Spiritus
1292 1506 1355 1542 est
1376 1498 1452 1558 qui

69 1598 87 1620 »
122 1578 312 1622 vivificat
327 1612 338 1632 ,
363 1592 464 1621 caro
487 1584 633 1619 autem
655 1572 765 1617 nihil
790 1571 1010 1632 prodest1.
1041 1588 1061 1611 ³)
1086 1569 1190 1614 Ideo
1213 1579 1255 1613 et
1286 1568 1341 1613 ad
1363 1578 1453 1613 ter-

64 1663 157 1692 ram
175 1646 420 1708 quamlibet
431 1662 532 1691 cum
550 1655 593 1689 te
606 1643 788 1702 inclinas
802 1652 933 1703 atque
953 1640 1209 1702 prosternis,
1227 1655 1317 1684 non
1331 1640 1452 1700 quasi

64 1729 225 1764 terram
240 1718 448 1763 intuearis
459 1752 470 1773 ,
486 1715 562 1761 sed
583 1716 706 1759 illum
732 1723 929 1759 sanctum
942 1749 952 1769 ,
972 1714 1094 1773 cujus
1107 1712 1270 1772 pedum
1286 1711 1453 1756 scabel-

62 1791 157 1836 lum
179 1799 243 1835 est
265 1806 379 1851 quoc
402 1789 575 1847 adoras3
595 1796 773 1848 propter
794 1786 938 1846 ipsum
955 1785 1072 1828 enim
1095 1783 1246 1828 adoras
1263 1802 1271 1827 :
1288 1781 1386 1827 ideo
1409 1792 1453 1827 et

62 1863 135 1908 hic
152 1862 362 1923 subjecit,
389 1881 409 1904 «
434 1861 623 1906 Adorate
645 1857 883 1903 scabellum
913 1857 1077 1917 pedum
1099 1858 1191 1917 ejus
1208 1891 1218 1909 ‚
1244 1856 1450 1914 quoniam

66 1952 87 1976 ))
123 1943 297 1978 sanctus
315 1942 394 1978 est.
416 1952 436 1974 n
466 1932 568 1985 Quis
587 1939 759 1975 sanctus
782 1930 871 1973 est?
898 1931 949 1972 In
976 1928 1098 1988 cujus
1119 1927 1286 1970 honore
1300 1925 1450 1969 adoras

63 2004 302 2050 scabellum
316 2003 480 2064 pedum
496 2004 601 2063 ejus.
617 2005 674 2046 Et
686 2016 787 2046 cum
801 1999 952 2044 adoras
963 1998 1104 2053 illum,
1125 2013 1180 2042 ne
1192 1997 1451 2055 cogitatione

63 2092 286 2121 remaneas
312 2076 357 2119 in
380 2090 508 2120 carne
524 2110 535 2130 ‚
561 2083 603 2118 et
622 2090 644 2118 a
673 2073 825 2133 spiritu
842 2087 932 2116 non
946 2070 1170 2114 vivificeris
1189 2089 1197 2114 ε
1221 2088 1241 2110 «
1266 2068 1451 2127 Spiritus

66 2167 87 2190 »
123 2157 187 2192 est
208 2148 323 2191 enim
340 2183 351 2202 ‚
379 2146 546 2207 inquit,
572 2145 647 2206 qui
669 2144 884 2199 vivificat3
919 2158 1018 2187 caro
1041 2151 1185 2186 autem
1209 2139 1319 2184 nihil
1347 2155 1449 2199 pro-

66 2237 87 2260 »
122 2217 232 2262 dest.
258 2238 276 2259 »
304 2220 426 2262 Tunc
449 2226 616 2271 autem,
637 2213 815 2275 quando
832 2215 917 2258 hoc
939 2213 1149 2257 Dominus
1171 2209 1450 2255 commenda-

63 2290 148 2345 vit,
185 2288 240 2332 de
277 2304 405 2333 carne
441 2303 517 2332 sua
547 2287 720 2332 locutus
759 2294 875 2340 erat,
901 2293 944 2328 et
964 2282 1156 2338 dixerat,
1191 2301 1207 2321 «
1234 2281 1322 2326 Nisi
1353 2280 1450 2340 quis

67 2379 87 2402 »
123 2359 452 2404 manducaverit
473 2373 647 2402 carnem
671 2371 811 2400 meam
828 2391 838 2406 ,
865 2370 954 2399 non
975 2353 1158 2398 habebit
1179 2353 1223 2395 in
1247 2367 1290 2395 sc
1314 2351 1446 2395 vitam

68 2450 89 2473 »
124 2435 378 2477 aeternam‘l.
407 2449 427 2472 »
457 2428 743 2475 Scandalizati
776 2436 878 2472 sunt
893 2424 1099 2484 Discipuli
1122 2426 1212 2485 ejus
1241 2423 1417 2483 quidam
1436 2457 1447 2476 ,

65 2502 336 2562 septuaginta
358 2500 516 2556 ferme,
552 2508 595 2543 et
626 2498 854 2554 dixerunt,
885 2516 904 2539 «
928 2500 1070 2541 Durus
1093 2504 1154 2539 est
1188 2494 1259 2538 hic
1281 2508 1420 2537 sermo
1435 2528 1445 2547 ,

69 2592 89 2614 »
125 2573 222 2634 quis
254 2582 396 2633 potest
422 2587 522 2617 eum
550 2570 818 2629 intelligere?
853 2572 911 2614 Et
937 2575 1203 2612 recesserunt
1227 2566 1281 2609 ab
1303 2581 1354 2610 eo
1371 2600 1381 2619 ,
1407 2574 1465 2619 et-

116 2663 124 2679 ¹
150 2659 242 2690 Joan.
268 2669 311 2699 Vl,
331 2656 385 2699 64.
413 2674 446 2679 -—
468 2655 576 2687 ²1bid,
606 2653 659 2696 54.
