1926 3339
361 309 604 339 mur-RATIO
636 311 680 337 m
713 309 917 338 rsALMuM
950 309 1070 336 Lxxx.
1329 301 1405 336 111

23 376 380 422 resurrectionem
396 409 407 430 ,
444 383 487 418 et
513 374 560 417 in
582 374 754 432 signum
784 373 854 418 cui
888 371 1252 417 cont1·adicetur².
1279 373 1413 418 Novi-

21 462 119 491 mus
133 481 144 500 ,
169 445 367 490 videmus
389 459 397 485 :
417 444 592 503 signum
608 443 747 488 crucis
771 450 965 487 erectum
993 451 1081 498 est,
1101 451 1145 486 et
1165 441 1413 487 contradic-

27 527 118 562 tum
150 525 214 561 est
244 516 297 559 ei.
324 513 655 560 Contradictum
683 523 749 558 est
771 512 918 572 gloriae
945 513 1083 558 crucis
1115 532 1124 557 :
1153 512 1229 558 sed
1255 512 1411 557 titulus

24 597 116 634 erat
136 602 266 646 super
282 600 457 630 crucem
471 620 482 639 ‚
508 586 584 645 qui
603 601 693 629 non
713 584 1092 644 corrumpebatur.
1115 586 1193 629 Est
1214 584 1331 628 enim
1353 583 1412 628 ti·-

24 659 141 705 tulus
153 661 199 702 in
215 657 410 702 Psalmo:
429 675 446 696 «
464 659 516 700 In
530 655 646 701 tituli
661 657 1004 716 inscriptionem,
1021 671 1077 700 ne
1089 656 1378 715 corrumpas².
1389 673 1409 696 n

25 730 206 789 Signum
229 737 322 772 erat
341 728 411 772 cui
441 727 812 772 contradiceret-ur
832 747 841 772 :
866 726 1070 770 dixerunt
1090 726 1208 770 enim
1229 725 1373 770 Judaei
1399 741 1409 767 ε

29 821 49 843 «
84 800 180 845 Noli
202 799 343 843 facere
361 834 371 854 ,
398 802 489 842 Rex
511 800 534 842 J
539 797 788 855 udaeorum3
812 798 888 841 sed
910 796 977 841 fac
999 796 1120 857 quod
1142 798 1231 856 ipse
1258 796 1416 840 dixerit

29 892 47 914 »
82 886 227 930 regem
242 886 286 914 se
304 886 393 914 esse
410 872 433 913 J
439 869 664 913 udaeorum
679 870 711 912 ³.
731 886 752 909 »
770 868 895 912 Victa
911 877 975 911 est
992 866 1278 912 contradictio
1294 902 1305 922 ,
1326 882 1416 911 res-

24 957 210 1003 ponsum
233 951 297 985 est
322 961 331 985 :
360 959 380 982 «
405 939 536 993 Quod
562 938 711 998 scripsi
733 937 897 998 scripsi.
924 937 1158 981 Exaudivit
1184 947 1227 981 te
1248 938 1294 981 in
1317 937 1418 981 abs-

28 1032 49 1056 »
83 1012 260 1057 condito
274 1010 556 1070 tempestatis,
572 1009 753 1069 probavi
769 1019 811 1053 te
828 1010 872 1053 in
886 1024 997 1070 aqua
1013 1007 1415 1053 contradictionis.»

82 1086 183 1128 XII.
206 1085 299 1127 Hoc
317 1091 459 1126 totum
477 1081 532 1125 ab
553 1081 676 1125 initio
694 1079 854 1124 Psalmi
876 1096 1015 1141 usque
1027 1079 1083 1125 ad
1096 1081 1214 1125 hunc
1224 1096 1415 1135 versum,

26 1154 79 1199 de
101 1153 198 1198 oleo
216 1151 442 1197 torcularis
459 1151 720 1196 audivimus.
742 1150 869 1206 Quod
884 1159 1015 1195 restat
1027 1151 1163 1210 magis
1178 1150 1418 1195 dolendum

27 1236 154 1270 estet
179 1223 453 1269 cavendum:
487 1223 542 1266 ad
571 1238 795 1267 amurcam
828 1222 943 1266 enim
973 1222 1200 1267 torcularis
1231 1222 1422 1282 pertinet

27 1311 164 1356 usquc
182 1295 237 1340 ad
259 1296 414 1352 linem,
431 1293 612 1339 fortasse
634 1310 724 1338 non
742 1294 900 1338 frustra
919 1303 963 1338 et
977 1293 1233 1352 interposito
1253 1312 1273 1334 ι(
1295 1293 1422 1352 Diap-

32 1387 51 1409 »
85 1366 279 1411 salmate.
305 1385 324 1407 »
347 1366 432 1412 Sed
454 1367 583 1410 ctiam
609 1367 693 1410 hoc
715 1365 867 1410 audire
881 1365 989 1410 utile
1011 1375 1088 1420 est,
1109 1375 1158 1409 ut
1180 1366 1255 1425 qui
1277 1366 1421 1425 sejam

28 1439 72 1482 in
97 1438 194 1483 olco
209 1437 341 1493 videt,
364 1437 551 1495 gaudeat
570 1458 579 1494 3
605 1437 680 1497 qui
702 1435 973 1496 periclitatur
990 1451 1046 1480 ne
1061 1437 1106 1480 in
1123 1452 1297 1479 amurca
1319 1451 1421 1480 cur-

30 1519 121 1564 rat,
143 1518 307 1553 caveat.
336 1511 582 1568 Utrumque
604 1507 707 1552 audi
727 1527 735 1552 :
758 1523 897 1551 unum
920 1506 1067 1564 dilige,
1090 1505 1273 1550 alterum
1295 1506 1417 1550 time.

34 1600 53 1622 «
87 1579 202 1623 Audi
224 1577 413 1638 populus
436 1593 583 1632 meus,
618 1587 664 1621 et
690 1576 845 1637 loquar
879 1586 923 1621 et
952 1577 1215 1621 testificabor
1247 1576 1369 1619 tibi4.
1398 1593 1420 1617 »

29 1654 127 1696 Non
160 1651 275 1694 enim
311 1648 476 1709 populo
499 1648 668 1703 alieno,
705 1663 794 1692 non
823 1648 939 1691 enim
973 1646 1137 1706 populo
1166 1662 1255 1691 non
1287 1646 1424 1706 perti-

30 1721 151 1766 nenti
174 1721 230 1765 ad
249 1720 440 1765 torcular
461 1753 469 1761 .
492 1740 512 1762 α
534 1718 749 1775 Jtidicate,
774 1719 934 1779 inquit,
963 1719 1078 1762 inter
1098 1733 1168 1762 me
1185 1727 1228 1762 et
1253 1718 1426 1761 vineam

34 1810 55 1834 »
90 1794 277 1836 meam5.
306 1790 422 1835 Audi
444 1790 632 1850 populus
659 1806 807 1845 meus,
835 1798 878 1833 et
898 1788 1070 1849 loquar,
1097 1799 1140 1834 et
1163 1788 1427 1833 testificabor

36 1883 56 1906 »
90 1864 185 1907 tibi.
211 1883 229 1904 »

91 1937 218 1979 XIII.
249 1953 268 1975 «
295 1933 449 1988 lsrael,
476 1933 510 1977 si
535 1948 606 1977 me
628 1931 841 1986 audieris,
867 1947 956 1976 non
979 1932 1060 1976 erit
1086 1931 1131 1975 in
1155 1941 1198 1975 te
1221 1934 1336 1976 Deus
1356 1945 1429 1974 re·-

38 2025 58 2048 »
92 2021 192 2050 cens
212 2006 244 2048 ⁶.
277 2023 297 2045 »
328 2009 438 2047 Deus
475 2018 624 2047 recens
639 2038 649 2057 ,
683 2012 747 2046 est
787 2001 842 2046 ad
878 2012 1050 2062 tempus
1089 2001 1231 2046 factus
1265 2021 1273 2046 :
1314 2005 1428 2046 Deus

35 2086 178 2121 autem
192 2084 338 2120 noster
353 2090 442 2119 non
460 2089 625 2128 recens,
646 2072 723 2117 sed
735 2073 788 2116 ab
801 2073 1043 2116 aeternitate
1059 2072 1105 2116 in
1121 2072 1425 2116 aeternitatem.

36 2150 92 2192 Et
114 2148 310 2192 Christus
345 2155 492 2190 noster
521 2159 670 2189 recens
699 2142 812 2188 forte
848 2144 1005 2199 homo,
1040 2142 1116 2186 sed
1144 2142 1430 2202 sempiternus

35 2221 165 2263 Deus.
190 2218 307 2271 Quid
326 2218 442 2261 enim
464 2225 565 2259 ante
585 2214 847 2274 principium
863 2215 881 2257 Ρ
897 2216 955 2258 Et
976 2213 1130 2273 utique
1147 2213 1192 2256 in
1218 2211 1432 2272 principio

37 2299 127 2334 erat
148 2290 343 2333 Verbum
359 2323 370 2343 ,
402 2298 445 2332 et
467 2287 664 2331 Verbum
687 2294 778 2329 erat
800 2284 918 2344 apud
942 2291 1102 2340 Deum,
1135 2293 1178 2328 et
1206 2287 1320 2328 Deus
1342 2291 1433 2326 erat

38 2361 248 2405 Verbum.
269 2363 325 2404 Et
344 2360 434 2419 ipse
457 2358 652 2404 Christus
671 2366 818 2402 noster
840 2356 1037 2400 Verbum
1060 2371 1160 2400 caro
1176 2354 1357 2410 factum,
1382 2363 1434 2398 ut

39 2433 254 2478 habitaret
277 2433 321 2475 in
342 2431 508 2475 nobis⁷.
549 2429 675 2474 Absit
696 2443 797 2486 ergo
819 2437 869 2471 ut
892 2428 946 2471 sit
976 2427 1020 2470 in
1044 2426 1190 2487 aliquo
1220 2429 1334 2471 Deus
1362 2440 1432 2468 re-

41 2519 155 2549 cens.
177 2507 291 2548 Deus
315 2517 462 2546 recens
478 2537 489 2557 ,
512 2509 587 2545 aut
608 2500 732 2560 lapis,
754 2509 829 2543 aut
848 2499 1106 2559 phantasma
1128 2507 1205 2541 est.
1231 2500 1328 2541 Non
1350 2504 1429 2551 est,

89 2607 97 2624 ¹
120 2603 244 2642 Luem,
261 2600 314 2643 34.
337 2617 378 2623 --
402 2606 414 2622 ²
431 2599 512 2631 Psal.
538 2610 600 2639 ux,
624 2609 651 2629 1.
671 2615 713 2620 -
734 2595 747 2620 ³
761 2598 852 2629 Joan.
873 2607 939 2637 xxx,
960 2604 1074 2638 19—22.
1090 2611 1132 2618 -—
1151 2593 1166 2624 4
1185 2593 1263 2627 Psal.
1285 2605 1381 2635 mxx,
1395 2604 1428 2635 ς).

45 2674 84 2680 —
98 2655 249 2698 ⁵1sai.v‚
268 2656 298 2688 3.
322 2672 363 2679 —
383 2654 398 2680 6
415 2654 496 2688 Psal.
517 2665 613 2695 mxx,
632 2665 684 2686 10.
701 2669 741 2675 —
757 2659 770 2684 7
787 2655 876 2684 Joan.
899 2662 922 2693 1,
945 2663 956 2683 1
975 2649 1079 2693 et14.
