1926 3339
465 246 549 286 442
895 260 928 287 s.
964 258 1196 287 AUGUSTINI
1228 258 1409 287 Emscom

463 322 639 380 saeculo,
658 339 724 368 vae
745 323 822 384 qui
838 323 1006 368 haerent
1019 323 1084 367 his
1098 322 1228 367 rebus
1246 339 1352 383 quas
1372 323 1427 367 de
1443 324 1590 369 saeculi
1614 339 1689 384 spe
1708 340 1845 385 pepe-

464 405 630 440 rerunt.
655 394 767 448 Quid
794 410 894 453 ergo
917 394 1049 439 debet
1071 394 1211 439 facere
1241 396 1537 440 Christianus?
1568 396 1641 441 Uti
1661 396 1845 454 mundo,

464 483 554 511 non
577 468 733 510 servire
749 464 929 508 mundo.
949 465 1061 518 Quid
1080 473 1144 508 est
1166 466 1278 509 hoc?
1297 466 1516 510 Habentes
1532 475 1741 527 tanquam
1759 483 1849 512 non

463 538 691 582 habentes.
721 535 788 580 Sic
811 535 916 578 dicit
930 569 941 589 ,
966 535 1025 578 sie
1046 535 1246 578 hortatur
1270 551 1379 594 quos
1400 552 1488 580 non
1508 536 1603 581 vult
1621 537 1805 581 inveniri
1826 553 1850 582 a

465 607 536 651 die
554 606 627 650 illa
648 615 859 666 tanquam
881 614 1154 664 praegnantes
1177 615 1221 649 et
1239 614 1542 661 mammantes,
1566 607 1626 651 sic
1647 623 1719 652 eos
1744 609 1851 653 hor-

466 687 582 721 tatur
619 696 627 720 :
655 696 675 718 «
706 682 763 720 De
781 686 938 720 caetero
955 711 965 731 ,
990 675 1159 731 fratres,
1185 685 1356 736 tempus
1377 676 1508 721 breve
1530 686 1609 733 est,
1633 677 1851 738 reliquum

467 768 487 791 >›
523 758 603 802 est,
627 757 677 792 ut
695 757 738 792 et
759 749 805 792 hi
827 749 903 808 qui
921 748 1086 792 hahent
1106 763 1275 803 uxores,
1302 757 1511 808 tanquam
1533 764 1624 794 non
1639 749 1852 794 habentes

471 840 489 862 ›·›
527 819 627 874 sint,
651 828 695 862 et
722 818 799 879 qui
821 819 930 863 ssent
950 827 1162 879 tanquam
1187 835 1276 863 non
1293 819 1469 874 flentes,
1495 828 1539 863 et
1559 820 1636 880 qui
1660 819 1854 879 gaudent

469 908 489 932 »
525 899 737 950 tanquam
755 905 844 934 non
859 888 1111 948 gaudentes,
1137 899 1180 933 et
1202 891 1276 950 qui
1292 899 1445 934 emunt
1459 890 1584 950 quasi
1600 906 1691 935 non
1705 899 1854 935 tenen-

408 997 416 1000 .
470 981 488 1003 »
523 970 612 1015 tes,
639 969 683 1004 et
705 960 782 1020 qui
810 969 997 1004 utuntur
1025 960 1109 1004 hoe
1131 960 1298 1005 mundo
1320 969 1530 1020 tanquam
1550 951 1641 1005 non
1661 970 1849 1006 utentes.

468 1050 488 1073 »
525 1031 723 1075 Praeterit
744 1031 859 1074 enim
885 1031 1024 1090 figura
1050 1032 1182 1092 hujus
1205 1032 1374 1075 mundi.
1411 1031 1524 1076 Volo
1548 1047 1624 1076 vos
1657 1032 1751 1076 sine
1767 1031 1854 1077 sol—
1895 1045 1901 1050 ·

468 1120 490 1144 »
525 1100 754 1154 licitudine
776 1104 930 1145 esse1.»
958 1101 1044 1154 Qui
1064 1102 1156 1146 sine
1177 1102 1469 1147 sollicitudine
1485 1112 1564 1158 est,
1581 1118 1757 1153 securus
1779 1118 1854 1147 ex-

465 1181 612 1232 pectat
642 1171 821 1231 quando
854 1172 1002 1216 veniat
1025 1173 1235 1217 Dominus
1257 1173 1406 1232 ipsius.
1435 1177 1544 1219 Nam
1571 1173 1711 1235 qualis
1735 1189 1856 1218 amor

466 1253 530 1288 est
549 1244 724 1298 Christi,
747 1245 900 1288 timere
928 1259 983 1287 ne
1011 1244 1182 1289 veniat?
1208 1247 1396 1299 Fratres,
1422 1260 1513 1289 non
1533 1245 1856 1290 erubescimus?

466 1317 690 1370 Amamus,
712 1323 756 1358 et
776 1315 980 1358 timemus
1003 1329 1059 1357 ne
1077 1314 1255 1359 veniat?
1278 1317 1406 1359 Certe
1424 1317 1645 1368 amamus?
1666 1319 1734 1359 An
1750 1330 1856 1375 pec·
1901 1374 1906 1377 ι

466 1394 562 1429 cata
583 1393 730 1429 nostra
752 1383 851 1444 plus
872 1386 1096 1429 amamus?
1114 1388 1230 1444 Ergo
1251 1385 1340 1444 ipsa
1358 1385 1580 1430 oderimus
1600 1396 1794 1445 peccata,
1814 1395 1858 1430 et

466 1471 661 1500 amemus
682 1471 783 1499 eum
802 1457 880 1516 qui
903 1465 1113 1500 venturus
1141 1465 1205 1500 est
1229 1455 1283 1500 ad
1305 1457 1528 1516 punienda
1550 1465 1743 1516 peccata.
1769 1459 1856 1501 Ve-

466 1527 577 1582 niet,
607 1526 792 1571 velimus
813 1526 1020 1571 nolimus.
1045 1529 1144 1572 Non
1166 1527 1280 1570 enim
1307 1528 1410 1587 quia
1442 1526 1575 1572 modo
1602 1543 1692 1572 non
1719 1528 1856 1584 venit,

465 1597 566 1642 ideo
591 1607 803 1642 venturus
829 1613 920 1641 non
949 1607 1026 1642 est.
1060 1599 1242 1653 Veniet,
1270 1607 1313 1641 et
1343 1598 1520 1658 quando
1548 1599 1685 1644 nescis
1722 1618 1730 1644 :
1758 1607 1803 1643 et
1823 1599 1858 1643 si

466 1678 666 1728 paratum
686 1678 728 1712 te
749 1669 979 1723 invenerit,
1005 1667 1116 1712 nihil
1138 1668 1221 1712 tihi
1246 1668 1369 1712 obest
1385 1670 1487 1728 quia
1509 1670 1662 1716 nescis.
1693 1688 1714 1712 «
1735 1673 1858 1715 Tunc

468 1759 490 1782 n
527 1738 789 1783 exuitabunt
810 1739 956 1784 omnia
978 1739 1096 1799 ligna
1110 1739 1346 1797 sylvarum,
1367 1749 1468 1783 ante
1489 1739 1646 1784 faciem
1664 1741 1856 1796 Domini,

470 1828 490 1851 »
526 1810 733 1870 quoniam
756 1810 874 1854 venit
889 1810 1024 1870 prius.
1045 1829 1065 1851 »
1087 1813 1144 1854 Et
1168 1819 1317 1869 postea
1339 1810 1482 1870 quid?
1507 1829 1528 1853 «
1547 1812 1766 1864 Quoniam
1785 1827 1860 1856 ve·

468 1899 489 1922 »
525 1881 590 1925 nit
616 1881 814 1942 judicare
843 1891 1015 1926 terram.
1041 1884 1097 1926 Et
1120 1881 1381 1925 exultabunt
1402 1881 1549 1926 omnia
1572 1880 1691 1941 ligna
1712 1882 1857 1941 sylva-

469 1971 490 1994 »
527 1968 640 1996 rum.
670 1972 690 1994 »
715 1953 847 1998 Venit
867 1953 1031 2013 primo,
1057 1961 1100 1997 et
1122 1962 1269 2013 postea
1291 1952 1488 2014 judicare
1506 1962 1670 1998 terram
1696 1972 1705 1999 z
1731 1954 1857 1998 exul-

405 2078 413 2083 ⁵
468 2032 609 2067 tantes
636 2023 826 2068 inveniet
846 2039 918 2068 eos
940 2024 1016 2084 qui
1040 2024 1182 2084 primo
1204 2025 1295 2083 ejus
1320 2023 1528 2069 adventui
1555 2022 1854 2082 crediderunt,

473 2111 493 2134 «
527 2093 744 2146 Quoniam
761 2093 895 2137 venit.
926 2111 947 2134 >³

526 2166 623 2207 XV.
649 2166 774 2219 Nam,
803 2183 824 2206 «
844 2162 1070 2208 judicabit
1092 2163 1244 2207 orbem
1270 2172 1484 2207 terrarum
1507 2163 1554 2207 in
1568 2164 1774 2224 aequitate
1799 2182 1809 2208 z
1832 2181 1854 2206 »

468 2250 559 2279 non
580 2244 749 2294 partem
765 2270 775 2290 ,
800 2236 903 2295 quia
926 2250 1015 2279 non
1035 2244 1204 2294 partem
1229 2235 1348 2278 emit.
1378 2238 1537 2279 Totum
1557 2235 1756 2296 judicare
1775 2235 1857 2280 ha-

469 2306 559 2360 bet,
585 2306 687 2366 quia
710 2321 788 2364 pro
822 2315 913 2350 toto
937 2306 1125 2365 pretium
1151 2304 1286 2349 dedit.
1321 2305 1513 2350 Audistis
1540 2306 1853 2365 Evangelium,

469 2376 572 2436 quia
599 2391 699 2419 cum
732 2376 920 2430 venerit,
946 2375 1112 2435 inquit,
1149 2394 1165 2414 «
1201 2376 1493 2434 Congregabit
1525 2376 1685 2421 electos
1713 2392 1812 2421 suos
1834 2393 1858 2421 a

475 2466 492 2487 »
528 2455 718 2506 quatuor
738 2446 920 2490 ventis2.
949 2464 968 2486 n
996 2447 1244 2504 Congregat
1270 2445 1429 2491 electos
1451 2462 1601 2491 omnes
1623 2462 1647 2491 a
1669 2455 1859 2507 quatuor

469 2517 608 2560 ventis
631 2536 639 2560 :
667 2531 769 2575 ergo
789 2516 844 2560 de
870 2525 963 2561 toto
990 2515 1095 2560 orbe
1117 2524 1345 2560 terrarum.
1373 2517 1484 2570 Quia
1515 2526 1558 2561 et
1585 2517 1676 2577 ipse
1699 2516 1855 2571 Adam,

519 2608 559 2643 [ι
580 2604 651 2635 Cer.
667 2613 722 2643 vu,
741 2602 851 2644 29—32.
873 2619 914 2624 -
938 2609 950 2624 ²
969 2603 1068 2633 Marc.
1087 2612 1153 2641 xm,
1171 2609 1223 2642 27.
