1926 3339
475 321 528 359 92
874 328 907 357 s.
944 328 1171 355 Auons‘rml
1204 327 1383 354 Emscom

480 420 496 439 »
534 406 578 441 et
599 411 792 456 praepara
811 396 997 440 animam
1018 402 1139 437 tuam
1157 390 1212 435 ad
1234 391 1521 436 tentationem
1539 393 1568 434 ¹.
1599 408 1618 431 »
1640 393 1702 435 Ne
1723 399 1848 449 putes

469 469 556 526 jam
591 467 788 510 transisse.
810 467 916 508 iram
942 464 1039 517 Dei,
1065 462 1168 522 quia
1190 476 1420 506 conversus
1454 476 1519 518 es3
1550 460 1744 515 transiit,
1775 459 1852 503 sed

475 554 530 581 ne
560 538 735 581 damnet
768 537 811 579 in
849 545 1076 579 aeternum.
1114 532 1324 590 Flagellat
1359 541 1528 587 autem,
1560 548 1649 576 non
1680 531 1846 590 parcit:

473 608 575 668 quia
601 627 620 649 «
642 605 852 664 Flagellat
875 619 1048 649 omnem
1071 603 1209 646 filium
1227 618 1357 662 quem
1379 603 1574 662 recipit2.
1599 620 1618 643 ³)
1648 603 1689 647 Si
1704 602 1853 660 flagel-

472 678 547 721 lari
580 677 816 730 detrectas,
843 675 973 734 recipi
1002 689 1136 734 quare
1159 674 1403 718 desideras?
1438 672 1647 731 Flagellat
1679 688 1853 717 omnem

472 747 610 790 filium
633 761 763 806 quem
788 745 953 804 recipit.
980 743 1190 802 Flagellat
1213 759 1410 799 omnem,
1437 744 1512 803 qui
1531 752 1572 787 et
1599 745 1736 788 Unico
1764 759 1854 788 non

471 816 676 876 pepercit.
702 814 785 859 Sed
805 825 949 859 tamen
966 833 984 856 «
997 814 1202 867 Quandiu
1218 814 1409 858 irasceris
1428 813 1475 857 in
1487 813 1728 858 orationem
1744 813 1854 857 servi

477 908 494 929 »
530 887 623 930 tui?
653 908 669 927 »
695 888 792 930 Non
808 887 897 945 jam
920 884 1083 929 inimici
1106 884 1195 929 tui:
1227 884 1328 940 sed,
1357 903 1376 926 «
1405 882 1602 928 Irasceris
1623 884 1669 927 in
1691 883 1853 928 oratio-

478 978 495 999 »
530 972 632 1001 nem
654 956 763 1000 servi
786 956 867 1012 tui3
898 976 915 997 »
941 955 1166 1015 quandiu?

531 1029 607 1072 VI.
628 1026 857 1086 Sequitur:
877 1044 896 1067 «
918 1025 1095 1070 Cibabis
1109 1040 1187 1069 nos
1205 1040 1315 1085 pane
1329 1025 1645 1084 lacrymarum,
1670 1033 1714 1068 et
1729 1033 1855 1084 pota·
1916 1066 1920 1088 ⁴

475 1118 495 1140 »
529 1098 594 1142 bis
632 1113 710 1141 nos
743 1098 787 1140 in
824 1097 1026 1154 lacrymis
1058 1097 1102 1140 in
1135 1098 1383 1141 mensura?
1420 1116 1439 1138 »
1476 1095 1592 1150 Quid
1625 1105 1712 1149 est,
1750 1115 1770 1138 «
1803 1098 1855 1139 In
1916 1098 1920 1128 ἱ

475 1190 495 1212 »
529 1170 756 1213 mensura?
784 1187 804 1210 »
835 1167 1093 1228 Apostolum
1124 1168 1226 1212 audi
1255 1188 1263 1214 :
1293 1188 1311 1209 «
1339 1168 1500 1213 Fidelis
1523 1172 1636 1212 Deus
1663 1168 1737 1227 qui
1766 1182 1856 1211 non
1918 1198 1923 1205 -

475 1260 493 1281 »
527 1255 602 1284 vos
616 1239 827 1299 permittit
846 1239 1023 1293 tentari,
1045 1255 1174 1299 supra
1191 1254 1322 1300 quam
1338 1239 1517 1299 potestis
1531 1237 1642 1282 serre
1655 1240 1687 1281 4.
1717 1258 1735 1279 »
1755 1240 1853 1297 Ipsa
1916 1291 1917 1294 Ἴ

471 1319 533 1353 est
557 1324 780 1365 mensura,
805 1325 884 1369 pro
906 1309 1071 1354 viribus
1095 1310 1180 1354 tuis
1199 1310 1316 1370 :ipsa
1338 1319 1403 1354 est
1429 1324 1653 1364 mensura,
1681 1317 1728 1352 ut
1750 1323 1852 1352 eru·
1916 1337 1919 1368 j

468 1379 596 1424 diaris
609 1416 619 1435 ‚
645 1396 735 1424 non
752 1390 802 1424 ut
821 1381 1092 1440 opprimaris.

530 1452 567 1493 V
577 1453 629 1494 ll.
654 1470 671 1490 «
688 1451 872 1495 Posuisti
886 1466 964 1495 nos
981 1451 1027 1495 in
1039 1450 1428 1496 contradictionem
1442 1451 1593 1495 vicinis
1612 1449 1767 1494 nostris
1780 1451 1811 1493 ⁵.
1831 1468 1851 1491 »
1915 1430 1919 1475 Ῐ

472 1518 605 1564 Plane
628 1519 792 1564 factum
815 1531 898 1575 est,
925 1537 1023 1565 nam
1048 1521 1103 1565 de
1125 1509 1418 1581 Asaphelecti
1445 1530 1545 1565 sunt
1573 1520 1647 1580 qui
1668 1520 1782 1564 irent
1801 1519 1857 1564 ad
1915 1517 1918 1524 ’

473 1591 652 1646 Gentes,
678 1600 721 1635 et
741 1591 1028 1651 praedicarent
1042 1592 1262 1637 Christum
1280 1628 1290 1647 ,
1314 1601 1357 1636 et
1377 1591 1592 1636 diceretur
1612 1591 1692 1646 eis,
1718 1609 1735 1630 «
1756 1591 1857 1644 Quis
1913 1592 1917 1647 ξ

475 1678 495 1701 »
531 1670 595 1704 est
615 1661 691 1704 iste
721 1677 934 1705 novorum
963 1661 1279 1706 daemoniorum
1306 1663 1648 1706 annuntiatorss?
1671 1661 1857 1705 Posuisti

479 1750 496 1771 »
531 1746 609 1775 nos
646 1731 691 1774 in
725 1731 1111 1776 contradictionem
1144 1733 1294 1777 vicinis
1329 1733 1500 1776 nostris.
1540 1751 1560 1773 »
1596 1735 1711 1776 Eum
1741 1731 1857 1775 enim
1911 1722 1915 1761 3

472 1801 768 1860 praedicabant
811 1803 882 1846 cui
924 1803 1317 1847 contradicebatur.
1358 1805 1495 1856 Quem
1535 1802 1858 1862 praedicabant?
1912 1800 1915 1846 ,ἶ

472 1875 695 1916 Mortuum
730 1874 1006 1917 resurrexisse
1034 1874 1271 1918 Christum.
1304 1874 1408 1927 Quis
1439 1875 1520 1918 hoc
1553 1873 1726 1917 audiat?
1754 1873 1859 1926 Quis
1910 1874 1914 1942 Ξ

474 1943 556 1986 hoc
579 1944 776 1987 noverit?
792 1946 911 1988 Nova
937 1959 1015 1987 res,
1045 1943 1128 1988 Sed
1151 1944 1270 2002 signa
1292 1944 1696 2004 consequebantur,
1721 1951 1764 1986 et
1788 1943 1858 1986 in-

473 2014 670 2059 credibili
693 2015 754 2058 rei
778 2014 909 2059 fidem
938 2015 1146 2059 miracula
1178 2014 1409 2060 faciebant.
1437 2014 1856 2069 Contradicebatur,

473 2084 549 2129 sed
582 2085 875 2130 contradictor
907 2085 1187 2141 vincebatur,
1224 2095 1266 2130 et
1295 2101 1345 2129 ex
1374 2085 1693 2130 contradictore
1722 2084 1860 2128 fidelis
1908 2099 1911 2143 j

474 2156 757 2200 efficiebatur.
785 2155 852 2199 Ibi
871 2165 1015 2200 tamen
1033 2171 1186 2214 magna
1204 2157 1378 2200 flamma
1398 2157 1481 2200 :ibi
1500 2159 1712 2214 Martyres
1728 2155 1860 2199 cibati

475 2227 530 2270 de
559 2242 671 2286 pane
692 2226 982 2284 lacrymarum
1010 2236 1053 2270 et
1075 2226 1211 2286 potati
1233 2227 1278 2270 in
1305 2226 1508 2284 lacrymis
1523 2262 1533 2282 ‚
1571 2226 1647 2271 sed
1667 2227 1712 2270 in
1734 2241 1861 2270 men-

475 2312 596 2351 sura,
621 2311 711 2340 non
734 2296 917 2355 amplius
938 2312 1069 2357 quam
1099 2305 1301 2356 poterant
1328 2296 1462 2355 ferre3
1488 2307 1536 2342 ut
1559 2306 1656 2357 post
1683 2311 1861 2340 mensu·
1890 2342 1893 2344 ,

475 2384 565 2412 ram
587 2368 880 2426 lacrymarum
907 2378 1160 2430 sequeretur
1180 2384 1340 2413 corona
1363 2368 1639 2428 gaudiorum.
1663 2387 1680 2408 «
1701 2371 1758 2412 Et
1775 2367 1862 2411 ini-
1904 2359 1910 2410 ζ

481 2460 498 2481 »
534 2439 634 2483 mici
670 2441 806 2484 nostri
834 2441 1216 2484 subsannaverunt
1257 2456 1400 2484 nos.»
1446 2443 1502 2484 Et
1531 2441 1609 2484 ubi
1645 2448 1747 2484 sunt
1787 2439 1862 2500 qui
1904 2434 1909 2474 ,⁴

475 2510 876 2555 subsannaverunt?
902 2511 981 2555 Diu
1015 2510 1182 2555 dictum
1211 2520 1302 2556 est:
1321 2511 1406 2564 Qui
1436 2520 1539 2555 sunt
1572 2511 1640 2555 isti
1671 2508 1862 2554 colentes

523 2613 533 2629 ¹
561 2607 657 2639 Eccli.
676 2618 711 2648 ιι,
735 2618 762 2639 1.
784 2615 842 2630 —²
874 2607 1178 2648 Heb1.x11‚6.—
1201 2605 1431 2645 ³Psat.txx1x
1451 2609 1483 2640 6.
1522 2625 1552 2630 -—
1577 2606 1591 2636 -'·
1619 2619 1630 2639 1
1655 2609 1726 2640 Cor.
1748 2618 1782 2648 x,
1809 2607 1860 2639 13.
1902 2550 1911 2632 i

478 2678 516 2685 -·-
540 2661 818 2704 ⁵Psa1.txx1x‚-..
836 2681 876 2687 —-
896 2663 911 2686 ⁶
936 2666 1007 2697 Act.
1032 2675 1106 2705 xvii,
1130 2664 1179 2696 18.
