1926 3339
451 257 535 298 438
879 267 914 298 s.
948 267 1179 298 Avensa-nn
1208 269 1390 299 muscum

454 350 553 381 ecce
571 337 660 396 jam
681 336 991 380 annuntiatum
1013 345 1075 380 est
1095 335 1296 395 gentibus
1314 355 1322 381 z
1341 338 1358 394 )
1381 334 1487 396 quid
1507 334 1672 381 debent
1692 335 1834 382 facere

457 416 605 466 gentes
619 443 630 462 ,
655 406 815 467 quibus
841 406 1207 451 annuntiaverunt
1219 405 1282 450 illi
1305 407 1382 466 qui
1402 406 1567 464 sylvam
1589 407 1830 466 extirpave-

448 479 581 522 runt?
603 481 700 522 Jam
723 476 778 520 ad
794 477 905 535 ipsas
929 485 1075 535 gentes
1099 476 1204 520 dicit
1223 496 1231 521 :
1257 495 1274 517 «
1297 477 1461 521 Afferte
1478 477 1663 522 Domino
1679 478 1829 537 patriae

449 567 471 591 »
507 549 723 608 gentium,
758 547 909 590 afferte
936 547 1122 590 Domino
1139 545 1317 602 gloriam
1339 556 1382 591 et
1408 548 1642 592 honorem¹
1671 567 1681 592 :
1708 565 1729 590 »
1748 563 1831 594 no-

450 621 525 663 lite
559 618 704 673 vobis,
738 617 842 676 quia
879 625 922 659 et
955 615 1017 660 illi
1055 617 1130 676 qui
1161 616 1285 660 vobis
1322 618 1710 674 annuntiaverunt,
1739 634 1830 664 non

393 746 395 748 Ι
443 704 566 733 suam
581 723 593 742 ,
618 687 693 731 sed
715 686 829 730 illius
845 685 1026 745 gloriam
1043 686 1411 731 annuntiaverunt
1430 703 1440 728 :
1466 697 1510 732 et
1521 703 1598 733 vos
1629 707 1650 731 «
1664 689 1830 733 Afferte

448 779 470 803 υ
507 759 692 804 Domino
715 757 894 816 gloriam
916 766 960 801 et
974 757 1212 816 honorem,
1230 776 1251 800 »
1275 768 1319 802 et
1339 758 1492 814 dicite,
1518 762 1655 805 «Non
1675 760 1801 805 nobis
1815 795 1827 817 ,

447 850 468 874 ))
504 830 716 885 Domine,
756 844 848 873 non
886 829 1038 884 nohis,
1075 828 1151 873 sed
1172 830 1340 873 nomini
1370 839 1447 875 tuo
1478 829 1533 874 da
1557 830 1777 890 gloriam2.
1805 849 1827 874 »

445 901 589 948 Nolite
606 915 728 960 spem
747 900 794 943 in
809 900 987 944 homine
1012 914 1187 959 ponere.
1211 900 1254 944 Si
1271 899 1516 960 baptizatur
1528 901 1830 962 unusquisque

444 981 638 1018 vestrum
654 1006 665 1027 ,
691 971 806 1015 dicat
828 990 837 1016 :
868 969 948 1014 Ille
970 985 1041 1014 me
1067 970 1280 1030 baptizat,
1312 969 1472 1031 dequo
1502 971 1666 1015 amicus
1686 972 1831 1031 sponsi

444 1043 555 1088 dixit
579 1063 588 1088 :
618 1062 638 1085 «
664 1042 744 1086 Hic
765 1050 829 1086 est
860 1041 937 1101 qui
965 1040 1196 1099 baptizatss.
1222 1059 1242 1082 »
1280 1041 1323 1086 Si
1354 1042 1470 1085 enim
1491 1042 1587 1086 haec
1614 1041 1828 1098 dixeritis,

445 1114 608 1159 affertis
631 1112 817 1156 Domino
854 1110 1034 1168 gloriam
1062 1119 1106 1155 et
1133 1111 1360 1155 honorem.
1400 1131 1422 1155 «
1450 1112 1616 1156 Afferte
1645 1113 1831 1158 Domino

446 1203 467 1227 »
505 1183 686 1242 gloriam
707 1191 751 1225 et
770 1183 998 1226 honorem.
1022 1200 1042 1222 n

503 1256 583 1297 IX.
615 1272 636 1295 «
662 1252 828 1298 Afferte
851 1251 1038 1296 Domino
1061 1250 1241 1310 gloriam
1263 1252 1428 1296 nomini
1449 1253 1553 1312 ejus.
1583 1271 1602 1293 n
1628 1254 1727 1298 Non
1748 1268 1832 1298 no-

444 1324 552 1369 mini
572 1324 804 1368 hominum
821 1358 831 1378 ,
866 1338 956 1367 non
975 1322 1142 1367 nomini
1162 1331 1330 1377 vestro,
1359 1322 1434 1366 sed
1463 1322 1631 1366 nomini
1651 1324 1742 1383 ejus
1768 1322 1833 1368 af-

443 1393 554 1439 ferte
573 1394 768 1454 gloriam.
793 1413 814 1436 «
841 1393 996 1438 Tollite
1021 1393 1197 1448 hostias,
1221 1402 1264 1436 et
1285 1393 1464 1437 introite
1479 1393 1531 1437 in
1559 1395 1665 1438 atria
1687 1395 1778 1454 ejus
1794 1395 1828 1439 4.

445 1484 467 1508 »
506 1465 662 1510 Tollite
693 1465 854 1509 hostias
882 1483 891 1509 ι
927 1483 945 1504 »
981 1463 1089 1524 quid
1110 1463 1282 1508 allaturi
1305 1465 1404 1508 estis
1421 1499 1432 1520 ,
1462 1473 1512 1508 ut
1539 1465 1761 1510 introeatis
1787 1465 1833 1510 in

448 1537 556 1581 atria
584 1537 704 1597 ejus?
729 1538 836 1580 -Jam
858 1536 973 1579 enim
995 1535 1129 1579 crevit
1155 1534 1310 1579 domus
1325 1570 1336 1590 ,
1361 1544 1404 1579 et
1429 1534 1542 1579 facta
1563 1544 1665 1579 sunt
1687 1535 1795 1580 atria
1819 1554 1829 1580 ε

444 1609 522 1669 qui
544 1608 735 1652 afferunt
755 1606 938 1661 hostias,
961 1607 1125 1650 intrent
1145 1606 1190 1649 in
1218 1607 1338 1650 atria.
1375 1608 1537 1650 Tauros
1560 1606 1733 1650 allaturi
1759 1622 1833 1651 su-

443 1694 557 1733 mus,
583 1677 724 1722 hircos
741 1676 812 1721 vel
829 1678 958 1720 oves?
976 1676 1114 1720 Absit.
1140 1695 1160 1718 «
1183 1677 1225 1721 Si
1239 1676 1444 1721 voluisses
1460 1677 1734 1732 sacrificium,
1759 1676 1834 1722 de-

446 1768 468 1792 »
504 1751 659 1793 dissem
694 1748 889 1807 utique⁵.
919 1765 940 1788 »
975 1747 1054 1791 Ille
1087 1747 1212 1791 nobis
1248 1747 1434 1791 hostiam
1463 1746 1828 1803 commendabat,

444 1835 578 1880 quam
600 1818 758 1862 offerre
783 1817 1009 1862 debemus.
1036 1817 1191 1861 Videte
1217 1833 1272 1860 ne
1293 1817 1367 1861 illa
1389 1818 1442 1861 sit
1464 1817 1601 1861 hostia
1617 1852 1628 1873 ,
1657 1817 1711 1861 de
1741 1833 1831 1878 quo

438 1890 700 1953 jamdudum
719 1888 850 1933 dixit:
875 1908 894 1931 «
933 1888 1158 1933 Confessio
1175 1897 1217 1932 et
1232 1889 1514 1947 pulchritudo
1531 1889 1578 1932 in
1594 1899 1831 1949 conspectu

447 1981 467 2004 »
504 1963 609 2020 ejus.
632 1979 652 2001 n
680 1960 904 2004 Confessio
926 1959 1067 2003 hostia
1088 1968 1152 2003 est
1174 1962 1278 2003 Deo.
1304 1960 1341 2003 Ο
1362 1975 1464 2018 ergo
1482 1969 1647 2019 gentes,
1672 1960 1706 2004 si
1727 1959 1830 2004 vul-

445 2033 497 2076 tis
526 2031 687 2074 intrare
714 2031 760 2074 in
789 2031 892 2074 atria
923 2031 1039 2089 ejus,
1074 2029 1209 2073 nolite
1232 2045 1381 2074 vacuae
1408 2030 1590 2085 intrare,
1619 2049 1638 2074 «
1674 2029 1832 2075 Tollite

447 2121 468 2144 »
502 2102 677 2146 hostias.
721 2119 742 2141 »
783 2103 898 2153 Quas
932 2100 1093 2144 hostias
1128 2100 1356 2144 nobiscum
1397 2101 1612 2159 portaturi
1653 2103 1832 2145 sumus?

450 2192 470 2216 «
507 2173 773 2218 Sacrificium
791 2177 876 2216 Deo
892 2171 1065 2230 spiritus
1083 2171 1416 2226 contribulatus,
1435 2187 1510 2215 cor
1531 2172 1769 2216 contritum
1787 2181 1831 2217 et

448 2263 468 2286 »
503 2243 784 2288 humiliatum
806 2246 920 2287 Deus
941 2259 1030 2287 non
1052 2243 1284 2302 spernitfi.»
1308 2245 1420 2287 Cum
1438 2243 1594 2287 humili
1611 2243 1830 2288 cordein-

446 2324 512 2358 tra
540 2314 586 2357 in
613 2313 792 2358 domum
822 2313 919 2368 Dei,
955 2322 998 2357 et
1023 2328 1123 2357 cum
1150 2313 1290 2357 hostia
1312 2313 1495 2375 intrasti.
1521 2313 1563 2357 Si
1585 2323 1731 2357 autem
1751 2329 1829 2359 su-

441 2384 603 2445 perbus
626 2400 684 2437 es,
706 2385 842 2428 inanis
862 2384 1011 2427 intras.
1037 2386 1146 2428 Nam
1164 2382 1281 2427 unde
1304 2384 1565 2442 superbires,
1585 2384 1666 2428 nisi
1686 2384 1826 2428 inanis

440 2457 580 2500 esses?
596 2457 705 2500 Nam
731 2454 766 2498 si
787 2453 943 2513 plenus
964 2469 1095 2509 esseS,
1120 2469 1210 2498 non
1232 2454 1457 2498 inflareris.
1481 2454 1708 2507 Quomodo
1729 2454 1827 2514 plc-

488 2557 498 2573 ¹
518 2549 598 2582 Psal.
619 2560 693 2592 xcv,
713 2561 743 2592 7.
764 2566 806 2572 —-
822 2556 835 2572 ²
852 2549 901 2581 Id.
931 2560 1003 2582 exui
1019 2575 1027 2591 ‚
1058 2561 1086 2582 ι.
1116 2567 1156 2573 --
1176 2547 1189 2572 3
1207 2552 1286 2583 Joan
1318 2560 1349 2591 1,
1369 2550 1421 2583 33.
1443 2549 1514 2580 ——4
1529 2550 1609 2585 Psal.
1625 2561 1711 2590 xcv,
1729 2550 1761 2582 8.
1781 2566 1824 2574 ·—

450 2596 522 2639 ⁵111.
548 2618 578 2648 L,
603 2605 654 2638 18.
681 2623 722 2629 --
743 2603 758 2628 6
780 2605 863 2637 Ibid.
886 2616 935 2647 19.
