1926 3339
485 312 536 348 50
903 318 935 345 5.
973 320 1202 346 *censum
1236 318 1418 345 EPISCOPI

476 400 598 443 gam,
624 405 644 427 «
669 388 724 429 Et
756 384 993 443 percussit,
1029 383 1171 442 inquit
1187 417 1198 437 ,
1228 396 1356 426 omne
1380 379 1650 440 primitivum
1679 380 1724 423 in
1747 389 1859 424 terra

479 473 498 495 »
533 454 728 513 AEgypti,
746 453 951 512 primitias
967 451 1129 496 laboris
1150 466 1303 494 eorum
1326 450 1372 493 in
1394 449 1682 494 tabernaculis
1701 449 1855 494 Cham.

480 543 499 566 »
534 527 590 568 Et
611 523 788 568 abstulit
814 523 924 567 sicut
956 537 1056 565 oves
1076 520 1288 580 populum
1311 534 1439 562 suum
1456 554 1466 572 ‚
1493 528 1536 563 et
1565 518 1767 578 perduxit
1787 534 1860 564 eos

480 612 499 634 »
534 602 742 653 tanquam
773 606 944 650 gregem
964 592 1009 634 in
1031 590 1213 633 deserto.
1240 588 1499 633 Etdeduxit
1519 604 1591 632 eos
1618 589 1663 632 in
1691 603 1791 648 spe,
1815 598 1859 633 et

477 682 496 704 »
530 678 619 706 non
636 664 895 706 timuerunt:
912 669 955 703 et
976 661 1173 703 inimicos
1191 674 1343 703 eorum
1366 660 1539 718 operuit
1558 674 1691 703 mare.
1718 661 1775 703 Et
1795 658 1858 703 in-

475 752 494 773 »
530 732 652 776 duxit
687 746 758 775 eos
790 732 836 775 in
873 739 1069 774 montem
1105 728 1460 774 sanctificationis
1502 745 1623 784 suae,
1662 737 1859 773 montem

473 819 494 843 »
528 816 661 861 quem
683 800 909 861 acquisivit
930 800 1105 846 dextera
1140 800 1247 859 ejus.
1284 800 1341 843 Et
1362 798 1487 858 ejecit
1510 815 1534 843 a
1566 798 1677 856 facie
1705 813 1860 842 eorum
1925 857 1926 863 ἵ

475 890 494 914 »
530 881 703 931 genteS,
739 881 782 916 et
811 881 925 916 sorte
953 871 1174 916 distribuit
1205 871 1264 915 eis
1289 880 1448 914 terram
1470 870 1516 913 in
1538 868 1736 914 funiculo
1769 868 1859 914 dis-

477 960 497 983 »
533 942 820 986 tributionis1.
855 960 874 984 »
914 942 955 986 Si
989 942 1085 1001 quis
1127 940 1181 985 ad
1214 941 1308 984 haec
1345 939 1641 984 verba'nobis
1669 938 1859 983 inferens
1924 995 1926 1006 Ι

473 1013 757 1072 quaestionem
785 1012 900 1056 dicat
922 1031 931 1057 :
957 1011 1188 1065 Quomodo
1219 1011 1277 1054 eis
1299 1011 1396 1054 haec
1416 1009 1562 1054 omnia
1584 1008 1743 1054 collata
1769 1025 1859 1055 esse
1923 1010 1926 1075 j

473 1092 806 1138 commemorat,
836 1099 937 1128 cum
969 1084 1049 1143 ipsi
1084 1099 1175 1127 non
1204 1081 1370 1126 fuerint
1402 1081 1604 1142 perducti
1631 1081 1678 1124 in
1699 1090 1858 1126 terram
1923 1089 1926 1141 Ξ

472 1155 784 1214 promissionis,
809 1154 886 1214 qui
909 1154 963 1198 ab
986 1155 1179 1212 AEgypto
1202 1152 1374 1197 liberati
1406 1161 1534 1204 sunt,
1554 1151 1766 1212 quoniam
1795 1150 1859 1195 illi

471 1225 632 1269 mortui
665 1225 795 1269 sunt?
823 1225 931 1284 quid
953 1223 1315 1283 respondebimus
1332 1258 1343 1278 ,
1368 1222 1450 1266 nisi
1471 1238 1543 1267 eos
1572 1221 1731 1278 dictos,
1756 1221 1859 1282 quia
1922 1240 1926 1267 :

472 1294 588 1338 idem
603 1294 710 1354 *ipse
741 1294 930 1354 populus
957 1294 1043 1337 fuit
1079 1310 1155 1353 per
1186 1294 1504 1338 successionem
1536 1291 1756 1337 filiorum?
1789 1292 1858 1337 Sic

470 1379 572 1423 ergo
594 1381 694 1410 cum
718 1364 941 1420 audimus,
975 1365 1184 1423 (maxime
1214 1365 1318 1426 quia
1339 1363 1479 1408 futuri
1499 1363 1704 1423 temporis
1725 1363 1858 1408 verba
1905 1411 1915 1422 ⁶

470 1444 572 1480 sunt
590 1439 632 1495 ‚)
657 1456 678 1479 «
698 1439 754 1481 Et
778 1436 990 1496 propitius
1018 1437 1093 1480 fiet
1114 1437 1301 1496 peccatis
1323 1451 1472 1480 eorum
1488 1470 1500 1492 ,
1529 1445 1574 1480 et
1594 1451 1685 1479 non
1705 1433 1858 1495 perdet
1920 1435 1921 1440 ’

473 1524 493 1548 »
529 1522 622 1564 eos3
646 1516 689 1550 et
706 1505 948 1551 abundabit
970 1516 1020 1550 ut
1041 1517 1207 1552 avertat
1228 1507 1336 1550 iram
1361 1521 1483 1551 suam
1500 1541 1513 1562 ,
1536 1515 1580 1550 et
1598 1521 1688 1550 non
1709 1521 1859 1550 accen-

472 1595 492 1618 »
528 1577 603 1621 det
623 1592 795 1621 omnem
812 1577 920 1620 iram
940 1592 1089 1622 suam:
1114 1576 1435 1634 »intelligamus
1458 1577 1504 1620 in
1520 1576 1585 1620 his
1608 1576 1853 1635 impletum,

471 1647 526 1691 de
547 1647 708 1707 quibus
731 1647 836 1691 dicit
857 1646 1089 1706 Apostolus
1112 1666 1122 1692 ι
1151 1665 1172 1689 «
1204 1647 1272 1692 Sic
1294 1662 1398 1706 ergo
1426 1656 1470 1690 et
1491 1646 1536 1690 in
1557 1648 1640 1691 hoc
1661 1656 1856 1707 tempore

472 1736 492 1759 »
527 1717 719 1777 reliquiae
739 1733 815 1777 per
837 1716 1093 1761 electionem
1114 1717 1260 1775 gratiae
1277 1717 1407 1761 salvae
1421 1716 1549 1761 factae
1564 1726 1715 1761 sunt.»
1732 1717 1856 1761 Unde

469 1788 599 1832 etiam
617 1787 742 1833 dicit:
762 1788 1019 1848 «Numquid
1041 1788 1200 1848 repulit
1220 1792 1333 1833 Deus
1355 1787 1528 1847 plebem
1570 1786 1850 1832 uamPAbsit.

470 1877 491 1899 »
526 1861 635 1903 Nam
647 1868 690 1902 et
700 1874 780 1917 ego
791 1858 981 1902 Israelita
994 1873 1090 1903 sum
1103 1874 1155 1902 ex
1169 1874 1326 1917 genere
1345 1858 1493 1913 Israel,
1505 1857 1560 1902 de
1573 1858 1693 1903 tribu
1703 1859 1855 1919 Benja-

471 1946 491 1969 »
526 1928 632 1983 min,
650 1928 860 1973 Hebraeus
878 1943 930 1971 ex
948 1928 1183 1972 Hebraeis?
1203 1947 1223 1969 »
1244 1930 1332 1973 Hos
1346 1928 1479 1987 igitur
1499 1928 1720 1987 Scriptura
1742 1944 1855 1988 prae-

466 1997 599 2053 vidit,
630 1998 706 2057 qui
728 1998 772 2041 in
799 1998 1022 2043 Christum
1045 1996 1219 2042 fuerant
1245 2013 1296 2041 ex
1325 1998 1406 2041 isto
1428 1997 1594 2057 populo
1617 1997 1852 2054 credituri,

466 2076 510 2112 et
543 2067 762 2127 accepturi
804 2077 1085 2127 peccatorum
1123 2067 1420 2111 remissionem
1441 2103 1453 2120 ,
1487 2083 1625 2129 usque
1657 2067 1713 2112 ad
1744 2068 1856 2114 illud

465 2138 702 2182 maximum
719 2172 730 2192 ,
757 2153 845 2196 quo
862 2137 1123 2181 insanientes
1145 2138 1287 2197 ipsum
1313 2136 1535 2181 medicum
1557 2148 1850 2197 peremerunt.

466 2209 578 2253 Hinc
606 2208 784 2252 omnino
813 2208 979 2252 dictum
1017 2227 1026 2253 ε
1062 2228 1081 2251 «
1114 2212 1209 2268 Ipse
1239 2218 1387 2253 autem
1415 2219 1479 2254 est
1507 2209 1776 2267 misericors,
1811 2220 1855 2255 et
1908 2202 1918 2267 ,⁷

465 2297 485 2320 »
520 2278 733 2338 propitius
768 2278 850 2322 erit
879 2279 1065 2337 peccatis
1088 2294 1268 2334 eorum,
1296 2288 1339 2323 et
1370 2295 1460 2324 non
1481 2279 1635 2339 perdet
1667 2295 1738 2325 eos
1771 2300 1780 2325 ε
1810 2291 1854 2326 et
1908 2268 1914 2280 ‘

466 2367 487 2390 »
523 2348 766 2393 abundabit
798 2358 847 2392 ut
879 2358 1045 2393 avertat
1072 2349 1183 2393 iram
1211 2365 1362 2407 suam3
1392 2369 1411 2391 »
1444 2351 1546 2409 quia
1576 2351 1706 2394 etiam
1740 2350 1854 2396 illud
1906 2385 1913 2414 t

462 2419 651 2474 remisit,
677 2420 797 2479 quod
819 2419 874 2462 ab
896 2419 953 2463 eis
982 2419 1135 2464 unicus
1162 2419 1298 2464 Filius
1323 2421 1415 2480 ejus
1437 2421 1602 2465 occisus
1627 2429 1720 2466 est:
1750 2440 1771 2464 «
1795 2424 1853 2467 Et
1907 2418 1911 2463 Q

467 2508 488 2532 »
523 2505 613 2534 non
633 2487 840 2533 accendet
861 2505 1036 2534 omnem
1055 2490 1163 2534 iram
1180 2506 1328 2548 suam3
1348 2508 1368 2532 »
1387 2492 1488 2552 quia
1510 2491 1706 2553 reliquiae
1722 2490 1851 2538 salvae
1910 2527 1911 2530 ,

463 2559 591 2606 factae
618 2568 734 2604 sunt.

514 2651 521 2666 ¹
541 2643 620 2675 Psal.
638 2655 753 2685 txxvn,
778 2642 897 2685 51-54.
922 2661 960 2666 —
975 2650 987 2666 ²
1010 2646 1099 2676 Rom.
1122 2656 1168 2686 xi,
1192 2644 1265 2686 1-5‚
1288 2649 1320 2677 et
1337 2645 1448 2688 Philip.
1468 2657 1516 2688 iu,
1536 2645 1567 2678 5.
