1926 3339
0 2501 2 2572 1

0 2583 2 2621 ι

0 2624 3 2661 i

0 2667 2 2688 Ι

0 2720 3 2759 ι

0 2767 4 2791 Ι

0 2800 5 2882 ἕ

0 2887 5 2918 i

2 2931 5 2968 ι

3 2999 6 3017 Ι

0 3023 6 3074 1

386 268 628 297 ENARRATIO
660 271 703 296 m
737 268 939 296 PsALMUM
971 271 1080 298 xcvi.
1342 262 1427 303 449

51 339 163 380 Deus
185 342 330 378 noster
352 332 529 392 dignam
552 343 685 379 tantae
710 333 771 377 rei
800 335 1144 394 expectationem
1166 346 1209 381 ct
1219 339 1430 397 jucundi-

51 413 184 449 tatem
209 423 218 449 :
243 405 333 464 ipse
357 420 599 449 sermonem
623 413 820 448 nostrum
842 405 1093 450 moderetur
1115 416 1264 466 aptum
1287 410 1432 453 cordi-

51 475 132 519 bus
154 475 322 530 vesu-is,
342 483 392 519 ut
410 473 625 535 quidquid
643 475 713 519 hic
731 475 894 519 exultat
910 491 984 520 cor
997 486 1194 521 nostrum
1212 479 1256 521 in
1274 478 1435 524 talibus

14 580 20 583 -
52 546 328 605 spectaculis,
366 544 578 605 perducat
606 546 661 590 acl
693 545 904 605 linguam,
930 556 972 591 et
999 547 1100 591 inde
1126 548 1170 592 in
1194 565 1316 594 aures
1341 566 1439 595 ves-

53 626 154 670 tras,
179 615 336 660 deinde
358 616 403 660 in
425 632 499 660 cor
519 625 728 672 vestrum,
754 616 855 660 inde
877 617 922 661 in
944 617 1053 662 facta
1071 627 1226 664 vestra.

111 690 185 732 IV.
211 707 231 729 «
253 688 460 732 Dominus
484 688 692 746 regnavit.
720 707 739 729 n
768 688 846 732 Ille
868 689 944 749 qui
969 690 1086 733 stetit
1108 700 1207 734 ante
1224 690 1436 750 judicem,

55 758 129 802 ille
161 759 238 818 qui
271 758 415 818 alapas
444 760 633 818 accepit,
669 759 742 802 ille
773 761 849 820 qui
878 759 1118 817 flagellatus
1142 771 1226 816 cst,
1255 761 1328 805 ille
1364 764 1439 823 qui

53 838 290 888 consputus
316 839 394 885 est,
425 829 498 872 ille
523 829 600 888 qui
624 830 755 888 spinis
781 840 1012 874 coronatus
1035 840 1112 886 est,
1136 831 1206 875 ille
1231 833 1306 892 qui
1329 834 1442 878 cola-

55 899 151 959 phis
169 915 302 944 caesus
326 908 405 954 est,
428 899 502 943 ille
521 899 596 960 qui
615 900 660 943 iu
680 899 801 959 liguo
819 917 1048 960 suspensus
1066 912 1142 956 cst,
1161 902 1233 946 ille
1256 904 1326 947 cui
1340 920 1444 963 pcn-

56 970 176 1015 denti
198 970 243 1014 in
274 970 394 1029 ligno
423 969 679 1014 insultatum
705 980 792 1026 est,
818 970 891 1015 ille
913 973 988 1031 qui
1016 973 1061 1015 in
1096 988 1223 1017 cruce
1246 985 1445 1021 mortuus

56 1050 134 1096 est,
158 1039 232 1084 ille
264 1041 340 1101 qui
368 1041 517 1085 lancea
554 1057 780 1101 percussus
811 1051 899 1096 est,
924 1041 997 1087 ille
1018 1044 1093 1103 qui
1127 1043 1322 1103 sepultus
1355 1056 1418 1090 est
1428 1083 1443 1103 ,

56 1112 145 1171 ipse
172 1113 417 1156 resurrexit.
447 1132 465 1154 «
487 1113 697 1156 Dominus
720 1113 928 1171 regnavit.
959 1131 978 1154 n
1015 1114 1205 1158 Saeviant
1232 1126 1448 1174 quantum

56 1192 238 1242 possunt
260 1198 393 1241 regna
418 1201 427 1227 ε
453 1182 561 1243 quid
593 1192 694 1228 sunt
732 1182 898 1227 factura
933 1184 1040 1241 Regi
1076 1200 1332 1244 regnorum,
1360 1190 1448 1232 Do-

53 1254 174 1298 mino
193 1254 391 1298 omnium
415 1270 568 1314 regum
589 1290 599 1310 ‚
625 1255 821 1300 Creatori
840 1256 1037 1299 omnium
1060 1256 1346 1303 saeculorum?
1379 1262 1449 1303 An

56 1324 154 1368 ideo
188 1326 499 1380 contemnitur,
542 1326 645 1386 quia
674 1335 762 1370 tam
792 1326 1044 1382 submissus,
1081 1337 1124 1372 et
1156 1338 1244 1373 tam
1272 1330 1448 1375 humilis

58 1396 288 1456 apparuit?
303 1397 597 1441 Misericordia
614 1406 692 1452 est,
719 1413 808 1442 non
829 1398 1102 1458 impotentia.
1132 1399 1211 1443 Ille
1230 1401 1347 1444 enim
1370 1402 1451 1445 hu-

57 1467 169 1512 milis
197 1469 418 1527 apparuit,
451 1478 501 1512 ut
529 1484 631 1512 eum
662 1485 928 1528 caperemus.
967 1469 1051 1515 Sed
1068 1471 1158 1530 jam
1187 1471 1411 1516 videamus
1436 1493 1445 1518 :

63 1557 84 1580 «
117 1538 326 1583 Dominus
364 1539 581 1596 regnavit3
606 1539 770 1584 exultet
792 1549 905 1584 terra
924 1575 934 1595 ‚
959 1541 1263 1599 jucundentur
1294 1542 1449 1587 insulae

62 1627 83 1651 »
117 1609 284 1654 multae.
313 1626 333 1650 »
365 1612 440 1653 Est
474 1608 678 1670 quidem,
714 1610 816 1670 quia
843 1611 1028 1655 verbum
1056 1611 1137 1655 Dei
1169 1613 1327 1671 non{in
1362 1613 1450 1658 sola

59 1681 302 1724 continenti
319 1689 431 1723 terra
451 1679 739 1739 praedicatum
759 1690 837 1736 est7
863 1680 939 1725 sed
957 1681 1083 1725 etiam
1107 1681 1153 1725 in
1175 1681 1326 1727 insulis
1350 1700 1449 1743 quze

58 1750 306 1796 constitutae
321 1759 424 1794 sunt
444 1750 490 1793 in
513 1750 657 1794 medio
676 1751 783 1794 mari
804 1771 812 1795 :
836 1761 878 1795 et
895 1752 997 1810 ipsae
1016 1752 1157 1811 plenae
1175 1754 1446 1808 Christianis,

58 1821 200 1881 plenae
223 1830 325 1865 sunt
348 1820 478 1864 servis
515 1821 604 1863 Dei.
642 1824 739 1865 Non
765 1821 880 1864 enim
916 1831 1088 1880 separat
1105 1838 1221 1866 mare
1245 1839 1344 1866 eum
1375 1824 1451 1884 qui

58 1891 164 1937 fecit
195 1908 327 1935 mare.
362 1897 456 1945 Quo
480 1907 610 1935 naves
633 1901 815 1950 possunt
842 1892 1071 1947 accedere,
1097 1893 1229 1937 verba
1259 1894 1335 1937 Dei
1361 1911 1452 1939 non

59 1966 269 2024 possunt?
292 1962 488 2022 Impletae
506 1972 607 2006 sunt
623 1963 790 2006 insulae.
818 1966 1129 2007 Verumtamen
1146 1975 1328 2023 possunt
1350 1967 1452 2010 etin

60 2035 199 2094 figura
216 2043 331 2078 recte
354 2034 490 2092 accipi
512 2033 680 2088 insulae,
709 2049 857 2077 omnes
875 2033 1094 2077 Ecclesiae.
1120 2040 1259 2087 Quare
1276 2036 1452 2081 insulae?

61 2106 171 2160 Quia
189 2103 571 2149 circumlatrantur
594 2104 800 2148 fluctibus
818 2105 1015 2149 omnium
1034 2106 1342 2149 tentationum.
1368 2106 1452 2151 Sed

61 2175 284 2237 quomodo
315 2174 456 2219 insula
500 2174 697 2234 undique
740 2175 1203 2234 circumstrepentibus
1243 2177 1451 2221 fluctibus

62 2245 188 2291 tundi
221 2255 377 2305 potest,
416 2245 561 2303 frangi
596 2261 684 2288 non
716 2254 874 2304 potest,
906 2246 1131 2323 magisque
1162 2246 1250 2306 ipsa
1289 2246 1452 2307 frangit

62 2318 221 2362 fluctus
256 2317 491 2370 venientes,
519 2330 650 2375 quam
670 2314 882 2372 franoitui
906 2316 960 2358 ab
983 2315 1076 2359 eis:
1102 2316 1159 2360 sic
1182 2326 1224 2360 et
1246 2317 1450 2362 Ecclesiae

64 2388 141 2433 Dei
168 2386 435 2447 pullulantes
458 2402 536 2445 per
564 2395 704 2429 totum
738 2386 889 2429 orbem
919 2395 1156 2440 terraium
1188 2403 1320 2446 passae
1350 2398 1454 2434 sunt

64 2460 383 2520 persecutiones
425 2457 623 2517 undique
653 2456 934 2500 frementium
970 2457 1228 2514 infidelium,
1269 2469 1312 2504 et
1354 2477 1454 2505 ecee

66 2541 181 2576 stant
202 2529 375 2583 insulae‚
412 2538 456 2573 et
472 2530 562 2589 jam
592 2527 810 2588 placatum
837 2537 901 2572 est
934 2544 1067 2572 mare.
1101 2547 1120 2570 «
1146 2532 1168 2574 J
1176 2531 1454 2577 ucuudtntui

71 2621 92 2645 »
126 2601 279 2648 insulae
296 2600 461 2646 multae.
482 2619 501 2642 η

0 2698 3 2711 .
66 2693 127 2726 χ
254 2683 392 2714 cxvn.
1219 2677 1269 2714 29
