1926 3339
272 302 514 332 ENARRATIO
548 303 578 328 ιι
613 301 657 328 m
690 297 895 326 PsALMUM
929 295 1009 330 xc,
1045 292 1184 318 smnio
1219 292 1264 316 11.
1357 276 1439 314 3⁶25

51 376 153 433 ideo
170 388 259 417 non
283 368 518 422 exaudivit,
539 366 639 426 quia
661 361 1019 408 exaudivit.Nam
1044 356 1147 399 dicit
1170 353 1330 398 Paulus
1352 368 1441 395 non

54 461 98 490 se
116 459 204 488 esse
220 440 471 485 exauditum
490 437 544 481 de
566 433 741 480 stimulo
763 431 901 475 earnis
925 444 1013 472 sum
1036 423 1187 482 angelo
1215 427 1399 474 Satanae,
1421 437 1443 463 a

55 531 144 576 quo
165 509 423 571 colaphizari
441 524 484 552 se
499 506 606 551 dixit
625 526 634 558 ;
656 508 870 562 «Propter
891 497 1011 560 quod
1032 495 1267 541 Dominum
1290 502 1355 535 ter
1379 507 1445 533 ro-

60 607 80 628 »
117 585 237 645 gavi,
262 592 312 626 ut
335 579 524 625 auferret
541 593 641 622 eum
665 593 687 620 a
706 590 791 628 me,
818 582 860 617 et
884 570 993 615 dixit
1010 567 1117 612 mihi
1139 585 1147 611 :
1178 562 1347 609 Sufficit
1366 561 1444 605 tibi

60 676 81 699 »
118 656 252 715 gratia
273 668 391 710 mea3
411 666 511 695 nam
529 650 665 694 virtus
682 648 727 691 in
744 643 995 689 infirmitate
1018 638 1274 700 perficitur&
1296 653 1314 674 ν)
1334 636 1449 676 Tan-

59 742 191 789 quam
214 723 385 769 medieo
409 721 644 774 diceretur,
675 717 815 778 posito
840 714 951 758 sorte
974 711 1264 771 epithemate:
1291 703 1453 749 Moles-

60 808 155 843 tum
175 806 240 840 est
255 794 364 838 mihi
385 793 471 837 hoe
494 790 774 851 emplastrum
789 808 799 844 3
816 800 920 842 rogo
938 794 996 837 te,
1023 780 1126 825 tolle
1148 776 1273 822 illud.
1294 778 1349 819 Et
1366 788 1452 816 rne-

28 927 35 932 ,
62 869 184 914 dicus
207 888 215 912 :
240 870 339 912 Non
355 901 365 921 ‚
393 880 501 924 opus
534 872 598 907 est
617 861 694 905 diu
718 859 779 903 ibi
803 858 885 913 sit3
919 870 1009 898 non
1033 852 1145 895 enim
1171 849 1294 892 aliter
1315 844 1454 890 sanari

61 939 238 1001 poteris.
265 940 497 996 AEgrotum
519 948 606 977 non
626 928 846 974 exaudivit
868 923 1060 969 medicus
1079 921 1133 964 ad
1152 918 1422 964 voluntatem
1442 949 1452 967 ‚

63 1011 165 1072 quia
183 1007 403 1053 exaudivit
423 1004 478 1049 ad
495 1003 694 1048 salutem.
717 998 911 1057 Ideoque
934 993 1066 1038 fortes
1089 998 1248 1042 estote,
1275 986 1426 1030 fratres
1445 1004 1453 1027 ·.

64 1091 108 1126 et
124 1078 302 1141 quando
326 1076 471 1137 aliqua
493 1072 640 1133 inopia
663 1067 905 1121 tentamini,
923 1068 1013 1109 Deo
1029 1059 1277 1120 flagellante
1298 1066 1341 1100 et
1359 1070 1459 1098 eru-

66 1152 214 1197 diente
235 1165 311 1195 vos
328 1185 338 1204 ‚
366 1147 528 1207 quibus
551 1154 593 1188 et
615 1152 739 1203 parat
766 1150 808 1184 et
831 1146 970 1183 servat
998 1144 1206 1178 aeternam
1228 1128 1460 1173 haeredita-

67 1234 173 1279 tem,
194 1237 284 1266 non
300 1220 425 1265 vobis
448 1226 650 1277 suggerat
677 1211 878 1258 diabolus
898 1230 906 1254 :
937 1208 979 1253 Si
997 1208 1139 1268 justus
1163 1217 1293 1255 esses,
1315 1214 1462 1245 nonne

69 1296 148 1341 tibi
170 1310 248 1355 per
272 1306 452 1337 corvum
476 1290 669 1333 mitteret
690 1299 870 1346 panem,
904 1277 1129 1341 quomodo
1157 1274 1273 1318 misit
1299 1271 1431 1316 Elia:2
1446 1272 1463 1313 ἰ’

71 1366 157 1412 Ubi
179 1374 243 1409 est
257 1361 379 1424 quod
400 1360 539 1420 legisti
563 1379 570 1404 :
601 1378 621 1400 «
640 1360 877 1416 Nunquam
894 1352 984 1397 vidi
998 1351 1164 1410 justum
1182 1342 1437 1388 derelictum
1451 1375 1462 1395 ,

73 1458 94 1481 »
130 1453 211 1482 nec
234 1451 382 1481 semen
410 1435 500 1493 ejus
521 1445 720 1492 quaerens
746 1441 904 1488 panem
923 1425 973 1467 3?
999 1441 1017 1462 η
1047 1424 1112 1464 Tu
1136 1415 1350 1476 responde
1373 1413 1466 1457 dia-

72 1509 176 1555 bolo
201 1528 210 1554 ι
242 1510 404 1552 Verum
439 1503 544 1548 dicit
571 1499 803 1560 'Scriptura
831 1516 840 1542 ς
871 1498 1150 1552 «Nunquam
1188 1488 1277 1532 vidi
1300 1488 1467 1546 justum

76 1599 97 1622 »
133 1577 391 1624 derelictum
408 1610 418 1630 ‚
445 1588 524 1617 nec
548 1587 695 1616 semen
724 1571 815 1630 ejus
837 1580 1036 1627 quaerens
1059 1574 1215 1621 panem
1241 1578 1248 1602 ;
1280 1576 1299 1597 >›
1326 1555 1468 1600 habeo

76 1651 192 1696 enim
213 1662 371 1710 panem
394 1660 543 1690 meum
559 1679 570 1700 ,
595 1657 726 1703 quem
755 1649 805 1684 tu
838 1653 926 1683 non
961 1634 1090 1680 nosti.
1118 1635 1258 1685 Quem
1284 1627 1471 1688 panem?

76 1722 194 1768 Audi
227 1718 490 1765 Dominum:
522 1735 541 1757 «
567 1717 665 1759 Non
691 1713 736 1756 in
759 1710 850 1756 solo
881 1722 993 1769 pane
1019 1703 1126 1749 vivit
1147 1702 1302 1753 homo,
1329 1696 1403 1742 sed
1426 1696 1472 1738 in

81 1812 102 1835 ³)
138 1791 257 1837 omni
290 1789 425 1833 verbo
449 1786 574 1831 Dei4.
599 1803 618 1825 n
650 1787 860 1828 Putas-ne
893 1776 1079 1822 verbum
1114 1771 1189 1817 Dei
1214 1768 1397 1829 panem?
1434 1765 1475 1810 Si

79 1879 169 1908 non
193 1870 303 1906 esset
325 1859 446 1919 panis
464 1856 658 1901 Verbum
682 1853 759 1897 Dei
781 1866 858 1910 per
880 1846 1000 1908 quod
1030 1843 1144 1889 faeta
1172 1849 1274 1885 sunt
1297 1837 1439 1882 onmia
1463 1870 1473 1889 ,

83 1950 174 1980 non
207 1932 372 1977 diceret
405 1949 413 1974 ι
450 1948 470 1971 «
502 1930 596 1986 Ego
626 1940 722 1969 sum
744 1922 868 1982 panis
889 1919 1012 1963 vivus
1030 1952 1040 1971 ‚
1067 1915 1143 1975 qui
1166 1911 1220 1956 de
1243 1908 1356 1955 coelo
1379 1907 1478 1951 des-

86 1998 109 2049 '»
144 2004 324 2050 cendi&
354 2020 374 2043 »
406 1998 597 2044 Didicisti
633 2011 736 2056 ergo
770 1992 878 2054 quid
908 1986 1171 2049 respondeas
1208 1980 1413 2028 tentatori
1435 1979 1480 2021 in

89 2075 285 2136 angustia
311 2071 450 2117 famis.

147 2148 250 2190 VII.
270 2142 402 2197 Quid,
420 2141 514 2185 site
537 2139 595 2182 sie
625 2145 788 2189 tentat,
816 2142 866 2177 ut
884 2130 1000 2176 dieat
1017 2127 1096 2172 tibi
1120 2146 1128 2170 ι
1154 2125 1195 2170 Si
1215 2120 1486 2168 Christianus

92 2232 202 2262 esses
219 2251 229 2270 ‚
257 2216 420 2258 faceres
441 2207 651 2254 miracula
672 2242 682 2263 ‚
709 2202 932 2266 quomodo
961 2200 1159 2243 fecerunt
1183 2192 1309 2239 multi
1339 2190 1487 2235 Chris-

94 2287 232 2333 tiani?
257 2288 321 2329 Tu
341 2288 429 2340 jam
452 2278 726 2340 suggestione
749 2276 860 2319 mala
884 2272 1091 2330 deeeptus
1107 2303 1116 2323 ‚
1134 2274 1322 2310 tentares
1344 2260 1489 2305 Domi-

96 2373 202 2403 num
217 2360 355 2400 Deum
374 2363 516 2406 tuum,
534 2359 584 2394 ut
603 2348 766 2392 diceres
788 2344 975 2390 Domino
995 2344 1082 2385 Deo
1096 2346 1244 2382 nostro
1262 2354 1270 2379 :
1290 2334 1330 2378 Si
1349 2332 1492 2377 Chrisr

98 2430 240 2473 tianus
262 2440 358 2470 sum
374 2459 385 2480 ,
407 2432 448 2466 et
471 2436 565 2465 sum
585 2429 684 2464 ante
702 2416 851 2462 oculos
874 2425 988 2467 tuos,
1014 2420 1057 2455 et
1076 2411 1123 2453 in
1140 2408 1286 2467 aliquo
1308 2417 1491 2448 numero

101 2510 280 2545 tuorum
301 2511 371 2541 me
393 2501 634 2553 computas,
653 2489 808 2534 faciam
825 2496 868 2531 et
885 2501 963 2544 ego
987 2479 1168 2542 aliquid,
1192 2476 1337 2538 qualia
1355 2473 1492 2518 multa

152 2603 160 2618 ¹
186 2607 198 2626 1
220 2596 292 2627 Cor.
316 2603 370 2631 xn,
390 2602 459 2633 7-9.
487 2605 529 2612 —-
555 2595 567 2609 ²
589 2587 607 2618 3
625 2589 703 2627 Reg.
725 2595 806 2623 xvn,
825 2583 857 2613 6.
880 2599 920 2604 -·
946 2578 1056 2611 3Psal.
1078 2587 1188 2615 xxxw,
1211 2574 1264 2605 525.
1286 2589 1325 2594 ν-
1342 2570 1355 2598 4
1372 2567 1493 2601 Marth.

105 2661 150 2689 lv,
170 2649 202 2691 4,
223 2654 254 2681 et
277 2651 368 2680 Dent.
387 2657 455 2681 vin,
482 2645 508 2675 3.
529 2659 561 2664 -
589 2640 602 2663 5
617 2644 694 2672 Joan
731 2651 772 2679 vi,
795 2638 848 2679 4¹·
