<?xml version="1.0" encoding="UTF-8"?>
<!DOCTYPE html PUBLIC "-//W3C//DTD XHTML 1.0 Transitional//EN"
    "http://www.w3.org/TR/xhtml1/DTD/xhtml1-transitional.dtd">
<html xmlns="http://www.w3.org/1999/xhtml" xml:lang="en" lang="en">
 <head>
  <title>
</title>
<meta http-equiv="Content-Type" content="text/html;charset=utf-8" />
  <meta name='ocr-system' content='tesseract 3.04.00' />
  <meta name='ocr-capabilities' content='ocr_page ocr_carea ocr_par ocr_line ocrx_word'/>
</head>
<body>
  <div class='ocr_page' id='page_1' title='image "./operaomniaaccura10auguuoft_0400.png"; bbox 0 0 1926 3339; ppageno 0'>
   <div class='ocr_carea' id='block_1_1' title="bbox 437 326 1393 364">
    <p class='ocr_par' dir='ltr' id='par_1_1' title="bbox 437 326 1393 364">
     <span class='ocr_line' id='line_1_1' title="bbox 437 326 1393 364; baseline -0.008 0"><span class='ocrx_word' id='word_1_1' title='bbox 437 326 520 364; x_wconf 74' lang='lat'>320</span> <span class='ocrx_word' id='word_1_2' title='bbox 877 331 910 360; x_wconf 89' lang='lat' dir='ltr'>S.</span> <span class='ocrx_word' id='word_1_3' title='bbox 947 331 1181 359; x_wconf 72' lang='lat' dir='ltr'>Aueusnm</span> <span class='ocrx_word' id='word_1_4' title='bbox 1212 331 1393 357; x_wconf 77' lang='lat' dir='ltr'>EPISCOPI</span> 
     </span>
    </p>
   </div>
   <div class='ocr_carea' id='block_1_2' title="bbox 435 392 1834 1092">
    <p class='ocr_par' dir='ltr' id='par_1_2' title="bbox 436 392 1826 527">
     <span class='ocr_line' id='line_1_2' title="bbox 436 392 1826 459; baseline -0.006 -13"><span class='ocrx_word' id='word_1_5' title='bbox 436 404 530 446; x_wconf 84' lang='lat' dir='ltr'>Hoe</span> <span class='ocrx_word' id='word_1_6' title='bbox 548 400 666 444; x_wconf 86' lang='lat' dir='ltr'>enirn</span> <span class='ocrx_word' id='word_1_7' title='bbox 688 400 884 459; x_wconf 84' lang='lat' dir='ltr'>sequitur</span> <span class='ocrx_word' id='word_1_8' title='bbox 904 416 913 442; x_wconf 90' lang='lat'><strong>:</strong></span> <span class='ocrx_word' id='word_1_9' title='bbox 943 416 963 440; x_wconf 90' lang='lat'>«</span> <span class='ocrx_word' id='word_1_10' title='bbox 987 394 1304 441; x_wconf 74' lang='lat' dir='ltr'>Verumtamen</span> <span class='ocrx_word' id='word_1_11' title='bbox 1326 393 1462 439; x_wconf 88' lang='lat' dir='ltr'>oculis</span> <span class='ocrx_word' id='word_1_12' title='bbox 1484 394 1570 438; x_wconf 86' lang='lat' dir='ltr'>tuis</span> <span class='ocrx_word' id='word_1_13' title='bbox 1587 392 1826 438; x_wconf 87' lang='lat' dir='ltr'>considera-</span> 
     </span>
     <span class='ocr_line' id='line_1_3' title="bbox 439 463 1591 527; baseline -0.006 -15"><span class='ocrx_word' id='word_1_14' title='bbox 439 489 460 512; x_wconf 91' lang='lat'>»</span> <span class='ocrx_word' id='word_1_15' title='bbox 496 471 579 525; x_wconf 88' lang='lat' dir='ltr'>bis,</span> <span class='ocrx_word' id='word_1_16' title='bbox 605 479 648 514; x_wconf 88' lang='lat' dir='ltr'>et</span> <span class='ocrx_word' id='word_1_17' title='bbox 670 469 1004 513; x_wconf 86' lang='lat' dir='ltr'>retributionem</span> <span class='ocrx_word' id='word_1_18' title='bbox 1026 476 1307 527; x_wconf 83' lang='lat' dir='ltr'>peccatorum</span> <span class='ocrx_word' id='word_1_19' title='bbox 1328 463 1495 509; x_wconf 89' lang='lat' dir='ltr'>videbis</span> <span class='ocrx_word' id='word_1_20' title='bbox 1518 465 1550 507; x_wconf 84' lang='lat'>1.</span> <span class='ocrx_word' id='word_1_21' title='bbox 1569 481 1591 504; x_wconf 89' lang='lat'>»</span> 
     </span>
    </p>

    <p class='ocr_par' dir='ltr' id='par_1_3' title="bbox 435 534 1834 1092">
     <span class='ocr_line' id='line_1_4' title="bbox 495 534 1830 597; baseline -0.006 -11"><span class='ocrx_word' id='word_1_22' title='bbox 495 545 577 586; x_wconf 86' lang='grc' dir='ltr'><strong>ΙΙΙ.</strong></span> <span class='ocrx_word' id='word_1_23' title='bbox 600 541 852 594; x_wconf 88' lang='lat' dir='ltr'>«Quoniam</span> <span class='ocrx_word' id='word_1_24' title='bbox 874 549 922 584; x_wconf 88' lang='lat' dir='ltr'>tu</span> <span class='ocrx_word' id='word_1_25' title='bbox 943 554 1003 593; x_wconf 85' lang='lat' dir='ltr'>es,</span> <span class='ocrx_word' id='word_1_26' title='bbox 1020 539 1219 593; x_wconf 81' lang='lat' dir='ltr'>Domine,</span> <span class='ocrx_word' id='word_1_27' title='bbox 1237 552 1332 597; x_wconf 87' lang='lat' dir='ltr'>spes</span> <span class='ocrx_word' id='word_1_28' title='bbox 1348 551 1460 592; x_wconf 86' lang='lat' dir='ltr'>mea,</span> <span class='ocrx_word' id='word_1_29' title='bbox 1479 534 1734 579; x_wconf 87' lang='lat' dir='ltr'>altissimum</span> <span class='ocrx_word' id='word_1_30' title='bbox 1749 549 1830 594; x_wconf 92' lang='lat' dir='ltr'>po-</span> 
     </span>
     <span class='ocr_line' id='line_1_5' title="bbox 443 605 1831 670; baseline -0.003 -15"><span class='ocrx_word' id='word_1_31' title='bbox 443 633 462 655; x_wconf 90' lang='lat'>»</span> <span class='ocrx_word' id='word_1_32' title='bbox 497 612 619 657; x_wconf 87' lang='lat' dir='ltr'>suisti</span> <span class='ocrx_word' id='word_1_33' title='bbox 642 611 861 670; x_wconf 73' lang='lat' dir='ltr'>retugium</span> <span class='ocrx_word' id='word_1_34' title='bbox 883 619 1026 653; x_wconf 87' lang='lat' dir='ltr'>tuum.</span> <span class='ocrx_word' id='word_1_35' title='bbox 1047 611 1146 655; x_wconf 90' lang='lat' dir='ltr'>Non</span> <span class='ocrx_word' id='word_1_36' title='bbox 1167 607 1376 653; x_wconf 89' lang='lat' dir='ltr'>accedent</span> <span class='ocrx_word' id='word_1_37' title='bbox 1397 607 1452 651; x_wconf 88' lang='lat' dir='ltr'>ad</span> <span class='ocrx_word' id='word_1_38' title='bbox 1471 616 1513 651; x_wconf 86' lang='lat' dir='ltr'>te</span> <span class='ocrx_word' id='word_1_39' title='bbox 1536 605 1667 652; x_wconf 88' lang='lat' dir='ltr'>mala.</span> <span class='ocrx_word' id='word_1_40' title='bbox 1696 625 1717 648; x_wconf 87' lang='lat'>»</span> <span class='ocrx_word' id='word_1_41' title='bbox 1741 609 1831 651; x_wconf 90' lang='lat' dir='ltr'>Do·-</span> 
     </span>
     <span class='ocr_line' id='line_1_6' title="bbox 439 678 1832 738; baseline -0.005 -10"><span class='ocrx_word' id='word_1_42' title='bbox 439 684 560 728; x_wconf 91' lang='lat' dir='ltr'>mino</span> <span class='ocrx_word' id='word_1_43' title='bbox 574 683 694 737; x_wconf 84' lang='lat' dir='ltr'>dicit,</span> <span class='ocrx_word' id='word_1_44' title='bbox 716 701 733 722; x_wconf 90' lang='lat'>«</span> <span class='ocrx_word' id='word_1_45' title='bbox 751 681 969 735; x_wconf 87' lang='lat' dir='ltr'>Quoniam</span> <span class='ocrx_word' id='word_1_46' title='bbox 984 690 1034 725; x_wconf 90' lang='lat' dir='ltr'>tu</span> <span class='ocrx_word' id='word_1_47' title='bbox 1046 696 1106 736; x_wconf 85' lang='lat' dir='ltr'>es,</span> <span class='ocrx_word' id='word_1_48' title='bbox 1121 680 1321 734; x_wconf 84' lang='lat' dir='ltr'>Domine,</span> <span class='ocrx_word' id='word_1_49' title='bbox 1342 694 1436 738; x_wconf 91' lang='lat' dir='ltr'>spes</span> <span class='ocrx_word' id='word_1_50' title='bbox 1451 694 1561 733; x_wconf 89' lang='lat' dir='ltr'>mea,</span> <span class='ocrx_word' id='word_1_51' title='bbox 1577 678 1832 722; x_wconf 79' lang='lat' dir='ltr'>altissimum</span> 
     </span>
     <span class='ocr_line' id='line_1_7' title="bbox 443 747 1832 812; baseline -0.002 -18"><span class='ocrx_word' id='word_1_52' title='bbox 443 771 464 794; x_wconf 90' lang='lat'>»</span> <span class='ocrx_word' id='word_1_53' title='bbox 500 752 680 812; x_wconf 82' lang='lat' dir='ltr'>posuisti</span> <span class='ocrx_word' id='word_1_54' title='bbox 704 750 923 809; x_wconf 86' lang='lat' dir='ltr'>refugium</span> <span class='ocrx_word' id='word_1_55' title='bbox 944 760 1086 795; x_wconf 88' lang='lat' dir='ltr'>tuum.</span> <span class='ocrx_word' id='word_1_56' title='bbox 1121 753 1220 796; x_wconf 89' lang='lat' dir='ltr'>Non</span> <span class='ocrx_word' id='word_1_57' title='bbox 1242 748 1450 793; x_wconf 85' lang='lat' dir='ltr'>accedent</span> <span class='ocrx_word' id='word_1_58' title='bbox 1471 747 1527 792; x_wconf 89' lang='lat' dir='ltr'>ad</span> <span class='ocrx_word' id='word_1_59' title='bbox 1552 757 1596 791; x_wconf 86' lang='lat' dir='ltr'>te</span> <span class='ocrx_word' id='word_1_60' title='bbox 1617 747 1729 792; x_wconf 87' lang='lat' dir='ltr'>mala</span> <span class='ocrx_word' id='word_1_61' title='bbox 1755 767 1764 792; x_wconf 76' lang='grc' dir='ltr'>ι</span> <span class='ocrx_word' id='word_1_62' title='bbox 1788 757 1832 792; x_wconf 86' lang='lat' dir='ltr'>et</span> 
     </span>
     <span class='ocr_line' id='line_1_8' title="bbox 442 817 1832 882; baseline -0.002 -17"><span class='ocrx_word' id='word_1_63' title='bbox 442 842 462 865; x_wconf 90' lang='lat'>»</span> <span class='ocrx_word' id='word_1_64' title='bbox 498 821 723 882; x_wconf 82' lang='lat' dir='ltr'>flagellum</span> <span class='ocrx_word' id='word_1_65' title='bbox 734 837 824 867; x_wconf 90' lang='lat' dir='ltr'>non</span> <span class='ocrx_word' id='word_1_66' title='bbox 838 818 1609 881; x_wconf 85' lang='lat' dir='ltr'>appropinquabittabernaculotuo.</span> <span class='ocrx_word' id='word_1_67' title='bbox 1630 817 1832 863; x_wconf 88' lang='lat' dir='ltr'>»Deinde</span> 
     </span>
     <span class='ocr_line' id='line_1_9' title="bbox 435 889 1834 954; baseline -0.004 -16"><span class='ocrx_word' id='word_1_68' title='bbox 435 895 526 954; x_wconf 85' lang='lat' dir='ltr'>jam</span> <span class='ocrx_word' id='word_1_69' title='bbox 560 893 718 948; x_wconf 86' lang='lat' dir='ltr'>verba,</span> <span class='ocrx_word' id='word_1_70' title='bbox 750 908 850 953; x_wconf 84' lang='lat' dir='ltr'>quae</span> <span class='ocrx_word' id='word_1_71' title='bbox 885 891 1063 936; x_wconf 87' lang='lat' dir='ltr'>audistis</span> <span class='ocrx_word' id='word_1_72' title='bbox 1090 889 1206 935; x_wconf 86' lang='lat' dir='ltr'>dicta</span> <span class='ocrx_word' id='word_1_73' title='bbox 1234 906 1258 934; x_wconf 93' lang='lat' dir='ltr'>a</span> <span class='ocrx_word' id='word_1_74' title='bbox 1286 889 1522 934; x_wconf 81' lang='lat' dir='ltr'>diabolo²:</span> <span class='ocrx_word' id='word_1_75' title='bbox 1563 908 1583 931; x_wconf 92' lang='lat'>«</span> <span class='ocrx_word' id='word_1_76' title='bbox 1617 889 1834 942; x_wconf 85' lang='lat' dir='ltr'>Quoniam</span> 
     </span>
     <span class='ocr_line' id='line_1_10' title="bbox 443 959 1834 1022; baseline -0.001 -17"><span class='ocrx_word' id='word_1_77' title='bbox 443 982 463 1005; x_wconf 91' lang='lat'>»</span> <span class='ocrx_word' id='word_1_78' title='bbox 498 962 674 1022; x_wconf 86' lang='lat' dir='ltr'>Angelis</span> <span class='ocrx_word' id='word_1_79' title='bbox 695 964 780 1007; x_wconf 89' lang='lat' dir='ltr'>suis</span> <span class='ocrx_word' id='word_1_80' title='bbox 804 961 1030 1007; x_wconf 87' lang='lat' dir='ltr'>mandavit</span> <span class='ocrx_word' id='word_1_81' title='bbox 1052 961 1106 1006; x_wconf 93' lang='lat' dir='ltr'>de</span> <span class='ocrx_word' id='word_1_82' title='bbox 1133 971 1176 1006; x_wconf 88' lang='lat' dir='ltr'>te</span> <span class='ocrx_word' id='word_1_83' title='bbox 1194 996 1205 1017; x_wconf 91' lang='lat'>,</span> <span class='ocrx_word' id='word_1_84' title='bbox 1234 970 1285 1005; x_wconf 90' lang='lat' dir='ltr'>ut</span> <span class='ocrx_word' id='word_1_85' title='bbox 1312 959 1562 1005; x_wconf 85' lang='lat' dir='ltr'>custodiant</span> <span class='ocrx_word' id='word_1_86' title='bbox 1594 969 1638 1004; x_wconf 88' lang='lat' dir='ltr'>te</span> <span class='ocrx_word' id='word_1_87' title='bbox 1666 960 1714 1004; x_wconf 90' lang='lat' dir='ltr'>in</span> <span class='ocrx_word' id='word_1_88' title='bbox 1739 974 1834 1004; x_wconf 90' lang='lat' dir='ltr'>om-</span> 
     </span>
     <span class='ocr_line' id='line_1_11' title="bbox 443 1030 1834 1092; baseline -0.001 -16"><span class='ocrx_word' id='word_1_89' title='bbox 443 1052 464 1076; x_wconf 89' lang='lat'>»</span> <span class='ocrx_word' id='word_1_90' title='bbox 494 1034 624 1079; x_wconf 88' lang='lat' dir='ltr'>nibus</span> <span class='ocrx_word' id='word_1_91' title='bbox 667 1034 746 1079; x_wconf 88' lang='lat' dir='ltr'>viis</span> <span class='ocrx_word' id='word_1_92' title='bbox 787 1033 889 1078; x_wconf 84' lang='lat' dir='ltr'>tuis.</span> <span class='ocrx_word' id='word_1_93' title='bbox 938 1037 990 1077; x_wconf 88' lang='lat' dir='ltr'>In</span> <span class='ocrx_word' id='word_1_94' title='bbox 1031 1032 1233 1077; x_wconf 88' lang='lat' dir='ltr'>manibus</span> <span class='ocrx_word' id='word_1_95' title='bbox 1267 1031 1424 1077; x_wconf 86' lang='lat' dir='ltr'>tollent</span> <span class='ocrx_word' id='word_1_96' title='bbox 1458 1041 1525 1088; x_wconf 88' lang='lat' dir='ltr'>te,</span> <span class='ocrx_word' id='word_1_97' title='bbox 1565 1046 1621 1076; x_wconf 90' lang='lat' dir='ltr'>ne</span> <span class='ocrx_word' id='word_1_98' title='bbox 1655 1030 1834 1092; x_wconf 87' lang='lat' dir='ltr'>quando</span> 
     </span>
    </p>
   </div>
   <div class='ocr_carea' id='block_1_3' title="bbox 0 0 1920 311">
    <p class='ocr_par' dir='ltr' id='par_1_4' title="bbox 0 0 1920 311">
     <span class='ocr_line' id='line_1_12' title="bbox 0 0 1920 311; baseline 0 3028"><span class='ocrx_word' id='word_1_99' title='bbox 0 0 1920 311; x_wconf 95' lang='lat' dir='ltr'> </span> 
     </span>
    </p>
   </div>
   <div class='ocr_carea' id='block_1_4' title="bbox 1883 157 1890 483">
    <p class='ocr_par' dir='ltr' id='par_1_5' title="bbox 1883 157 1890 483">
     <span class='ocr_line' id='line_1_13' title="bbox 1883 157 1888 266; baseline 0 0"><span class='ocrx_word' id='word_1_100' title='bbox 1883 157 1888 266; x_wconf 71' lang='grc' dir='ltr'>ἒ</span> 
     </span>
     <span class='ocr_line' id='line_1_14' title="bbox 1885 300 1888 373; baseline 0 -12"><span class='ocrx_word' id='word_1_101' title='bbox 1885 300 1888 373; x_wconf 65' lang='lat' dir='ltr'>i</span> 
     </span>
     <span class='ocr_line' id='line_1_15' title="bbox 1885 375 1890 483; baseline 0 0"><span class='ocrx_word' id='word_1_102' title='bbox 1885 375 1890 483; x_wconf 73' lang='grc' dir='ltr'><strong>ἱ</strong></span> 
     </span>
    </p>
   </div>
   <div class='ocr_carea' id='block_1_5' title="bbox 444 1102 1896 1165">
    <p class='ocr_par' dir='ltr' id='par_1_6' title="bbox 444 1102 1896 1165">
     <span class='ocr_line' id='line_1_16' title="bbox 444 1102 1896 1165; baseline -0.001 -18"><span class='ocrx_word' id='word_1_103' title='bbox 444 1124 465 1147; x_wconf 86' lang='lat'>»</span> <span class='ocrx_word' id='word_1_104' title='bbox 500 1105 698 1150; x_wconf 80' lang='lat' dir='ltr'>offendas</span> <span class='ocrx_word' id='word_1_105' title='bbox 721 1105 776 1149; x_wconf 89' lang='lat' dir='ltr'>ad</span> <span class='ocrx_word' id='word_1_106' title='bbox 797 1104 989 1165; x_wconf 89' lang='lat' dir='ltr'>lapidem</span> <span class='ocrx_word' id='word_1_107' title='bbox 1014 1104 1169 1164; x_wconf 87' lang='lat' dir='ltr'>pedem</span> <span class='ocrx_word' id='word_1_108' title='bbox 1197 1103 1490 1148; x_wconf 64' lang='lat' dir='ltr'>tuumss.»Cui</span> <span class='ocrx_word' id='word_1_109' title='bbox 1512 1103 1596 1148; x_wconf 88' lang='lat' dir='ltr'>hoe</span> <span class='ocrx_word' id='word_1_110' title='bbox 1613 1102 1836 1148; x_wconf 80' lang='lat' dir='ltr'>dicit?Cui</span> <span class='ocrx_word' id='word_1_111' title='bbox 1892 1123 1896 1160; x_wconf 58' lang='lat' dir='ltr'>g</span> 
     </span>
    </p>
   </div>
   <div class='ocr_carea' id='block_1_6' title="bbox 442 1169 1907 1235">
    <p class='ocr_par' dir='ltr' id='par_1_7' title="bbox 442 1169 1907 1235">
     <span class='ocr_line' id='line_1_17' title="bbox 442 1169 1907 1235; baseline -0.003 -13"><span class='ocrx_word' id='word_1_112' title='bbox 442 1178 548 1222; x_wconf 75' lang='lat' dir='ltr'>dixit</span> <span class='ocrx_word' id='word_1_113' title='bbox 571 1198 580 1222; x_wconf 79' lang='lat'>2</span> <span class='ocrx_word' id='word_1_114' title='bbox 602 1178 855 1230; x_wconf 83' lang='lat' dir='ltr'>«Quoniam</span> <span class='ocrx_word' id='word_1_115' title='bbox 869 1186 917 1220; x_wconf 89' lang='lat' dir='ltr'>tu</span> <span class='ocrx_word' id='word_1_116' title='bbox 931 1191 990 1231; x_wconf 87' lang='lat' dir='ltr'>es,</span> <span class='ocrx_word' id='word_1_117' title='bbox 1006 1176 1206 1231; x_wconf 82' lang='lat' dir='ltr'>Domine,</span> <span class='ocrx_word' id='word_1_118' title='bbox 1227 1190 1321 1235; x_wconf 86' lang='lat' dir='ltr'>spes</span> <span class='ocrx_word' id='word_1_119' title='bbox 1335 1190 1444 1219; x_wconf 77' lang='lat' dir='ltr'>mea.</span> <span class='ocrx_word' id='word_1_120' title='bbox 1469 1193 1488 1216; x_wconf 86' lang='lat'>»</span> <span class='ocrx_word' id='word_1_121' title='bbox 1510 1178 1535 1219; x_wconf 87' lang='lat' dir='ltr'>J</span> <span class='ocrx_word' id='word_1_122' title='bbox 1539 1190 1606 1219; x_wconf 85' lang='lat' dir='ltr'>am</span> <span class='ocrx_word' id='word_1_123' title='bbox 1620 1183 1730 1234; x_wconf 90' lang='lat' dir='ltr'>puto</span> <span class='ocrx_word' id='word_1_124' title='bbox 1747 1189 1837 1218; x_wconf 91' lang='lat' dir='ltr'>non</span> <span class='ocrx_word' id='word_1_125' title='bbox 1894 1169 1907 1224; x_wconf 69' lang='grc' dir='ltr'>ξ’</span> 
     </span>
    </p>
   </div>
   <div class='ocr_carea' id='block_1_7' title="bbox 443 1246 1897 1308">
    <p class='ocr_par' dir='ltr' id='par_1_8' title="bbox 443 1246 1897 1308">
     <span class='ocr_line' id='line_1_18' title="bbox 443 1246 1897 1308; baseline -0.003 -15"><span class='ocrx_word' id='word_1_126' title='bbox 443 1264 532 1293; x_wconf 88' lang='grc'>6336</span> <span class='ocrx_word' id='word_1_127' title='bbox 555 1248 863 1308; x_wconf 77' lang='lat' dir='ltr'>exponendum</span> <span class='ocrx_word' id='word_1_128' title='bbox 900 1247 1153 1292; x_wconf 86' lang='lat' dir='ltr'>Christianis</span> <span class='ocrx_word' id='word_1_129' title='bbox 1175 1247 1271 1307; x_wconf 85' lang='lat' dir='ltr'>quis</span> <span class='ocrx_word' id='word_1_130' title='bbox 1294 1247 1348 1291; x_wconf 86' lang='lat' dir='ltr'>sit</span> <span class='ocrx_word' id='word_1_131' title='bbox 1376 1246 1601 1291; x_wconf 85' lang='lat' dir='ltr'>Dominus.</span> <span class='ocrx_word' id='word_1_132' title='bbox 1630 1247 1673 1291; x_wconf 91' lang='lat' dir='ltr'>Si</span> <span class='ocrx_word' id='word_1_133' title='bbox 1699 1249 1837 1290; x_wconf 90' lang='lat' dir='ltr'>Deum</span> <span class='ocrx_word' id='word_1_134' title='bbox 1894 1261 1897 1288; x_wconf 72' lang='grc' dir='ltr'><em>ς</em></span> 
     </span>
    </p>
   </div>
   <div class='ocr_carea' id='block_1_8' title="bbox 443 1315 1841 2155">
    <p class='ocr_par' dir='ltr' id='par_1_9' title="bbox 443 1315 1841 2155">
     <span class='ocr_line' id='line_1_19' title="bbox 444 1315 1839 1378; baseline -0.002 -15"><span class='ocrx_word' id='word_1_135' title='bbox 444 1323 616 1364; x_wconf 81' lang='lat' dir='ltr'>Patrem</span> <span class='ocrx_word' id='word_1_136' title='bbox 639 1318 911 1378; x_wconf 76' lang='lat' dir='ltr'>intelligunt,</span> <span class='ocrx_word' id='word_1_137' title='bbox 927 1317 1151 1378; x_wconf 90' lang='lat' dir='ltr'>quomodo</span> <span class='ocrx_word' id='word_1_138' title='bbox 1173 1317 1299 1361; x_wconf 91' lang='lat' dir='ltr'>illum</span> <span class='ocrx_word' id='word_1_139' title='bbox 1323 1316 1478 1361; x_wconf 88' lang='lat' dir='ltr'>tollent</span> <span class='ocrx_word' id='word_1_140' title='bbox 1502 1315 1656 1376; x_wconf 84' lang='lat' dir='ltr'>Angeli</span> <span class='ocrx_word' id='word_1_141' title='bbox 1678 1317 1724 1360; x_wconf 91' lang='lat' dir='ltr'>in</span> <span class='ocrx_word' id='word_1_142' title='bbox 1745 1331 1839 1360; x_wconf 90' lang='lat' dir='ltr'>ma-</span> 
     </span>
     <span class='ocr_line' id='line_1_20' title="bbox 443 1387 1837 1448; baseline -0.001 -15"><span class='ocrx_word' id='word_1_143' title='bbox 443 1390 596 1445; x_wconf 89' lang='lat' dir='ltr'>nibus,</span> <span class='ocrx_word' id='word_1_144' title='bbox 637 1405 693 1433; x_wconf 89' lang='lat' dir='ltr'>ne</span> <span class='ocrx_word' id='word_1_145' title='bbox 736 1387 933 1433; x_wconf 87' lang='lat' dir='ltr'>offendat</span> <span class='ocrx_word' id='word_1_146' title='bbox 975 1387 1030 1432; x_wconf 85' lang='lat' dir='ltr'>ad</span> <span class='ocrx_word' id='word_1_147' title='bbox 1065 1387 1256 1448; x_wconf 87' lang='lat' dir='ltr'>lapidem</span> <span class='ocrx_word' id='word_1_148' title='bbox 1291 1387 1448 1448; x_wconf 89' lang='lat' dir='ltr'>pedem</span> <span class='ocrx_word' id='word_1_149' title='bbox 1482 1389 1635 1432; x_wconf 77' lang='lat' dir='ltr'>suum?</span> <span class='ocrx_word' id='word_1_150' title='bbox 1671 1387 1837 1432; x_wconf 87' lang='lat' dir='ltr'>Videtis</span> 
     </span>
     <span class='ocr_line' id='line_1_21' title="bbox 444 1457 1837 1521; baseline -0.002 -16"><span class='ocrx_word' id='word_1_151' title='bbox 444 1476 545 1519; x_wconf 81' lang='lat' dir='ltr'>ergo</span> <span class='ocrx_word' id='word_1_152' title='bbox 573 1461 677 1521; x_wconf 86' lang='lat' dir='ltr'>quia</span> <span class='ocrx_word' id='word_1_153' title='bbox 699 1470 742 1505; x_wconf 86' lang='lat' dir='ltr'>et</span> <span class='ocrx_word' id='word_1_154' title='bbox 764 1460 962 1506; x_wconf 86' lang='lat' dir='ltr'>Christus</span> <span class='ocrx_word' id='word_1_155' title='bbox 985 1460 1220 1515; x_wconf 87' lang='lat' dir='ltr'>Dominus,</span> <span class='ocrx_word' id='word_1_156' title='bbox 1257 1457 1364 1503; x_wconf 90' lang='lat' dir='ltr'>dum</span> <span class='ocrx_word' id='word_1_157' title='bbox 1383 1458 1640 1519; x_wconf 86' lang='lat' dir='ltr'>loqueretur</span> <span class='ocrx_word' id='word_1_158' title='bbox 1661 1457 1717 1503; x_wconf 91' lang='lat' dir='ltr'>de</span> <span class='ocrx_word' id='word_1_159' title='bbox 1737 1474 1837 1503; x_wconf 86' lang='lat' dir='ltr'>eor-</span> 
     </span>
     <span class='ocr_line' id='line_1_22' title="bbox 443 1528 1837 1592; baseline -0.003 -16"><span class='ocrx_word' id='word_1_160' title='bbox 443 1547 549 1592; x_wconf 84' lang='lat' dir='ltr'>pore</span> <span class='ocrx_word' id='word_1_161' title='bbox 564 1567 575 1587; x_wconf 89' lang='lat'>,</span> <span class='ocrx_word' id='word_1_162' title='bbox 601 1531 746 1575; x_wconf 87' lang='lat' dir='ltr'>subito</span> <span class='ocrx_word' id='word_1_163' title='bbox 765 1531 901 1590; x_wconf 82' lang='lat' dir='ltr'>eoepit</span> <span class='ocrx_word' id='word_1_164' title='bbox 914 1530 1037 1590; x_wconf 86' lang='lat' dir='ltr'>loqui</span> <span class='ocrx_word' id='word_1_165' title='bbox 1058 1529 1113 1574; x_wconf 89' lang='lat' dir='ltr'>de</span> <span class='ocrx_word' id='word_1_166' title='bbox 1130 1529 1285 1589; x_wconf 85' lang='lat' dir='ltr'>eapite.</span> <span class='ocrx_word' id='word_1_167' title='bbox 1308 1531 1452 1589; x_wconf 89' lang='lat' dir='ltr'>Caput</span> <span class='ocrx_word' id='word_1_168' title='bbox 1469 1539 1668 1574; x_wconf 90' lang='lat' dir='ltr'>nostrum</span> <span class='ocrx_word' id='word_1_169' title='bbox 1685 1528 1837 1589; x_wconf 89' lang='lat' dir='ltr'>appel-</span> 
     </span>
     <span class='ocr_line' id='line_1_23' title="bbox 444 1600 1835 1656; baseline -0.003 -9"><span class='ocrx_word' id='word_1_170' title='bbox 444 1603 583 1647; x_wconf 82' lang='lat' dir='ltr'>latum</span> <span class='ocrx_word' id='word_1_171' title='bbox 599 1611 664 1646; x_wconf 88' lang='lat' dir='ltr'>est</span> <span class='ocrx_word' id='word_1_172' title='bbox 680 1601 830 1656; x_wconf 82' lang='lat' dir='ltr'>modo,</span> <span class='ocrx_word' id='word_1_173' title='bbox 850 1616 951 1645; x_wconf 86' lang='lat' dir='ltr'>eum</span> <span class='ocrx_word' id='word_1_174' title='bbox 968 1600 1186 1645; x_wconf 82' lang='lat' dir='ltr'>diceretur</span> <span class='ocrx_word' id='word_1_175' title='bbox 1203 1620 1212 1644; x_wconf 75' lang='grc' dir='ltr'>ε</span> <span class='ocrx_word' id='word_1_176' title='bbox 1233 1600 1476 1654; x_wconf 86' lang='lat' dir='ltr'>«Quoniam</span> <span class='ocrx_word' id='word_1_177' title='bbox 1490 1609 1540 1644; x_wconf 90' lang='lat' dir='ltr'>tu</span> <span class='ocrx_word' id='word_1_178' title='bbox 1557 1616 1600 1644; x_wconf 90' lang='lat' dir='ltr'>es</span> <span class='ocrx_word' id='word_1_179' title='bbox 1618 1600 1835 1656; x_wconf 84' lang='lat' dir='ltr'>,Domine,</span> 
     </span>
     <span class='ocr_line' id='line_1_24' title="bbox 448 1669 1838 1733; baseline 0 -18"><span class='ocrx_word' id='word_1_180' title='bbox 448 1692 468 1716; x_wconf 88' lang='lat'>»</span> <span class='ocrx_word' id='word_1_181' title='bbox 504 1689 598 1733; x_wconf 84' lang='lat' dir='ltr'>spes</span> <span class='ocrx_word' id='word_1_182' title='bbox 633 1688 751 1728; x_wconf 88' lang='lat' dir='ltr'>mea,</span> <span class='ocrx_word' id='word_1_183' title='bbox 790 1672 1047 1716; x_wconf 86' lang='lat' dir='ltr'>altissimum</span> <span class='ocrx_word' id='word_1_184' title='bbox 1079 1671 1261 1731; x_wconf 85' lang='lat' dir='ltr'>posuisti</span> <span class='ocrx_word' id='word_1_185' title='bbox 1293 1671 1516 1731; x_wconf 80' lang='lat' dir='ltr'>refugium</span> <span class='ocrx_word' id='word_1_186' title='bbox 1550 1681 1692 1715; x_wconf 90' lang='lat' dir='ltr'>tuum.</span> <span class='ocrx_word' id='word_1_187' title='bbox 1732 1669 1838 1715; x_wconf 90' lang='lat' dir='ltr'>Ideo</span> 
     </span>
     <span class='ocr_line' id='line_1_25' title="bbox 449 1741 1835 1803; baseline 0 -18"><span class='ocrx_word' id='word_1_188' title='bbox 449 1763 468 1786; x_wconf 87' lang='lat'>»</span> <span class='ocrx_word' id='word_1_189' title='bbox 505 1743 685 1803; x_wconf 81' lang='lat' dir='ltr'>posuisti</span> <span class='ocrx_word' id='word_1_190' title='bbox 716 1742 973 1788; x_wconf 86' lang='lat' dir='ltr'>altissimum</span> <span class='ocrx_word' id='word_1_191' title='bbox 1008 1741 1227 1800; x_wconf 84' lang='lat' dir='ltr'>refugium</span> <span class='ocrx_word' id='word_1_192' title='bbox 1256 1750 1405 1796; x_wconf 89' lang='lat' dir='ltr'>tuum,</span> <span class='ocrx_word' id='word_1_193' title='bbox 1437 1742 1648 1801; x_wconf 90' lang='lat' dir='ltr'>quoniam</span> <span class='ocrx_word' id='word_1_194' title='bbox 1682 1750 1733 1786; x_wconf 86' lang='lat' dir='ltr'>tu</span> <span class='ocrx_word' id='word_1_195' title='bbox 1765 1756 1835 1797; x_wconf 90' lang='lat' dir='ltr'>es,</span> 
     </span>
     <span class='ocr_line' id='line_1_26' title="bbox 450 1811 1839 1873; baseline 0 -17"><span class='ocrx_word' id='word_1_196' title='bbox 450 1834 469 1856; x_wconf 88' lang='lat'>»</span> <span class='ocrx_word' id='word_1_197' title='bbox 504 1815 704 1868; x_wconf 80' lang='lat' dir='ltr'>Domine,</span> <span class='ocrx_word' id='word_1_198' title='bbox 726 1828 821 1873; x_wconf 90' lang='lat' dir='ltr'>spes</span> <span class='ocrx_word' id='word_1_199' title='bbox 843 1828 985 1856; x_wconf 88' lang='lat' dir='ltr'>mea.»</span> <span class='ocrx_word' id='word_1_200' title='bbox 1003 1811 1120 1865; x_wconf 89' lang='lat' dir='ltr'>Quid</span> <span class='ocrx_word' id='word_1_201' title='bbox 1141 1811 1227 1856; x_wconf 86' lang='lat' dir='ltr'>sibi</span> <span class='ocrx_word' id='word_1_202' title='bbox 1247 1812 1332 1856; x_wconf 88' lang='lat' dir='ltr'>hoe</span> <span class='ocrx_word' id='word_1_203' title='bbox 1350 1812 1472 1856; x_wconf 80' lang='lat' dir='ltr'>vult?</span> <span class='ocrx_word' id='word_1_204' title='bbox 1493 1812 1705 1858; x_wconf 83' lang='lat' dir='ltr'>Attendat</span> <span class='ocrx_word' id='word_1_205' title='bbox 1720 1813 1839 1857; x_wconf 88' lang='lat' dir='ltr'>Cha-</span> 
     </span>
     <span class='ocr_line' id='line_1_27' title="bbox 447 1883 1838 1943; baseline -0.001 -15"><span class='ocrx_word' id='word_1_206' title='bbox 447 1886 548 1929; x_wconf 82' lang='lat' dir='ltr'>ritas</span> <span class='ocrx_word' id='word_1_207' title='bbox 570 1887 724 1928; x_wconf 86' lang='lat' dir='ltr'>Vestra</span> <span class='ocrx_word' id='word_1_208' title='bbox 744 1903 753 1929; x_wconf 90' lang='lat'>:</span> <span class='ocrx_word' id='word_1_209' title='bbox 777 1903 797 1925; x_wconf 91' lang='lat'>«</span> <span class='ocrx_word' id='word_1_210' title='bbox 815 1883 1033 1937; x_wconf 90' lang='lat' dir='ltr'>Quoniam</span> <span class='ocrx_word' id='word_1_211' title='bbox 1055 1893 1104 1927; x_wconf 86' lang='lat' dir='ltr'>tu</span> <span class='ocrx_word' id='word_1_212' title='bbox 1128 1898 1188 1938; x_wconf 91' lang='lat' dir='ltr'>es,</span> <span class='ocrx_word' id='word_1_213' title='bbox 1206 1883 1408 1940; x_wconf 88' lang='lat' dir='ltr'>Domine,</span> <span class='ocrx_word' id='word_1_214' title='bbox 1434 1899 1529 1943; x_wconf 87' lang='lat' dir='ltr'>spes</span> <span class='ocrx_word' id='word_1_215' title='bbox 1543 1899 1663 1942; x_wconf 68' lang='lat' dir='ltr'>mea,</span> <span class='ocrx_word' id='word_1_216' title='bbox 1683 1883 1838 1928; x_wconf 88' lang='lat' dir='ltr'>altissi-</span> 
     </span>
     <span class='ocr_line' id='line_1_28' title="bbox 450 1954 1839 2015; baseline 0.001 -18"><span class='ocrx_word' id='word_1_217' title='bbox 450 1974 470 1997; x_wconf 90' lang='lat'>»</span> <span class='ocrx_word' id='word_1_218' title='bbox 506 1971 629 1999; x_wconf 86' lang='lat' dir='ltr'>mum</span> <span class='ocrx_word' id='word_1_219' title='bbox 663 1954 845 2015; x_wconf 81' lang='lat' dir='ltr'>posuisti</span> <span class='ocrx_word' id='word_1_220' title='bbox 868 1954 1085 2012; x_wconf 88' lang='lat' dir='ltr'>refugium</span> <span class='ocrx_word' id='word_1_221' title='bbox 1110 1963 1253 1998; x_wconf 92' lang='lat' dir='ltr'>tuum.</span> <span class='ocrx_word' id='word_1_222' title='bbox 1293 1972 1313 1995; x_wconf 65' lang='lat'>³)</span> <span class='ocrx_word' id='word_1_223' title='bbox 1350 1956 1446 1998; x_wconf 86' lang='lat' dir='ltr'>Jam</span> <span class='ocrx_word' id='word_1_224' title='bbox 1477 1969 1567 1998; x_wconf 88' lang='lat' dir='ltr'>non</span> <span class='ocrx_word' id='word_1_225' title='bbox 1591 1963 1655 1998; x_wconf 88' lang='lat' dir='ltr'>est</span> <span class='ocrx_word' id='word_1_226' title='bbox 1676 1954 1839 1998; x_wconf 84' lang='lat' dir='ltr'>miran-</span> 
     </span>
     <span class='ocr_line' id='line_1_29' title="bbox 448 2024 1839 2085; baseline -0.001 -16"><span class='ocrx_word' id='word_1_227' title='bbox 448 2025 587 2070; x_wconf 90' lang='lat' dir='ltr'>dum:</span> <span class='ocrx_word' id='word_1_228' title='bbox 611 2034 840 2085; x_wconf 88' lang='lat' dir='ltr'>propterea</span> <span class='ocrx_word' id='word_1_229' title='bbox 874 2024 991 2068; x_wconf 90' lang='lat' dir='ltr'>enim</span> <span class='ocrx_word' id='word_1_230' title='bbox 1024 2024 1243 2084; x_wconf 81' lang='lat' dir='ltr'>sequitur,</span> <span class='ocrx_word' id='word_1_231' title='bbox 1285 2043 1305 2066; x_wconf 90' lang='lat'>«</span> <span class='ocrx_word' id='word_1_232' title='bbox 1341 2026 1440 2070; x_wconf 91' lang='lat' dir='ltr'>Non</span> <span class='ocrx_word' id='word_1_233' title='bbox 1472 2024 1682 2069; x_wconf 82' lang='lat' dir='ltr'>accedent</span> <span class='ocrx_word' id='word_1_234' title='bbox 1707 2025 1764 2069; x_wconf 92' lang='lat' dir='ltr'>ad</span> <span class='ocrx_word' id='word_1_235' title='bbox 1795 2033 1839 2068; x_wconf 87' lang='lat' dir='ltr'>te</span> 
     </span>
     <span class='ocr_line' id='line_1_30' title="bbox 452 2093 1841 2155; baseline 0.001 -18"><span class='ocrx_word' id='word_1_236' title='bbox 452 2114 471 2138; x_wconf 91' lang='lat'>»</span> <span class='ocrx_word' id='word_1_237' title='bbox 507 2096 644 2151; x_wconf 88' lang='lat' dir='ltr'>mala,</span> <span class='ocrx_word' id='word_1_238' title='bbox 680 2096 782 2155; x_wconf 90' lang='lat' dir='ltr'>quia</span> <span class='ocrx_word' id='word_1_239' title='bbox 825 2094 1080 2139; x_wconf 82' lang='lat' dir='ltr'>altissimum</span> <span class='ocrx_word' id='word_1_240' title='bbox 1127 2094 1309 2155; x_wconf 87' lang='lat' dir='ltr'>posuisti</span> <span class='ocrx_word' id='word_1_241' title='bbox 1348 2093 1568 2153; x_wconf 83' lang='lat' dir='ltr'>refugium</span> <span class='ocrx_word' id='word_1_242' title='bbox 1608 2103 1770 2140; x_wconf 86' lang='lat' dir='ltr'>tuum:</span> <span class='ocrx_word' id='word_1_243' title='bbox 1796 2103 1841 2139; x_wconf 84' lang='lat' dir='ltr'>et</span> 
     </span>
    </p>
   </div>
   <div class='ocr_carea' id='block_1_9' title="bbox 453 2165 1902 2227">
    <p class='ocr_par' dir='ltr' id='par_1_10' title="bbox 453 2165 1902 2227">
     <span class='ocr_line' id='line_1_31' title="bbox 453 2165 1902 2227; baseline 0 -20"><span class='ocrx_word' id='word_1_244' title='bbox 453 2187 470 2208; x_wconf 88' lang='lat'>»</span> <span class='ocrx_word' id='word_1_245' title='bbox 507 2166 729 2225; x_wconf 79' lang='lat' dir='ltr'>flagellum</span> <span class='ocrx_word' id='word_1_246' title='bbox 761 2181 851 2211; x_wconf 91' lang='lat' dir='ltr'>non</span> <span class='ocrx_word' id='word_1_247' title='bbox 884 2166 1255 2226; x_wconf 84' lang='lat' dir='ltr'>appropinquabit</span> <span class='ocrx_word' id='word_1_248' title='bbox 1284 2165 1567 2210; x_wconf 85' lang='lat' dir='ltr'>tabernaculo</span> <span class='ocrx_word' id='word_1_249' title='bbox 1596 2175 1701 2223; x_wconf 86' lang='lat' dir='ltr'>tuo,</span> <span class='ocrx_word' id='word_1_250' title='bbox 1736 2166 1838 2227; x_wconf 91' lang='lat' dir='ltr'>quia</span> <span class='ocrx_word' id='word_1_251' title='bbox 1899 2183 1902 2207; x_wconf 76' lang='lat' dir='ltr'><em>z</em></span> 
     </span>
    </p>
   </div>
   <div class='ocr_carea' id='block_1_10' title="bbox 448 2234 1840 2366">
    <p class='ocr_par' dir='ltr' id='par_1_11' title="bbox 448 2234 1840 2366">
     <span class='ocr_line' id='line_1_32' title="bbox 451 2234 1840 2296; baseline 0.002 -19"><span class='ocrx_word' id='word_1_252' title='bbox 451 2254 472 2277; x_wconf 85' lang='lat'>»</span> <span class='ocrx_word' id='word_1_253' title='bbox 509 2236 765 2280; x_wconf 84' lang='lat' dir='ltr'>altissimum</span> <span class='ocrx_word' id='word_1_254' title='bbox 787 2236 969 2295; x_wconf 86' lang='lat' dir='ltr'>posuisti</span> <span class='ocrx_word' id='word_1_255' title='bbox 989 2234 1207 2294; x_wconf 76' lang='lat' dir='ltr'>refugium</span> <span class='ocrx_word' id='word_1_256' title='bbox 1230 2245 1372 2280; x_wconf 87' lang='lat' dir='ltr'>tuum.</span> <span class='ocrx_word' id='word_1_257' title='bbox 1402 2254 1421 2277; x_wconf 72' lang='grc' dir='ltr'>υ</span> <span class='ocrx_word' id='word_1_258' title='bbox 1447 2239 1545 2281; x_wconf 89' lang='lat' dir='ltr'>Non</span> <span class='ocrx_word' id='word_1_259' title='bbox 1568 2246 1714 2281; x_wconf 86' lang='lat' dir='ltr'>autem</span> <span class='ocrx_word' id='word_1_260' title='bbox 1734 2236 1840 2296; x_wconf 84' lang='lat' dir='ltr'>legi-</span> 
     </span>
     <span class='ocr_line' id='line_1_33' title="bbox 448 2305 1840 2366; baseline 0.001 -16"><span class='ocrx_word' id='word_1_261' title='bbox 448 2322 546 2351; x_wconf 89' lang='lat' dir='ltr'>mus</span> <span class='ocrx_word' id='word_1_262' title='bbox 567 2308 611 2350; x_wconf 91' lang='lat' dir='ltr'>in</span> <span class='ocrx_word' id='word_1_263' title='bbox 630 2306 889 2365; x_wconf 83' lang='lat' dir='ltr'>Evangelio,</span> <span class='ocrx_word' id='word_1_264' title='bbox 914 2306 1016 2366; x_wconf 86' lang='lat' dir='ltr'>quia</span> <span class='ocrx_word' id='word_1_265' title='bbox 1039 2305 1199 2350; x_wconf 87' lang='lat' dir='ltr'>alicubi</span> <span class='ocrx_word' id='word_1_266' title='bbox 1216 2306 1373 2365; x_wconf 83' lang='lat' dir='ltr'>Angeli</span> <span class='ocrx_word' id='word_1_267' title='bbox 1392 2316 1677 2366; x_wconf 77' lang='lat' dir='ltr'>portaverunt</span> <span class='ocrx_word' id='word_1_268' title='bbox 1694 2309 1840 2352; x_wconf 88' lang='lat' dir='ltr'>Domi-</span> 
     </span>
    </p>
   </div>
   <div class='ocr_carea' id='block_1_11' title="bbox 449 2360 1903 2437">
    <p class='ocr_par' dir='ltr' id='par_1_12' title="bbox 449 2360 1903 2437">
     <span class='ocr_line' id='line_1_34' title="bbox 449 2360 1903 2437; baseline 0.001 -17"><span class='ocrx_word' id='word_1_269' title='bbox 449 2392 578 2432; x_wconf 88' lang='lat' dir='ltr'>num,</span> <span class='ocrx_word' id='word_1_270' title='bbox 610 2392 666 2420; x_wconf 88' lang='lat' dir='ltr'>ne</span> <span class='ocrx_word' id='word_1_271' title='bbox 697 2376 940 2420; x_wconf 82' lang='lat' dir='ltr'>offenderet</span> <span class='ocrx_word' id='word_1_272' title='bbox 963 2375 1018 2420; x_wconf 88' lang='lat' dir='ltr'>ad</span> <span class='ocrx_word' id='word_1_273' title='bbox 1050 2376 1327 2435; x_wconf 78' lang='lat' dir='ltr'>lapidemzet</span> <span class='ocrx_word' id='word_1_274' title='bbox 1359 2386 1507 2421; x_wconf 84' lang='lat' dir='ltr'>tamen</span> <span class='ocrx_word' id='word_1_275' title='bbox 1536 2377 1834 2437; x_wconf 87' lang='lat' dir='ltr'>intelligimus.</span> <span class='ocrx_word' id='word_1_276' title='bbox 1900 2360 1903 2411; x_wconf 59' lang='lat' dir='ltr'>i</span> 
     </span>
    </p>
   </div>
   <div class='ocr_carea' id='block_1_12' title="bbox 450 2447 1838 2580">
    <p class='ocr_par' dir='ltr' id='par_1_13' title="bbox 450 2447 1838 2580">
     <span class='ocr_line' id='line_1_35' title="bbox 451 2447 1838 2509; baseline 0.001 -18"><span class='ocrx_word' id='word_1_277' title='bbox 451 2450 555 2492; x_wconf 80' lang='lat' dir='ltr'>Haec</span> <span class='ocrx_word' id='word_1_278' title='bbox 589 2447 704 2491; x_wconf 89' lang='lat' dir='ltr'>enim</span> <span class='ocrx_word' id='word_1_279' title='bbox 721 2448 811 2507; x_wconf 86' lang='lat' dir='ltr'>jam</span> <span class='ocrx_word' id='word_1_280' title='bbox 833 2447 948 2491; x_wconf 80' lang='lat' dir='ltr'>faeta</span> <span class='ocrx_word' id='word_1_281' title='bbox 979 2456 1104 2502; x_wconf 83' lang='lat' dir='ltr'>sunt,</span> <span class='ocrx_word' id='word_1_282' title='bbox 1127 2457 1170 2491; x_wconf 89' lang='lat' dir='ltr'>et</span> <span class='ocrx_word' id='word_1_283' title='bbox 1192 2463 1283 2491; x_wconf 90' lang='lat' dir='ltr'>non</span> <span class='ocrx_word' id='word_1_284' title='bbox 1310 2448 1400 2492; x_wconf 91' lang='lat' dir='ltr'>sine</span> <span class='ocrx_word' id='word_1_285' title='bbox 1431 2464 1559 2492; x_wconf 88' lang='lat' dir='ltr'>eausa</span> <span class='ocrx_word' id='word_1_286' title='bbox 1580 2449 1838 2509; x_wconf 87' lang='lat' dir='ltr'>prophetata</span> 
     </span>
     <span class='ocr_line' id='line_1_36' title="bbox 450 2518 1833 2580; baseline 0.002 -18"><span class='ocrx_word' id='word_1_287' title='bbox 450 2528 573 2574; x_wconf 87' lang='lat' dir='ltr'>sunt,</span> <span class='ocrx_word' id='word_1_288' title='bbox 604 2518 687 2563; x_wconf 87' lang='lat' dir='ltr'>nisi</span> <span class='ocrx_word' id='word_1_289' title='bbox 709 2519 812 2580; x_wconf 88' lang='lat' dir='ltr'>quia</span> <span class='ocrx_word' id='word_1_290' title='bbox 844 2518 993 2563; x_wconf 82' lang='lat' dir='ltr'>futura</span> <span class='ocrx_word' id='word_1_291' title='bbox 1024 2528 1162 2563; x_wconf 85' lang='lat' dir='ltr'>erant.</span> <span class='ocrx_word' id='word_1_292' title='bbox 1200 2522 1257 2564; x_wconf 92' lang='lat' dir='ltr'>Et</span> <span class='ocrx_word' id='word_1_293' title='bbox 1286 2535 1376 2564; x_wconf 90' lang='lat' dir='ltr'>non</span> <span class='ocrx_word' id='word_1_294' title='bbox 1409 2535 1637 2580; x_wconf 87' lang='lat' dir='ltr'>possumus</span> <span class='ocrx_word' id='word_1_295' title='bbox 1662 2519 1833 2566; x_wconf 86' lang='lat' dir='ltr'>dicere:</span> 
     </span>
    </p>
   </div>
   <div class='ocr_carea' id='block_1_13' title="bbox 500 2627 1502 2673">
    <p class='ocr_par' dir='ltr' id='par_1_14' title="bbox 500 2627 1502 2673">
     <span class='ocr_line' id='line_1_37' title="bbox 500 2627 1502 2673; baseline 0.002 -11"><span class='ocrx_word' id='word_1_296' title='bbox 500 2636 510 2654; x_wconf 88' lang='lat'>¹</span> <span class='ocrx_word' id='word_1_297' title='bbox 532 2630 612 2663; x_wconf 79' lang='lat' dir='ltr'>Psal.</span> <span class='ocrx_word' id='word_1_298' title='bbox 639 2641 690 2672; x_wconf 79' lang='lat' dir='ltr'>xc,</span> <span class='ocrx_word' id='word_1_299' title='bbox 714 2630 745 2662; x_wconf 88' lang='lat'>8.</span> <span class='ocrx_word' id='word_1_300' title='bbox 772 2646 813 2653; x_wconf 92' lang='lat'><strong>—</strong></span> <span class='ocrx_word' id='word_1_301' title='bbox 834 2636 846 2652; x_wconf 84' lang='lat'>²</span> <span class='ocrx_word' id='word_1_302' title='bbox 866 2630 979 2662; x_wconf 80' lang='lat' dir='ltr'>Matth.</span> <span class='ocrx_word' id='word_1_303' title='bbox 1003 2641 1046 2671; x_wconf 79' lang='lat' dir='ltr'>iv,</span> <span class='ocrx_word' id='word_1_304' title='bbox 1074 2639 1123 2662; x_wconf 80' lang='lat'>12.</span> <span class='ocrx_word' id='word_1_305' title='bbox 1146 2647 1187 2653; x_wconf 88' lang='lat'>-</span> <span class='ocrx_word' id='word_1_306' title='bbox 1209 2627 1221 2652; x_wconf 81' lang='lat'><em>³</em></span> <span class='ocrx_word' id='word_1_307' title='bbox 1241 2631 1308 2663; x_wconf 83' lang='lat' dir='ltr'>Psal</span> <span class='ocrx_word' id='word_1_308' title='bbox 1343 2642 1390 2672; x_wconf 83' lang='lat' dir='ltr'>xc,</span> <span class='ocrx_word' id='word_1_309' title='bbox 1409 2642 1502 2673; x_wconf 81' lang='lat'>9-12.</span> 
     </span>
    </p>
   </div>
  </div>
 </body>
</html>
