1926 3339
139 349 381 380 mmmmm
415 353 448 379 11
481 352 527 380 m
557 349 762 380 rsALMUM
793 350 1007 389 Lxxxvm,
1040 349 1181 380 si-:nmo
1211 355 1259 381 11.
1319 344 1402 383 267

462 645 848 694 ΕΝΑΒΒΑΤΙΟ
886 648 936 694 ΙΙ

281 805 330 844 IN
376 804 586 844 ΕΠΜΒΕΜ
621 803 861 846 PsALMrM
899 805 1143 846 Lxxxvm.

575 958 746 996 SERMO
771 959 810 995 ΙΙ
826 971 853 995 ¹.

397 1121 460 1163 De
481 1118 672 1163 secunda
695 1126 818 1178 parte
842 1116 1016 1163 Psalmi.

32 1320 49 1325 Ἰ,
74 1272 110 1314 Ι.
135 1271 202 1313 An
224 1268 391 1329 reliqua
412 1267 586 1323 Psalmi,
603 1268 658 1313 de
679 1284 768 1329 quo
781 1269 827 1312 in
840 1268 1056 1312 matutino
1078 1267 1215 1313 locuti
1236 1283 1402 1321 sumus,

18 1340 207 1386 animum
230 1339 465 1394 intendite,
484 1349 527 1384 et
546 1341 668 1400 pium
686 1339 885 1384 debitum
903 1339 1083 1398 exigite:
1110 1354 1162 1383 eo
1180 1338 1406 1383 reddituro

16 1426 91 1472 per
112 1427 189 1455 nos
212 1411 289 1471 qui
321 1410 424 1455 feeit
450 1420 494 1456 et
514 1427 592 1456 nos
613 1420 656 1455 et
689 1426 778 1455 vos.
804 1411 1016 1455 Dominus
1037 1410 1234 1455 Christus
1266 1410 1312 1453 in
1334 1426 1407 1454 su-

17 1482 257 1542 perioribus
302 1481 461 1526 Psalmi
499 1498 550 1526 ex
593 1482 804 1541 promisso
840 1480 918 1524 Dei
953 1479 1317 1535 annuntiabatur,
1364 1489 1407 1524 et

19 1551 157 1597 adhuc
180 1553 226 1596 in
248 1553 314 1596 his
337 1553 467 1596 etiam
487 1552 630 1596 verbis
653 1567 752 1612 quae
771 1551 996 1595 tractaturi
1017 1566 1165 1594 sumus
1181 1585 1192 1605 ,
1212 1551 1304 1610 ipse
1325 1567 1405 1594 an-

18 1622 256 1666 nuntiatur.
285 1625 347 1666 De
379 1621 454 1665 illo
477 1622 593 1665 enim
615 1621 729 1665 inter
753 1630 908 1664 eaetera
938 1620 1071 1680 paulo
1093 1620 1290 1679 superius
1314 1619 1408 1665 dic-

18 1701 110 1737 tum
133 1701 223 1736 erat
243 1711 252 1737 :
277 1711 297 1733 «
321 1694 378 1736 Et
399 1707 479 1750 ego
497 1691 837 1751 primogenitum
862 1707 1023 1751 ponam
1040 1707 1141 1735 eum
1157 1726 1169 1746 ,
1190 1690 1406 1735 excelsum

22 1781 41 1806 »
73 1761 191 1821 apud
213 1777 334 1821 reges
368 1771 506 1806 terrae.
542 1765 594 1806 In
615 1771 831 1805 aeternum
861 1762 1042 1806 servabo
1071 1760 1135 1805 illi
1164 1762 1408 1806 misericor-

22 1850 42 1882 »
73 1832 190 1877 diam
212 1848 354 1877 meam
369 1868 379 1888 ,
401 1842 444 1877 et
469 1836 793 1877 Testamentum
810 1848 958 1876 meum
980 1831 1110 1876 fidele
1132 1831 1228 1891 ipsi.
1254 1835 1311 1876 Et
1333 1847 1409 1892 po-

22 1921 42 1946 »
74 1918 175 1947 nam
194 1903 240 1947 in
261 1903 477 1948 saeculum
503 1903 650 1948 saeculi
671 1918 820 1947 semen
855 1904 972 1963 ejus,
1003 1912 1046 1947 et
1079 1903 1286 1947 thronum
1315 1905 1408 1963 ejus

22 1991 43 2033 ῃ
75 1973 184 2018 sicut
205 1972 294 2031 dies
315 1973 459 2018 coeli'2.
489 1993 508 2014 »
535 1977 597 2018 De
616 1974 682 2018 his
710 1983 754 2018 et
771 1972 826 2017 de
848 1973 1054 2018 omnibus
1087 1989 1217 2034 supra
1239 1973 1293 2018 ab
1315 1974 1408 2033 ipso

21 2043 212 2103 exordio,
238 2060 337 2104 quae
359 2044 604 2104 potuimus,
630 2043 832 2089 diximus.

77 2117 135 2159 II.
166 2115 371 2176 Sequitur
393 2124 540 2159 autem
562 2134 571 2160 ε
607 2135 627 2157 «
651 2115 694 2160 Si
716 2114 1030 2175 dereliquerint
1050 2113 1129 2158 filii
1151 2116 1243 2175 ejus
1265 2115 1408 2174 legem

24 2201 44 2227 u
76 2199 240 2240 meam,
265 2194 308 2229 et
328 2185 374 2228 in
391 2184 561 2243 judiciis
580 2186 686 2230 meis
710 2201 800 2230 non
821 2185 1144 2230 ambulaverint
1165 2205 1174 2230 ε
1195 2186 1229 2229 si
1246 2186 1410 2246 justifi-

24 2272 46 2296 »
76 2255 266 2300 cationes
282 2271 399 2300 meas
421 2255 768 2315 profanaverint,
794 2265 837 2300 et
859 2257 1064 2301 mandata
1086 2271 1183 2300 mea
1199 2272 1289 2301 non
1310 2272 1412 2301 eus-

24 2342 45 2367 »
77 2324 283 2370 todierint
308 2342 317 2367 :
352 2326 536 2371 visitabo
565 2327 612 2371 in
642 2328 764 2386 virga
792 2327 1043 2388 iniquitates
1083 2343 1260 2382 eorum,
1297 2337 1341 2371 et
1366 2328 1413 2371 in

24 2412 57 2454 2².
79 2395 256 2454 flagellis
278 2395 436 2441 delicta
460 2412 626 2442 eorum.
658 2397 999 2442 Misericordiam
1021 2413 1126 2443 vero
1153 2413 1295 2442 meam
1323 2414 1414 2442 non

23 2482 47 2517 2)
79 2464 321 2526 dispergam
361 2467 416 2511 ab
449 2467 539 2512 eis3
574 2487 584 2512 2
622 2483 766 2529 neque
795 2468 1041 2528 profanabo
1088 2472 1414 2513 Testamentum

29 2582 34 2585 ’
68 2577 77 2595 ¹
97 2572 236 2605 Habitus
256 2574 371 2606 eodem
389 2574 442 2606 die
460 2585 535 2607 cum
554 2576 711 2618 superiori
730 2578 896 2609 Sermone.
919 2593 960 2599 -—
983 2583 997 2599 ²
1018 2577 1100 2609 Psal.
1122 2587 1274 2618 xxxxviii,
1293 2576 1412 2608 28-30.

24 2642 64 2649 —
79 2625 92 2650 ³
114 2630 207 2660 Forte
227 2628 395 2671 legendum
409 2655 417 2670 ,
436 2629 477 2661 ab
495 2642 533 2662 eo
543 2648 554 2672 ,-
573 2642 667 2674 quam
685 2632 859 2665 lectionem
882 2636 995 2675 postea
1014 2633 1202 2674 explicando
1226 2631 1356 2674 praefert
1373 2635 1406 2662 et

24 2681 180 2723 vulgarem
197 2684 295 2717 fuisse
312 2684 480 2726 significat.
