1926 3339
420 330 504 369 316
861 338 895 367 s,
931 338 1162 369 Auens-nm
1196 340 1377 368 Emscom

418 404 772 465 peregrinamur,
799 404 1045 449 laboramus
1080 423 1089 449 ;
1118 403 1181 447 illi
1210 413 1356 449 autem
1391 403 1436 447 in
1464 403 1636 449 civitate
1657 417 1810 463 expec-

417 486 513 521 tant
531 476 767 521 adventum
800 486 1014 521 nostrum.
1037 478 1094 519 Et
1114 475 1168 519 de
1182 474 1256 518 illa
1272 475 1459 529 civitate,
1484 474 1604 518 unde
1625 474 1813 533 peregri-

419 563 589 601 namur,
615 547 771 591 litterae
784 547 911 591 nohis
926 555 1142 591 venerunt
1162 565 1170 590 z
1191 546 1294 605 ipsae
1313 555 1415 589 sunt
1437 545 1690 604 Scripturae,
1711 560 1811 604 quae

419 635 498 663 nos
515 620 748 662 hortantur
767 627 817 662 ut
839 619 950 661 bene
972 617 1183 660 vivamus.
1209 616 1321 669 Quid
1345 615 1487 660 dicam
1504 616 1670 660 venisse
1692 615 1813 660 litte-1

420 690 512 732 ras?
527 692 624 747 Ipse
637 704 710 731 rex
727 687 973 741 descendit,
999 695 1042 730 et
1065 685 1203 730 factus
1230 695 1291 730 est
1319 686 1446 730 nobis
1466 687 1534 731 via
1551 687 1596 729 in
1618 686 1814 746 peregri-

419 760 618 816 natione,
637 768 687 802 ut
707 759 752 802 in
774 758 850 802 illo
872 757 1145 801 ambulantes
1161 793 1172 812 ,
1198 773 1278 801 nec
1303 773 1517 812 erremus,
1542 773 1623 801 nec
1643 757 1815 802 deficia-

419 845 515 873 mus
530 864 540 884 ,
579 844 658 873 nec
697 829 744 873 in
788 828 1094 873 latrocinantes
1136 827 1378 872 incidamus
1395 863 1405 882 ,
1442 843 1522 872 nec
1570 828 1615 871 in
1638 827 1814 888 laqueos

419 899 656 955 irruamus,
683 900 760 960 qui
789 909 1017 959 ponuntur
1035 901 1157 960 juxta
1178 899 1308 943 viam.
1336 899 1482 943 Talem
1506 913 1607 957 ergo
1636 899 1817 943 scientes

420 972 641 1017 Christum
670 981 813 1016 totum
848 981 978 1031 atque
1010 972 1261 1015 universum
1298 970 1431 1015 simul
1460 986 1561 1015 cum
1583 968 1776 1014 Ecclesia
1803 988 1812 1014 ε

420 1043 562 1101 ipsum
587 1051 734 1086 autem
762 1041 902 1085 solum
923 1051 1074 1085 natum
1109 1040 1163 1085 de
1186 1041 1388 1100 Virgine,
1420 1049 1551 1100 caput
1582 1039 1786 1084 Ecclesiae
1803 1073 1814 1093 ,

421 1112 707 1157 mediatorem
727 1113 888 1158 scilicet
915 1112 1030 1156 inter
1051 1118 1187 1157 Deum
1218 1123 1262 1157 et
1283 1113 1480 1157 homines
1502 1112 1721 1157 Christum
1745 1113 1820 1154 Je-

422 1187 540 1228 suml
559 1205 569 1241 3
588 1184 643 1227 ad
663 1185 747 1228 hoc
769 1183 1076 1239 mediatorem,
1102 1194 1152 1228 ut
1176 1200 1248 1228 eos
1274 1184 1350 1244 qui
1381 1192 1659 1237 recesserant,
1681 1197 1757 1241 per
1774 1196 1818 1225 se

421 1255 696 1299 reconciliet:
714 1254 883 1299 medius
902 1255 1016 1299 enim
1035 1271 1124 1301 non
1146 1265 1211 1300 est
1228 1256 1307 1298 nisi
1329 1255 1444 1298 inter
1465 1254 1590 1298 duos.
1613 1258 1819 1298 Recesse-

422 1341 567 1369 ramus
595 1341 618 1370 a
645 1327 870 1385 majestate
892 1327 981 1382 Dei,
1023 1336 1067 1370 et
1104 1335 1285 1385 peccato
1320 1335 1470 1370 nostro
1493 1323 1819 1369 offenderamus

423 1412 524 1440 eum
562 1415 571 1440 :
607 1396 758 1440 missus
780 1405 842 1440 est
872 1395 1007 1440 Filius
1030 1395 1260 1451 mediator,
1286 1397 1362 1457 qui
1386 1396 1601 1455 sanguine
1630 1411 1708 1439 suo
1731 1394 1819 1439 sol-

423 1476 544 1512 veret
559 1476 736 1526 peccata
755 1476 918 1523 nostra,
939 1468 1102 1528 quibus·
1119 1468 1427 1527 separabamur
1450 1483 1473 1510 a
1492 1470 1608 1522 Deo3
1628 1475 1671 1510 et
1688 1466 1823 1510 inter·
1886 1474 1890 1477 ’

424 1538 589 1598 positus
620 1537 821 1581 redderet
845 1554 925 1583 nos
954 1539 1020 1594 ei,
1050 1548 1094 1583 et
1122 1538 1422 1583 reconciliaret
1455 1554 1477 1582 a
1512 1553 1600 1599 quo
1622 1536 1758 1582 aversi
1779 1537 1823 1580 in

424 1610 611 1668 peccatis
633 1610 790 1653 nostris
809 1619 851 1653 et
867 1609 1036 1655 delictis
1059 1610 1334 1654 tenebamur.
1369 1613 1465 1669 Ipse
1481 1619 1545 1654 est
1567 1617 1698 1668 caput
1721 1623 1820 1652 nos·

427 1690 559 1734 trum,
585 1680 676 1739 ipse
693 1689 756 1724 est
779 1684 892 1724 Deus
921 1680 1099 1741 aequalis
1125 1682 1257 1735 Patri,
1283 1681 1481 1725 Verbum
1504 1682 1581 1724 Dei
1604 1694 1682 1739 per
1701 1677 1825 1739 quod

428 1752 543 1795 facta
566 1761 669 1795 sunt
686 1752 831 1795 omnia
850 1757 866 1779 ‘²
889 1772 897 1796 z
918 1752 992 1796 sed
1018 1755 1131 1797 Deus
1153 1762 1204 1796 ut
1224 1761 1406 1807 crearet,
1429 1753 1564 1796 homo
1585 1760 1636 1794 ut
1656 1765 1825 1794 recrea-

428 1831 492 1865 ret
519 1842 526 1866 :
553 1828 662 1865 Deus
686 1832 735 1866 ut
758 1822 936 1877 faceret,
959 1823 1093 1867 homo
1115 1832 1164 1867 ut
1187 1823 1400 1866 reficeret.
1428 1824 1558 1865 Hunc
1588 1821 1821 1874 intuentes,

427 1894 486 1937 sic
510 1893 736 1937 audiamus
759 1892 992 1937 Psalmum.
1028 1893 1236 1938 Intendat
1260 1893 1457 1938 Charitas
1487 1894 1653 1936 Vestra.
1687 1891 1824 1935 Disci-

427 1963 545 2023 plina
569 1973 631 2008 est
653 1964 731 2008 ista
765 1973 808 2008 et
829 1963 1025 2008 doctrina
1057 1963 1217 2008 scholae
1240 1964 1388 2024 hujus,
1415 1979 1514 2023 quae
1539 1961 1662 2007 vobis
1682 1960 1825 2005 valeat

427 2050 517 2079 non
535 2035 590 2079 ad
611 2051 751 2079 unum
783 2035 1001 2080 Psalmum
1030 2035 1383 2094 intelligendum,
1405 2033 1480 2078 sed
1505 2032 1560 2078 ad
1585 2032 1764 2087 multos,
1789 2033 1824 2077 si

428 2107 608 2150 teneatis
638 2107 751 2150 hanc
784 2105 995 2165 regulam.
1032 2105 1283 2166 Aliquando
1311 2105 1532 2160 Psalmus,
1561 2120 1652 2149 non
1680 2103 1824 2148 solum

428 2176 643 2230 Psalmus,
663 2176 746 2220 >sed
768 2186 811 2221 et
841 2177 980 2221 omnis
1002 2177 1254 2236 prophetia,
1282 2175 1517 2236 aliquando
1540 2176 1599 2219 sic
1626 2174 1825 2235 loquitur

429 2247 484 2291 de
505 2248 677 2292 Christo
698 2258 749 2291 ut
774 2257 906 2307 caput
934 2247 1075 2291 solum
1109 2246 1412 2300 commendet,
1450 2255 1494 2289 et
1528 2245 1764 2305 aliquando
1800 2261 1823 2288 a

430 2319 569 2377 capite
589 2319 622 2361 it
651 2318 706 2362 ad
727 2334 905 2377 corpus,
940 2318 986 2362 id
1010 2327 1093 2372 est,
1115 2317 1171 2361 ad
1193 2317 1449 2372 Ecclesiam,
1475 2326 1518 2361 et
1539 2332 1630 2360 non
1649 2315 1824 2360 videtur

429 2399 618 2434 mutasse
639 2405 890 2448 personam,
924 2389 1025 2449 quia
1052 2405 1141 2433 non
1164 2398 1388 2448 separatur
1413 2397 1546 2447 caput
1567 2403 1590 2431 a
1612 2402 1793 2446 corpore
1808 2421 1820 2441 ,

430 2461 505 2505 sed
527 2456 736 2521 tanquam
758 2461 813 2504 de
839 2477 929 2505 uno
950 2460 1161 2520 loquitur.
1187 2459 1346 2504 Videat
1367 2459 1481 2502 enim
1504 2457 1702 2503 Charitas
1724 2460 1824 2501 Ves-

430 2542 496 2576 tra
532 2531 652 2592 quod
690 2532 802 2576 dico.
849 2531 1105 2576 Manifestus
1129 2539 1193 2575 est
1220 2539 1335 2574 certe
1370 2529 1574 2573 omnibus
1602 2527 1821 2583 Psalmus,

430 2603 508 2646 ubi
525 2602 580 2646 de
601 2603 798 2662 passione
822 2602 997 2646 Domini
1017 2601 1175 2646 dicitur
1197 2620 1205 2644 :
1233 2620 1252 2642 «
1282 2599 1507 2644 Foderunt
1529 2614 1683 2643 manus
1705 2612 1823 2642 meas

481 2695 488 2709 ¹
516 2699 526 2718 ι
548 2687 627 2719 Tim.
647 2698 685 2727 ιι,
706 2687 736 2718 5.
754 2704 794 2709 —
815 2693 827 2708 ²
848 2688 940 2718 Joan.
962 2697 984 2725 l,
1004 2686 1032 2717 3.

1892 152 1897 248 l

1892 252 1897 359 ἶ

1893 373 1898 419 l

1893 425 1904 513 ι,

1894 515 1903 606 3

1894 611 1899 760 ἒ
