1926 3339
442 271 522 310 404
872 276 904 302 S.
944 275 1169 301 ,morsum
1209 274 1383 298 μήνιες-,ου

435 363 512 393 nos
532 366 541 391 :
562 346 759 404 siliquam
782 342 940 386 laboris
957 340 1010 383 ad
1030 340 1217 399 requiem
1237 334 1554 388 incredibilem,
1576 332 1817 377 secundum

434 418 554 480 quod
577 417 742 460 dictum
760 422 822 456 est
846 432 854 457 :
886 431 905 453 «
931 414 1060 454 Juxta
1078 409 1373 453 incredibilem
1398 404 1596 457 modum,
1622 413 1665 446 et
1685 403 1730 445 in
1751 402 1818 444 in-

440 511 457 530 »
493 485 746 532 credibilem
766 481 962 534 modum,
988 489 1199 523 aeternum
1214 478 1358 535 gloriae
1377 475 1547 536 pondus
1565 481 1814 532 operatur.»

435 557 608 603 Gaudes
630 554 685 598 ad
706 562 901 610 tempus,
928 549 1017 593 noli
1044 549 1103 591 ibi
1129 547 1263 591 fidere
1292 567 1300 590 ε
1328 546 1456 590 tristis
1480 561 1522 589 es
1544 543 1598 587 ad
1626 552 1816 600 tempUS,

434 628 524 674 noli
547 626 787 684 desperare.
811 624 909 666 Non
926 630 969 664 te
987 627 1236 677 corrumpat
1253 616 1449 669 felicitas,
1471 624 1513 658 et
1535 630 1624 658 non
1649 612 1821 669 frangat

434 696 665 743 adversitas
692 713 700 738 :
722 707 776 735 ne
798 691 910 735 forte
931 689 1046 733 dicas
1063 689 1108 731 in
1129 687 1272 730 animo
1294 696 1397 730 tuo:
1422 687 1519 729 Non
1541 691 1682 743 potest
1705 679 1816 735 fieri,

438 778 485 812 ut
508 771 621 811 Deus
648 763 846 807 admittat
870 760 925 805 ad
943 774 986 803 se
1008 759 1196 818 iniquos,
1216 757 1290 816 qui
1309 757 1447 815 justos
1464 754 1577 813 ipsos
1599 750 1818 804 emendat,

436 846 486 881 ut
511 835 670 891 salvet3
696 833 773 893 qui
799 830 897 874 ideo
927 828 1154 881 emendat,
1187 836 1237 870 ut
1261 825 1445 869 erudiat.
1477 843 1496 865 «
1531 822 1573 867 Si
1589 823 1730 881 justus
1751 819 1824 864 vix

438 928 457 950 »
494 906 636 952 salvus
657 906 732 948 fiet
748 925 758 961 3
777 911 977 962 peccator
994 909 1037 944 et
1058 899 1215 958 impius
1232 897 1308 941 ubi
1321 895 1582 956 parebunt¹i³
1599 889 1825 950 Numquid

435 978 629 1023 adhaeret
650 975 731 1019 tibi
753 972 874 1017 sedes
900 969 1184 1030 iniquitatis,»
1210 966 1254 1012 id
1279 976 1368 1021 est,
1391 963 1615 1023 Numquid
1633 961 1826 1006 adhaeret

437 1048 516 1092 tibi
539 1047 659 1091 sedes
676 1045 933 1103 impiorum,
962 1060 977 1079 «
1007 1040 1088 1092 Qui
1109 1038 1234 1096 fingis
1254 1036 1449 1081 dolorem
1468 1036 1512 1079 in
1537 1041 1771 1094 praecepto,
1799 1048 1821 1071 »

435 1120 511 1180 qui
540 1127 583 1161 et
610 1117 712 1160 istos
740 1113 850 1157 filios
874 1113 932 1156 sic
961 1109 1135 1154 voluisti
1162 1123 1358 1151 exercere
1381 1116 1424 1150 et
1443 1105 1637 1157 erudire,
1663 1103 1722 1146 sic
1747 1117 1825 1145 vo-

435 1188 552 1234 luisti
574 1187 634 1230 eis
662 1193 877 1245 praecepta
911 1183 1036 1234 dare,
1069 1189 1120 1223 ut
1149 1194 1238 1223 non
1267 1186 1408 1221 essent
1435 1177 1526 1219 sine
1558 1175 1740 1227 timore,
1770 1187 1826 1215 ne

437 1265 632 1304 amarent
649 1253 814 1314 aliquid
831 1252 966 1302 aliud,
993 1259 1035 1293 et
1053 1248 1408 1294 obliviscerentur
1432 1256 1472 1290 te
1488 1260 1641 1289 verum
1660 1244 1825 1287 bonum

437 1329 594 1374 suum?
615 1329 760 1369 Bonus
786 1332 849 1366 est
876 1325 1004 1366 Deus.
1031 1320 1072 1364 Si
1092 1327 1276 1362 cessaret
1296 1321 1427 1371 Deus,
1452 1325 1495 1359 et
1516 1329 1606 1358 non
1626 1313 1829 1357 misceret

438 1396 747 1444 amaritudines
764 1391 1044 1438 felicitatibus
1067 1388 1230 1442 saeculi,
1256 1387 1607 1432 oblivisceremur
1628 1399 1742 1428 eum.

496 1470 636 1513 XXV.
677 1463 761 1510 Sed
793 1463 870 1507 ubi
901 1474 1082 1520 angores
1116 1459 1412 1504 molestiarum
1455 1455 1623 1500 faciunt
1665 1454 1823 1497 fluctus

439 1540 595 1585 animae
615 1573 626 1592 ,
651 1535 757 1580 fides
778 1533 852 1578 illa
869 1531 1040 1592 quaeibi
1061 1530 1304 1574 dormiebat
1323 1564 1334 1583 ,
1351 1527 1576 1571 excitatur.
1596 1522 1829 1584 Tranquil-

439 1611 533 1656 lum
561 1608 677 1652 enim
705 1613 796 1649 erat
814 1639 824 1659 ,
850 1601 1028 1662 quando
1051 1600 1257 1645 dormivit
1278 1598 1474 1643 Christus
1506 1597 1552 1640 in
1584 1594 1693 1639 mari
1719 1613 1727 1638 ε
1753 1592 1828 1637 illo

442 1679 685 1726 dormiente
722 1682 951 1733 tempestas
986 1681 1078 1716 orta
1112 1680 1202 1725 est,
1243 1679 1286 1713 et
1317 1676 1546 1726 coeperunt
1579 1663 1824 1725 periclitari.

440 1754 558 1809 Ergo
579 1749 625 1791 in
647 1745 776 1791 corde
799 1743 1033 1788 christiano
1057 1751 1099 1785 et
1122 1737 1413 1800 tranquillitas
1436 1738 1537 1790 erit,
1561 1745 1605 1779 et
1619 1750 1729 1794 pax,
1754 1732 1833 1778 scd

442 1818 640 1881 quandiu
660 1815 806 1874 vigilat
827 1812 933 1857 fides
962 1820 1107 1855 nostra
1134 1830 1142 1855 z
1170 1810 1204 1853 si
1239 1818 1383 1853 autem
1402 1806 1563 1851 dormit
1592 1804 1699 1848 fides
1727 1819 1830 1847 nos-

442 1901 524 1945 tra,
545 1886 854 1949 periclitamur.
877 1885 971 1927 Hoc
986 1881 1103 1925 enim
1129 1880 1342 1938 significat
1361 1877 1579 1922 dormiens
1603 1876 1800 1920 Christus
1816 1908 1828 1928 ,

442 1961 544 2022 quia
567 1957 745 2019 quidam
768 1954 1085 2000 obliviscuntur
1106 1951 1239 1995 fidem
1267 1963 1412 2002 suam,
1444 1956 1487 1990 et
1512 1945 1827 2006 periclitantur.

446 2029 529 2075 Sed
547 2026 768 2089 quomodo
782 2024 855 2068 illa
870 2023 987 2067 navis
1001 2037 1100 2066 cum
1117 2022 1370 2072 fluctuaret,
1387 2017 1594 2061 excitatus
1612 2024 1675 2059 est
1688 2014 1836 2059 Chris-

442 2111 512 2145 tus
535 2116 558 2143 a
576 2095 892 2142 fluctuantibus
909 2129 919 2148 ,
952 2102 996 2137 et
1018 2091 1288 2144 dicentibus,
1312 2108 1333 2130 «
1359 2087 1561 2141 Domine,
1578 2085 1792 2144 perimus:
1810 2102 1829 2125 υ

443 2171 626 2217 surrexit
637 2168 709 2212 ille
727 2204 737 2222 ,
758 2165 986 2225 imperavit
1001 2160 1347 2222 tempestatibus,
1362 2157 1591 2217 imperavit
1607 2155 1831 2209 fluctibus,

444 2240 624 2287 cessavit
644 2237 887 2299 periculum
907 2271 918 2290 ,
944 2234 1057 2278 facta
1081 2243 1145 2277 est
1161 2228 1450 2290 tranquillitas
1465 2231 1481 2253 '2
1503 2243 1510 2267 z
1530 2227 1589 2271 sic
1612 2235 1655 2270 et
1677 2236 1719 2270 te
1733 2240 1836 2270 cum

444 2313 627 2357 turbant
648 2305 1011 2366 concupiscentiae
1029 2302 1176 2357 malae,
1197 2298 1494 2361 persuasiones
1506 2296 1654 2352 malae,
1675 2296 1835 2340 fluctus

445 2392 573 2436 sunt,
610 2377 1027 2440 tranquillabuntur.
1066 2377 1161 2418 Jam
1202 2373 1424 2432 desperas,
1457 2380 1500 2414 ct
1521 2378 1647 2429 putas
1680 2377 1719 2412 te
1746 2382 1837 2411 non

442 2453 660 2514 pertinere
683 2449 737 2494 ad
760 2448 992 2493 Dominum
1019 2465 1027 2490 z
1050 2443 1223 2502 evigilet
1255 2442 1360 2487 fides
1393 2451 1463 2485 tua
1482 2476 1492 2493 ,
1528 2440 1663 2484 excita
1685 2438 1835 2483 Chris-

446 2535 541 2568 tum
564 2523 609 2565 in
632 2519 761 2565 corde
781 2529 879 2575 tuo,
899 2525 1101 2575 surgente
1123 2513 1233 2568 fide,
1257 2515 1347 2572 jam
1370 2511 1562 2570 agnoscis
1585 2510 1661 2554 ubi
1683 2510 1737 2553 sis
1757 2527 1766 2553 :
1793 2516 1837 2552 et

497 2617 503 2631 ¹
529 2613 620 2640 Prov.
644 2620 684 2648 κ’,
704 2607 754 2646 31,
776 2610 805 2637 et
837 2618 841 2635 ι
869 2606 953 2635 petr.
977 2602 1090 2636 iv.18.
1115 2618 1153 2623 —-
1175 2607 1186 2621 ²
1206 2599 1314 2631 Maius.
1340 2609 1407 2629 vine
1431 2597 1484 2628 1¹⁹».
