1926 3339
376 291 618 320 ENARRATIO
650 294 695 320 IN
728 292 930 321 PsALMUM
962 295 1146 322 Lxxvm.
1376 286 1431 325 75

51 357 235 402 nitentia
263 358 506 417 reparavit,
532 367 663 418 atque
691 358 747 402 ab
768 357 840 402 illa
863 359 1164 419 inquinatione
1191 359 1434 406 mundavit.

57 427 313 472 Poenitentis
331 428 445 472 enim
464 444 547 472 vox
563 438 646 472 est:
673 447 689 469 «
708 432 763 473 Et
781 445 803 472 a
821 420 980 474 delicto
1002 445 1099 475 meo
1121 430 1285 474 munda
1307 447 1398 476 me:
1415 451 1433 473 »

50 508 108 554 et,
139 517 159 541 «
187 500 273 544 Cor
293 499 509 543 muudum
531 515 627 544 crea
650 500 695 543 in
717 515 802 555 me,
830 503 943 544 Deus
958 536 968 556 ,
989 509 1033 544 et
1049 501 1246 560 spiritum
1270 510 1439 546 rectum

52 587 74 612 »
107 570 267 614 innova
283 570 328 613 in
351 570 585 615 visceribus
609 572 758 615 meis¹.
789 592 806 613 »
832 574 1037 616 Jamvero
1059 571 1180 632 quod
1207 573 1433 633 sequitur:

55 658 73 680 α
109 640 352 684 Posuerunt
372 640 611 685 Jerusalem
635 642 678 685 in
695 657 926 700 pomorum
949 642 1191 687 custodiam
1211 657 1220 683 z
1247 663 1264 684 »
1288 643 1438 703 etipsa

50 710 242 774 Ecclesia
263 711 347 759 hnc
366 712 543 756 nomine
562 722 676 756 recte
690 712 947 770 intelligitur
969 733 978 756 :
1001 732 1019 754 «
1042 713 1280 757 Jerusalem
1303 712 1440 758 libera

49 791 187 826 mater
208 792 352 827 nostra
366 819 377 839 ,
404 783 458 827 de
481 800 566 844 qua
588 784 796 843 scriptum
818 792 882 827 est
903 803 912 828 :
938 802 957 825 «
981 786 1148 828 Laetare
1165 784 1315 828 sterilis
1338 802 1438 845 quae

52 870 73 894 »
108 868 197 896 non
221 854 361 912 paris,
398 869 602 912 erumpe,
640 863 683 896 et
710 851 920 907 exclama,
960 869 1059 913 quae
1097 869 1187 897 non
1218 855 1434 913 parturis:

55 941 74 964 >›
109 924 316 981 quoniam
330 923 458 967 multi
482 923 559 966 filii
577 922 758 966 desertae
772 922 904 980 magis
926 938 1058 983 quam
1076 923 1166 982 ejus
1183 939 1282 982 quae
1304 924 1440 968 habet

52 1010 74 1034 »
108 993 251 1037 virum
267 997 298 1037 ².
328 997 378 1038 In
401 994 643 1038 custodiam
667 1009 898 1053 pomorum
919 1029 930 1049 ,
960 1011 978 1033 n
1006 993 1127 1054 quod
1155 993 1321 1038 dictum
1344 1004 1435 1051 est,

50 1063 339 1108 desertionem
370 1063 696 1121 intelligendam
724 1064 943 1119 existimo,
976 1080 1109 1125 quam
1139 1065 1242 1108 fecit
1261 1065 1436 1110 vastitas

48 1135 357 1195 persecutionis
385 1155 394 1180 z
428 1134 474 1179 id
500 1145 588 1190 cst,
623 1134 743 1179 velut
776 1135 1016 1180 custodiam
1039 1150 1300 1195 pomorum3
1333 1138 1437 1197 quia

49 1205 310 1250 deseruntur
327 1221 558 1265 pomorum
580 1205 809 1261 custodiae,
826 1222 926 1251 cum
949 1222 1077 1266 poma
1096 1207 1355 1251 transierint.
1378 1210 1436 1252 Et

49 1286 164 1320 certe
196 1276 374 1336 quando
397 1276 643 1321 Gentilibus
665 1277 1026 1337 persequentibus
1047 1275 1239 1321 Ecclesia
1268 1276 1437 1322 deserta

47 1347 136 1391 visa
149 1357 232 1402 est,
249 1347 294 1390 in
309 1347 527 1391 coelestem
548 1363 736 1391 mensam
753 1348 926 1407 spiritus
944 1350 1204 1405 Martyrum,
1229 1357 1438 1407 tanquam

50 1417 104 1462 de
127 1419 254 1462 horto
276 1417 497 1462 dominico
516 1418 651 1462 multa
669 1427 712 1462 et
728 1418 974 1462 suavissima
993 1433 1138 1477 poma,
1156 1419 1435 1462 transierunt.

108 1490 162 1532 V.
193 1509 212 1530 «
246 1492 515 1543 Posuerunt,
549 1489 718 1552 inquit,
754 1489 981 1533 morticina
1012 1504 1234 1532 servorum
1260 1498 1439 1533 tuorum

54 1576 73 1600 »
109 1574 223 1603 escas
245 1558 496 1603 volatilibus
527 1558 655 1612 coeli,
694 1574 842 1603 carnes
868 1568 1116 1603 sanctorum
1143 1567 1316 1603 tuorum
1343 1559 1442 1603 bes-

52 1645 72 1670 »
108 1628 176 1672 tiis
198 1630 365 1672 terrae3.
395 1647 414 1669 »
442 1628 571 1681 Quod
594 1627 760 1672 dictum
785 1638 872 1674 est:
897 1649 916 1671 «
937 1629 1196 1687 Morticina3
1223 1647 1243 1670 »
1269 1629 1363 1673 hoc
1374 1643 1442 1672 re-

48 1700 234 1760 petitum
258 1710 320 1744 est
340 1715 348 1740 τ
378 1720 397 1742 «
419 1702 579 1745 Carnes
599 1719 608 1744 z
631 1719 648 1742 »
667 1710 710 1744 et
729 1701 851 1760 quod
873 1701 1039 1744 dictum
1062 1710 1146 1745 est:
1168 1719 1188 1742 «
1212 1703 1444 1745 Servorum

51 1787 73 1812 υ
109 1780 310 1828 tuorum3
339 1788 358 1812 n
381 1770 464 1815 hoc
492 1771 726 1831 repetitum
748 1781 838 1816 est:
868 1790 886 1812 «
915 1774 1173 1816 Sanctorum
1205 1780 1439 1815 tuorum.»

52 1840 167 1885 Illud
189 1841 491 1886 tantummodo
510 1842 725 1886 variatum
743 1851 832 1897 est,
863 1862 882 1884 «
906 1841 1169 1886 volatilibus
1191 1842 1317 1897 coeli,
1342 1863 1362 1883 »
1381 1850 1440 1897 et,

55 1930 72 1952 «
108 1913 258 1956 Bestiis
282 1923 422 1956 terrae.
450 1933 466 1953 »
487 1911 641 1957 Melius
664 1927 766 1956 sane
787 1913 1059 1972 interpretati
1082 1922 1183 1957 sunt
1201 1914 1277 1973 qui
1293 1932 1311 1954 «
1326 1916 1446 1958 Mor-

53 2001 74 2024 »
109 1983 240 2027 ticina
266 2004 283 2024 »
311 1984 580 2043 posuerunt,
613 1999 746 2043 quam
775 1984 885 2027 sicut
912 1984 1092 2044 quidam
1129 2003 1150 2026 «
1173 1983 1389 2028 Mortalia.
1420 2002 1440 2024 »

53 2054 282 2099 Morticina
303 2055 417 2098 enim
442 2070 528 2098 non
551 2052 760 2098 dicuntur
793 2054 875 2097 nisi
907 2063 1182 2098 mortuorum
1209 2073 1219 2099 ι
1245 2053 1446 2098 mortalia

52 2139 155 2168 vero
188 2125 318 2168 etiam
351 2125 552 2168 vivorum
583 2139 818 2183 corporum
856 2138 1018 2167 nomen
1059 2133 1138 2167 cst.
1173 2126 1286 2169 Cum
1315 2139 1444 2183 ergo,

54 2195 164 2239 sicut
198 2194 306 2249 dixi,
338 2194 392 2238 ad
420 2194 650 2252 agricolam
685 2209 812 2238 suum
846 2194 1024 2253 spiritus
1055 2197 1300 2252 Martyrum
1327 2194 1449 2238 velut

58 2279 186 2324 poma
205 2265 472 2319 transissent,
489 2265 715 2310 morticina
740 2279 890 2308 eorum
905 2274 948 2308 et
965 2280 1114 2308 carnes
1128 2280 1278 2308 eorum
1293 2279 1453 2324 posue-

61 2347 164 2381 runt
181 2337 432 2382 volatilibus
450 2337 565 2392 coeli,
587 2347 630 2381 et
650 2337 795 2381 bestiis
814 2346 938 2380 terrae
958 2357 967 2382 :
987 2336 1106 2397 quasi
1128 2336 1368 2397 quidquam
1389 2352 1456 2381 eo-

63 2425 162 2454 rum
186 2410 490 2454 resurrectioni
513 2409 746 2470 deperiret,
765 2425 814 2454 cx
833 2408 1013 2454 occultis
1031 2418 1199 2453 naturae
1213 2408 1377 2452 sinibus
1394 2417 1458 2453 to-

60 2488 155 2524 tum
169 2479 516 2538 redintegraturo
529 2480 620 2536 illo,
633 2481 703 2525 cui
718 2489 760 2523 et
775 2479 919 2539 capilli
934 2480 1069 2524 nostri
1083 2479 1302 2523 numerati
1315 2479 1450 2522 sunt4.

107 2583 115 2598 ¹
136 2576 217 2607 Psal.
237 2587 268 2618 L,
289 2576 309 2618 4
334 2581 367 2609 et
388 2586 438 2609 12.
465 2594 506 2600 -
530 2585 542 2600 2
563 2577 630 2610 Gal.
647 2589 696 2616 lv,
713 2579 769 2617 26,
788 2581 821 2609 ct
836 2578 906 2609 lsai.
929 2587 993 2618 mv,
1015 2587 1044 2608 1.
1065 2593 1107 2599 -—-
1131 2574 1144 2599 3
1162 2575 1239 2608 psal.
1259 2585 1391 2616 Lxxvnt,
1413 2583 1446 2606 2.

59 2648 100 2655 —-
118 2630 133 2660 4
151 2632 265 2664 Matth.
286 2644 318 2673 x,
336 2633 386 2665 30.
