1926 3339
460 315 543 352 170
632 336 639 341 »
885 329 917 354 s.
954 326 1181 354 Accusnm
1216 328 1396 354 EPISCOI‘I

455 390 577 435 videt
608 391 710 451 quia
730 399 872 435 totum
903 391 1023 451 qnod
1045 391 1089 434 in
1115 391 1190 435 illo
1211 391 1415 436 laudatur
1430 425 1442 446 ,
1469 389 1523 435 de
1545 389 1836 436 misericordia

457 462 534 506 Dei
556 469 634 516 est,
656 477 743 505 non
767 461 820 505 de
839 462 1000 505 meritis
1022 462 1154 520 ipsius
1176 481 1184 506 :
1203 471 1246 505 et
1266 460 1456 506 videndo
1477 462 1557 505 ista
1574 476 1664 505 non
1684 475 1837 520 super-

456 531 542 586 bit,
575 548 664 576 non
685 532 976 591 superbiendo
1004 548 1094 576 non
1116 531 1360 587 extollitur,
1400 548 1490 577 non
1520 548 1564 577 se
1585 531 1836 577 extollendo
1871 545 1878 550 ’

457 619 546 647 non
568 603 681 647 cadit
699 638 710 657 ,
736 619 822 647 non
847 602 1043 646 cadendo
1058 611 1142 647 stat
1156 637 1167 657 ,
1188 603 1342 647 stando
1363 604 1560 657 inhaeret,
1580 601 1836 647 inhaerendo
1870 659 1876 663 ἱ

456 682 629 727 manet,
655 672 872 716 manendo
894 671 1132 730 perfruitur
1148 707 1158 727 ,
1192 681 1234 716 et
1259 672 1432 717 laetatur
1464 673 1510 716 in
1539 673 1726 717 Domino
1747 675 1837 717 Deo

456 759 550 788 suo.
585 746 726 787 Erunt
756 741 817 786 illi
847 743 1013 787 deliciae
1042 743 1133 802 ipse
1170 744 1246 803 qni
1277 743 1383 788 fecit
1415 743 1541 787 illum
1567 762 1576 788 :
1600 752 1645 787 et
1664 741 1838 788 delicias

456 814 569 873 ipsas
595 828 725 858 nemo
746 814 1013 872 corrumpit,
1048 829 1178 858 nemo
1200 813 1474 873 interpellat,
1513 829 1643 858 nemo
1678 811 1834 858 aufert.

459 884 564 937 Quis
586 892 740 943 potens
772 884 1007 928 minabitur
1027 883 1226 929 auferre?
1248 885 1352 938 Quis
1369 885 1534 930 vicinus
1557 884 1720 939 malus,
1743 884 1840 944 quis

456 954 592 1009 latro,
618 955 714 1014 quis
737 954 961 999 insidiator
988 955 1067 999 tibi
1096 954 1211 999 tollit
1231 956 1399 1000 Deum?
1420 959 1478 1000 Et
1495 964 1636 1014 potest
1650 954 1731 998 tibi
1751 948 1840 999 tol-⁴

458 1024 548 1070 lere
572 1034 714 1069 totum
743 1025 862 1085 quod
894 1025 1086 1085 possides
1119 1042 1326 1086 corpore,
1360 1043 1450 1071 non
1481 1026 1561 1070 tibi
1593 1024 1710 1070 tollit
1739 1040 1841 1070 eum

458 1110 590 1155 quem
607 1095 796 1155 possides
814 1095 958 1140 corde.
981 1099 1077 1155 Ipsa
1099 1106 1163 1140 est
1184 1095 1474 1141 misericordia
1489 1132 1500 1151 ,
1523 1112 1658 1157 quam
1673 1095 1841 1140 utinam

459 1169 573 1210 Deus
596 1166 794 1210 ostendat
825 1166 965 1210 nobis.
997 1186 1015 1208 «
1043 1167 1234 1211 Ostende
1256 1168 1407 1222 nobis,
1439 1168 1646 1221 Domine,
1676 1165 1842 1210 miseri-

461 1255 482 1278 »
517 1236 711 1280 cordiam
735 1246 851 1286 tuam
868 1272 878 1290 ,
904 1246 948 1280 et
965 1237 1150 1281 salutare
1172 1247 1299 1282 tuum
1325 1238 1381 1282 da
1404 1239 1545 1282 nobis.
1574 1256 1594 1280 »
1619 1237 1843 1283 Christum

458 1315 587 1352 tuum
605 1306 659 1350 da
682 1306 807 1351 nobis
825 1327 833 1351 :
854 1307 900 1350 in
921 1306 996 1351 illo
1017 1316 1080 1352 est
1101 1308 1215 1352 enim
1230 1308 1523 1353 misericordia
1537 1317 1627 1353 tua.
1641 1308 1843 1352 Dicamus

457 1376 521 1420 illi
549 1386 592 1420 et
617 1391 696 1420 nos
719 1396 726 1421 z
753 1381 815 1421 Da
838 1378 962 1422 nobis
984 1379 1204 1423 Christum
1228 1388 1371 1423 tuum.
1399 1382 1496 1423 Jam
1521 1378 1700 1439 quidem
1722 1377 1845 1422 dedit

457 1447 583 1491 nobis
611 1447 832 1492 Christum
855 1463 984 1492 suum
1002 1468 1011 1494 :
1030 1448 1173 1494 adhuc
1195 1448 1258 1493 illi
1278 1459 1420 1494 tamen
1441 1450 1636 1494 dicamus
1653 1469 1662 1494 :
1682 1452 1745 1494 Da
1767 1463 1843 1493 no-

458 1517 524 1561 bis
544 1518 766 1562 Christum
789 1528 914 1563 tuum
931 1538 940 1563 :
959 1520 1060 1580 quia
1083 1519 1266 1564 dicimus
1288 1519 1349 1564 illi
1376 1540 1384 1565 :
1414 1540 1433 1561 «
1461 1524 1622 1564 Panem
1646 1529 1846 1564 nostrum

463 1606 482 1628 »
519 1588 829 1648 quotidianum
851 1589 905 1633 da
928 1590 1052 1634 nobis
1078 1590 1250 1635 hodie¹.
1278 1610 1298 1632 »
1327 1594 1382 1635 Et
1406 1591 1502 1651 quis
1520 1599 1582 1634 est
1600 1590 1722 1650 panis
1740 1605 1845 1635 nos-

460 1669 525 1703 ter
541 1695 553 1714 ,
579 1659 661 1703 nisi
691 1660 781 1719 ipse
808 1661 883 1720 qui
912 1660 1020 1706 dixit
1046 1681 1055 1706 :
1084 1681 1104 1704 «
1129 1665 1223 1721 Ego
1244 1678 1340 1706 sum
1363 1662 1484 1721 panis
1506 1661 1628 1706 vivus
1644 1696 1656 1716 ,
1691 1661 1768 1721 qui
1790 1661 1846 1705 de

463 1748 483 1771 »
519 1730 631 1774 coelo
667 1730 925 1776 descendi²P
958 1750 977 1772 »
1006 1733 1208 1776 Dicamus
1236 1732 1300 1776 illi
1333 1752 1341 1777 ;
1377 1738 1432 1776 Da
1464 1732 1588 1776 nobis
1624 1731 1846 1777 Christum

460 1811 602 1846 tuum.
623 1802 747 1846 Dedit
769 1804 887 1847 enim
914 1803 1038 1848 nobis
1060 1805 1304 1857 Christum,
1329 1803 1405 1847 sed
1427 1803 1651 1848 hominem
1677 1822 1686 1848 :
1712 1817 1846 1863 quem

459 1873 584 1916 nobis
600 1872 722 1917 dedit
744 1874 981 1929 hominem,
998 1889 1099 1918 eum
1112 1874 1255 1934 ipsum
1269 1874 1394 1918 nobis
1412 1873 1593 1918 daturus
1609 1882 1674 1918 est
1687 1876 1840 1918 Deum.

461 1943 722 1987 Hominibus
744 1944 858 1988 enim
881 1945 1104 1989 hominem
1128 1945 1278 2003 dedit3
1302 1945 1404 2005 quia
1427 1944 1555 1989 talem
1577 1943 1702 1988 illum
1725 1943 1848 1988 dedit

460 2014 736 2064 hominibus,
761 2015 900 2075 qualis
922 2024 1066 2074 posset
1084 2016 1179 2076 capi
1203 2015 1258 2060 ab
1281 2015 1548 2060 hominibus.
1573 2018 1713 2060 Deum
1729 2015 1848 2059 enim

462 2085 685 2129 Christum
706 2085 854 2130 nullus
877 2086 1105 2130 hominum
1127 2102 1282 2146 capere
1302 2096 1486 2146 poterat.
1508 2089 1668 2131 Factus
1684 2095 1748 2131 est
1763 2086 1847 2130 ho-

462 2155 655 2200 minibus
675 2157 837 2212 homo,
859 2157 1044 2202 servavit
1066 2173 1109 2202 se
1133 2161 1274 2203 Deum
1297 2158 1392 2202 diis.
1413 2161 1484 2202 An
1505 2158 1618 2203 forte
1638 2172 1847 2216 airogan-

461 2236 527 2270 ter
545 2227 663 2271 dixi?
682 2231 846 2272 Revela
870 2237 1140 2287 arroganter,
1159 2228 1240 2272 nisi
1260 2229 1350 2313 ipse
1367 2228 1570 2274 dixisset:
1590 2230 1719 2287 «Ego
1735 2226 1845 2272 dixi:

463 2316 485 2339 »
521 2299 588 2342 Dii
612 2298 735 2353 estis,
761 2308 804 2342 et
825 2298 903 2342 filii
924 2299 1131 2343 Altissimi
1153 2314 1332 2344 omnes
1340 2318 1388 2343 ,υ
1404 2299 1499 2344 Ad
1491 2315 1628 2359 ipsam
1652 2298 1851 2358 adoptio-

461 2383 562 2413 nem
585 2385 867 2425 renovamur,
899 2380 948 2415 ut
971 2371 1212 2415 efficiamur
1232 2371 1309 2415 filii
1333 2371 1424 2415 Dei.
1453 2374 1475 2416 J
1482 2387 1551 2415 am
1573 2371 1753 2431 quidem
1773 2385 1849 2414 su-

461 2455 574 2495 mus,
591 2440 666 2486 sed
680 2457 755 2500 per
772 2441 931 2486 fidens:
949 2457 1097 2486 sumus
1114 2441 1292 2502 quidem
1311 2443 1356 2485 in
1376 2458 1467 2501 spe,
1484 2443 1683 2487 nondum
1701 2457 1850 2486 sumus

459 2511 506 2555 in
523 2527 583 2555 re.
610 2531 629 2553 «
651 2515 734 2571 Spe
751 2513 866 2556 enim
889 2512 994 2556 salvi
1017 2512 1120 2556 facti
1143 2527 1307 2567 sumus,
1331 2514 1443 2557 sicut
1464 2512 1570 2557 dicit
1586 2512 1846 2572 Apostolus:

462 2599 483 2622 »
521 2584 624 2641 Spes
640 2591 786 2626 autem
808 2598 908 2642 quae
928 2582 1101 2626 videtur
1116 2618 1127 2638 ‚
1148 2598 1237 2627 non
1265 2592 1328 2627 est
1348 2598 1459 2642 spes.
1486 2583 1617 2636 Quod
1639 2583 1756 2627 enim
1777 2583 1843 2627 vi·-

507 2673 517 2689 ¹
535 2667 647 2699 Mattln.
669 2678 717 2708 VI,
741 2679 793 2698 11.
817 2684 859 2689 --
887 2674 899 2690 ²
919 2669 1011 2700 Joan.
1034 2678 1077 2708 vi,
1094 2667 1147 2708 41.
1166 2685 1206 2690 —-
1224 2666 1236 2690 3
1258 2668 1334 2699 Psal.
1357 2679 1465 2708 mxxxi,
1490 2667 1525 2709 6,
1541 2673 1575 2700 et
1589 2669 1682 2700 Joan.
1703 2679 1736 2707 x,
1752 2666 1803 2708 34.
