1926 3339
349 295 591 326 ENARRATIO
624 298 670 326 IN
701 295 905 326 PsALMUM
936 297 1091 326 LXXXV·
1324 290 1408 330 205

26 365 136 410 tabis
168 378 177 405 z
212 372 262 408 tu
284 373 428 408 autern
456 365 506 408 si.
526 364 699 420 feceris,
736 374 779 409 et
811 363 952 408 salvus
973 362 1134 419 fueris,
1156 374 1273 409 recte
1303 367 1410 411 dicis

25 433 217 481 medico:
241 434 451 477 Liberasti
470 449 537 478 me
553 435 607 478 ab
624 433 881 492 aegritudine
894 455 905 492 3
920 450 1010 478 non
1028 435 1072 478 in
1090 450 1175 495 qua
1190 436 1280 495 jam
1299 451 1408 490 eras,

25 504 100 549 sed
120 504 164 547 in
191 520 278 560 qua
300 502 473 548 futurus
491 519 597 548 eras.
633 504 790 550 Nescio
816 505 912 564 quis
933 505 1099 548 habens
1118 520 1290 548 causam
1314 520 1412 550 mo-

23 573 198 629 lestam,
223 573 461 618 mittendus
478 585 569 618 erat
591 575 636 618 in
651 590 867 619 carcerem
888 574 1035 619 :venit
1056 573 1164 619 alius
1178 610 1191 630 ,
1217 574 1413 620 defendit

25 660 123 689 eum
150 664 160 689 :
180 645 335 703 gratias
360 661 489 704 agens
506 645 613 705 quid
636 645 772 691 dicit?
793 645 955 690 Eruisti
977 645 1166 690 animam
1194 661 1335 690 meam
1357 645 1414 691 de

24 729 207 766 carcere.
226 715 566 774 suspendendus
589 726 681 760 erat
692 716 885 771 debitor,
909 716 1106 761 solutum
1123 725 1186 760 est
1204 732 1284 776 pro
1314 732 1368 761 eo
1398 735 1409 762 ι

23 784 229 829 liberatus
251 786 409 830 dicitur
430 785 484 829 de
501 786 750 845 suspendio.
778 789 829 830 In
844 786 910 830 his
931 786 1134 830 omnibus
1150 802 1240 830 non
1263 795 1413 846 erant3

23 853 98 900 sed
131 855 234 916 quia
269 855 429 899 talibus
450 857 611 899 meritis
647 856 910 914 agebantur,
945 865 991 900 ut
1031 856 1111 899 nisi
1146 855 1413 900 subventum

23 934 131 969 esset
146 960 157 980 ‚
182 925 243 969 ibi
264 934 433 984 essentr,
465 925 570 969 inde
592 941 637 969 se
669 935 786 969 recte
816 924 970 969 dieunt
1000 924 1201 980 liberari,
1225 941 1315 985 quo
1336 941 1414 985 per

22 993 273 1040 liberatores
303 1011 401 1039 suos
433 1011 521 1040 non
562 1004 663 1039 sunt
686 995 880 1054 permissi
916 994 1113 1054 perduci.
1138 998 1280 1054 Ergo,
1325 995 1414 1040 lra-

21 1072 106 1109 tres
121 1100 131 1120 ‚
152 1067 240 1111 sive
261 1065 371 1110 illud
387 1100 398 1120 ‚
423 1065 512 1111 sive
539 1065 650 1109 illud
682 1066 758 1120 sit,
785 1065 855 1110 hie
884 1081 954 1109 me
981 1074 1266 1110 scrutatorem
1290 1066 1414 1110 verbi

22 1137 120 1191 Dei,
145 1152 235 1181 non
258 1137 537 1180 temerarium
571 1137 881 1181 affirmatorem
904 1136 1100 1181 teneatis.
1137 1156 1157 1180 κ
1186 1140 1243 1181 Et
1264 1137 1414 1182 eruisti

24 1224 44 1249 »
80 1207 269 1250 animam
291 1222 433 1250 meam
455 1222 506 1250 ex
523 1205 696 1250 inferno
718 1207 938 1251 inferiore.
968 1225 986 1248 ))

79 1279 200 1320 XIX.
243 1296 262 1319 «
299 1281 413 1322 Deus
440 1312 451 1332 ‚
486 1286 796 1336 praetereuntes
816 1276 958 1335 legem
985 1277 1315 1322 insurrexerunt
1335 1293 1413 1322 su-

25 1366 44 1390 »
79 1364 156 1408 per
178 1350 289 1391 me¹.
317 1367 336 1389 »
365 1353 479 1401 Quos
507 1347 612 1391 dicit
630 1356 940 1407 praetereuntes
963 1348 1134 1406 legem?
1153 1351 1251 1393 Non
1271 1353 1411 1408 Paga-

21 1434 98 1463 nos
114 1454 125 1474 ⁷
145 1419 222 1478 qui
239 1434 327 1463 non
346 1427 607 1477 acceperunt
619 1417 777 1476 legem.
794 1421 931 1463 Nemo
950 1419 1066 1461 enim
1080 1420 1272 1477 praeterit
1291 1419 1415 1480 quod

21 1504 109 1534 non
150 1489 331 1548 accepit.
370 1489 482 1532 Dicit
514 1488 749 1547 Apostolus
779 1487 959 1532 definite
987 1507 996 1532 :
1027 1508 1047 1530 «
1082 1489 1167 1533 Ubi
1194 1489 1315 1533 enim
1344 1490 1414 1533 lex

26 1579 43 1602 >J
79 1575 169 1603 non
199 1568 262 1602 est
282 1593 294 1614 ‚
332 1574 413 1603 nec
450 1558 794 1617 praevaricatio2.
830 1576 850 1599 >›
888 1561 1206 1603 Praetereuntes
1241 1558 1382 1618 legem
1397 1594 1409 1615 ,

20 1630 369 1690 praevaricatores
388 1629 492 1687 legis
509 1629 629 1673 dicit.
647 1632 766 1682 Quos
783 1644 886 1688 ergo
907 1628 1205 1688 intelligimus,
1233 1629 1414 1675 fratres?

23 1701 66 1746 Si
82 1701 137 1745 ab
161 1701 255 1760 ipso
278 1699 464 1745 Domino
487 1700 747 1759 accipiamus
764 1700 878 1744 hanc
898 1715 1074 1755 vocem,
1101 1710 1412 1760 praetereuntes

19 1771 158 1831 legem
180 1775 203 1816 J
210 1771 323 1816 udaei
344 1781 482 1816 erant.
514 1790 534 1813 ‹<
559 1774 894 1815 Insurrexerunt
906 1787 1035 1830 super
1056 1787 1125 1815 me
1149 1781 1414 1832 praetereun-

23 1861 44 1886 »
80 1852 141 1888 tes
162 1842 304 1902 legem
330 1862 339 1886 :
367 1861 388 1884 »
414 1858 504 1886 non
536 1851 818 1886 servaverunt
840 1841 1005 1900 legem,
1030 1851 1074 1885 et
1098 1853 1412 1888 accusaverunt

21 1914 268 1968 Christum,
300 1913 424 1973 quasi
455 1913 546 1972 ipse
569 1913 810 1972 praeteriret
842 1911 998 1970 legem.
1037 1932 1057 1954 «
1096 1917 1411 1958 Praetereuntes

25 2004 44 2028 ›>
78 1984 222 2044 legem
243 1984 569 2028 insurrexerunt
583 1999 715 2043 super
729 1999 814 2027 me.
838 2001 858 2024 »
877 1986 934 2027 Et
948 1999 1095 2043 passus
1118 1994 1182 2029 est
1199 1986 1411 2030 Dominus

21 2072 120 2116 quae
142 2056 357 2101 novimus.
377 2059 508 2100 Putas
535 2054 645 2099 nihil
673 2055 758 2099 tale
775 2055 940 2114 patitur
955 2055 1089 2099 modo
1112 2071 1269 2115 corpus
1290 2058 1411 2117 ejus?

21 2126 146 2172 Unde
178 2126 272 2170 fieri
299 2127 467 2186 potest?
502 2145 520 2166 «
549 2125 591 2171 Si
609 2124 964 2185 patremfamilias
997 2124 1244 2170 Beelzebub
1276 2143 1411 2172 voca-

7 2215 44 2240 ‚»
75 2206 261 2253 verunt,
286 2206 453 2257 quanto
473 2196 608 2255 magis
632 2195 891 2241 domesticos
920 2197 1040 2256 ejus?
1068 2199 1167 2242 Non
1194 2207 1257 2241 est
1279 2197 1410 2242 disci-

23 2285 44 2310 »
78 2268 208 2328 pulus
242 2283 371 2328 super
410 2267 690 2325 magistrum,
726 2282 806 2311 nec
835 2282 982 2311 servus
1016 2282 1146 2327 super
1182 2269 1411 2312 dominum

22 2356 43 2381 »
76 2340 247 2383 suum3.
268 2357 287 2380 »
316 2337 486 2382 Patitur
506 2346 550 2380 et
569 2352 727 2396 corpus
750 2345 1061 2396 praetereuntes
1082 2337 1222 2396 legem
1237 2373 1247 2393 ‚
1274 2347 1320 2382 et
1339 2339 1410 2383 in-

20 2420 205 2470 surgunt
219 2425 349 2470 super
362 2425 518 2468 corpus
531 2409 705 2453 Christi.
719 2412 1034 2452 Praetereuntes
1043 2407 1183 2467 legem
1196 2409 1411 2469 quisunt?

19 2480 243 2541 Numquid
262 2480 375 2525 forte
400 2479 543 2524 Judaei
576 2479 739 2523 audent
761 2479 983 2537 insurgere
1004 2495 1132 2539 super
1163 2481 1411 2525 Christum?

20 2553 118 2597 Non
144 2570 153 2596 :
179 2566 281 2595 nam
317 2566 398 2594 nec
426 2550 506 2609 ipsi
539 2549 665 2593 nobis
698 2547 825 2593 valde
862 2547 1030 2593 faciunt
1062 2549 1406 2596 tribulationem.

68 2643 78 2660 ¹
102 2636 183 2669 Psal.
202 2647 320 2677 mxxv,
345 2636 398 2678 14.
419 2652 461 2658 -
481 2641 495 2657 ²
515 2636 605 2666 Rom.
628 2645 676 2675 ιν,
699 2633 750 2666 15.
770 2651 810 2657 ——
831 2632 845 2657 3
864 2634 975 2667 Matth.
991 2646 1024 2674 x,
1040 2633 1096 2676 24,
1115 2635 1169 2667 25.
