1926 3339
196 309 436 338 ENARRATto
468 313 482 338 1
516 312 560 339 ΙΝ
593 310 796 339 ΡεΑιΜυΜ
830 313 1057 352 Lxxxvm,
1092 314 1231 343 SERMO
1264 319 1294 344 1.
1361 307 1444 347 255

56 373 163 419 mihi
190 390 280 419 non
303 374 471 420 dedisse
503 391 633 420 uvam
649 411 659 431 ‚
684 375 760 420 sed
786 377 958 435 spinas3
989 393 1033 421 se
1055 378 1272 438 intelligat
1302 382 1446 440 ingra-

57 454 147 491 tam
173 446 360 490 extitisse
388 444 622 504 plantatori
653 455 785 505 atque
814 446 998 502 cultori,
1025 448 1237 506 ingratam
1260 452 1445 496 extitisse

56 515 283 574 irrigatori.
301 519 416 573 Ergo
438 516 472 560 si
493 516 614 560 vinea
633 516 807 562 Domini
830 517 1018 562 Sabaoth
1037 518 1191 563 domus
1215 521 1344 564 Israel
1362 531 1442 578 est,

55 584 161 645 quid
182 585 287 630 dixit
303 585 466 630 iratus?
492 605 511 628 «
531 587 754 631 Mandabo
776 587 968 633 nubibus
991 589 1095 632 meis
1119 604 1174 633 ne
1192 588 1348 648 pluant
1370 607 1446 636 su-

59 675 78 698 »
112 672 189 716 per
210 672 305 702 eam
327 657 527 702 imbrem.
544 661 633 702 »Et
654 674 801 705 revera
819 659 878 705 ita
900 657 1023 705 fecit:
1041 660 1156 705 missi
1178 671 1280 706 sunt
1301 665 1444 722 Apos-

7 724 10 785 ζ
54 726 131 774 toli
153 736 360 788 tanquam
388 729 552 783 nubes,
588 737 636 772 ut
660 728 863 788 pluerent
885 732 909 774 J
916 729 1050 774 udaeis
1069 765 1079 785 ‚
1104 740 1147 775 et
1168 730 1230 775 illi
1258 733 1443 778 verbum

7 793 10 846 ἶ
53 797 131 842 Dei
152 798 409 857 repellentes
442 799 544 859 quia
570 814 650 858 pro
673 815 757 846 uva
791 800 931 859 spinas
959 799 1206 855 dederunt,
1239 801 1444 848 dixerunt

5 862 9 910 s
53 867 250 927 Apostoli
271 887 280 912 ε
301 887 321 910 «
342 868 410 912 Ad
426 885 500 913 vos
523 869 638 912 missi
660 885 829 913 eramus
844 905 854 924 ‚
887 869 964 914 sed
985 871 1087 930 quia
1111 871 1328 930 repulistis
1345 889 1444 918 ver-

6 935 7 962 ³
55 955 76 979 >1
110 938 218 982 bum
241 939 319 982 Dei
339 974 349 994 ‚
374 940 487 983 imus
505 938 560 983 ad
581 940 741 984 Gentes
757 942 787 982 ¹.
817 958 836 980 »
858 943 923 984 Ex
945 938 1021 985 illo
1050 951 1283 1000 coeperunt
1307 944 1444 988 nubes

51 1024 140 1056 non
161 1008 311 1068 pluere
330 1008 523 1068 pluviam
560 1025 689 1068 super
711 1009 883 1053 vineam
905 1008 1040 1054 illam.
1070 1011 1113 1055 Si
1141 1010 1274 1069 igitur
1301 1014 1442 1057 nubes

51 1088 152 1125 sunt
176 1079 479 1138 praedicatores
508 1080 698 1124 veritatis
715 1115 726 1134 ‚
759 1096 1005 1140 quaeramus
1036 1082 1174 1140 primo
1197 1099 1332 1142 quare
1357 1083 1444 1128 sint

50 1150 200 1198 nubes.
214 1150 350 1194 Iidem
373 1153 536 1210 quippe
557 1150 674 1206 coeli,
696 1150 828 1197 iidem
850 1152 989 1196 nubes
1008 1171 1016 1197 :
1035 1152 1136 1196 coeli
1157 1164 1336 1213 propter
1358 1154 1443 1198 fut-

51 1237 196 1280 gorem
211 1221 418 1275 veritatis,
436 1222 572 1265 nubes
594 1231 771 1281 propter
789 1221 959 1267 occulta
979 1224 1117 1267 carnis
1137 1243 1146 1268 :
1163 1225 1302 1269 nubes
1324 1226 1441 1269 enim

49 1308 197 1337 omnes
218 1293 441 1337 nebulosae
458 1303 558 1337 sunt
573 1328 584 1347 ‚
609 1302 788 1353 propter
809 1294 1117 1339 mortalitatem
1133 1331 1143 1350 ‚
1171 1306 1214 1340 et
1235 1298 1437 1352 veniunt,

47 1372 90 1408 et
112 1372 353 1407 transeunt.
381 1367 562 1423 Propter
591 1364 681 1422 ipsa
704 1363 875 1408 occulta
893 1365 1032 1409 carnis
1050 1401 1060 1420 ‚
1086 1364 1130 1408 id
1153 1375 1216 1410 est
1232 1402 1242 1422 ‚
1269 1367 1442 1413 occulta

47 1435 256 1490 nubium,
281 1435 340 1479 ait
361 1435 595 1495 Apostolus
624 1455 632 1480 :
668 1455 687 1478 «
713 1435 856 1481 Nolite
879 1445 978 1481 ante
1003 1446 1174 1496 tempus
1197 1438 1439 1499 quidquam

51 1525 71 1547 n
100 1506 320 1566 judicare,
347 1507 486 1552 donec
507 1507 655 1552 veniat
677 1508 888 1552 Dominus
903 1543 913 1562 ‚
939 1518 982 1551 et
1011 1508 1232 1552 illuminet
1253 1510 1439 1555 abscon-

51 1596 71 1619 »
106 1577 195 1622 dita
215 1579 711 1624 tenebra1-um2.»Nune
734 1594 835 1636 ergo
857 1578 964 1639 quid
987 1579 1192 1639 loquatur
1209 1581 1358 1635 homo,
1374 1582 1441 1626 vi-

0 1677 1 1712 3
48 1647 122 1692 des
143 1668 153 1705 3
179 1648 285 1708 quid
308 1658 444 1707 gestet
468 1649 512 1692 in
547 1648 677 1693 corde
697 1684 707 1703 ,
733 1665 823 1693 non
855 1649 975 1693 vides
1002 1669 1011 1694 ε
1038 1650 1160 1710 quod
1183 1652 1440 1710 exprimitur

0 1765 1 1772 χ
48 1718 102 1763 de
121 1719 240 1763 nube
256 1719 426 1776 ‚vides3
450 1719 570 1780 quod
589 1729 783 1764 servatur
804 1720 850 1763 in
873 1720 1008 1775 nube,
1027 1737 1117 1764 non
1141 1721 1277 1765 vides.
1303 1724 1439 1784 Cujus

47 1790 161 1834 enim
185 1790 301 1834 oculi
326 1791 490 1835 nubem
516 1792 776 1849 penetrant?
798 1793 914 1849 Ergo
945 1791 1085 1835 nubes
1106 1792 1150 1835 in
1174 1808 1303 1836 carne
1326 1809 1439 1852 prae-

46 1859 255 1905 dicatores
276 1862 481 1906 veritatis.
495 1861 625 1905 Venit
642 1870 685 1906 et
701 1862 791 1920 ipse
814 1862 1011 1905 omnium
1024 1864 1205 1906 Creator
1222 1863 1266 1906 in
1289 1880 1434 1908 carne.

49 1931 133 1976 Sed
150 1967 161 1986 ,
191 1951 209 1973 α
237 1933 342 1985 Quis
364 1933 406 1976 in
427 1932 619 1976 nubibus
638 1933 887 1991 aequabitur
905 1933 1123 1977 Domino?
1145 1934 1250 1987 Quis
1269 1950 1371 1993 ergo
1392 1938 1437 1980 in

49 2020 70 2046 »
104 2003 295 2047 nubibus
315 2004 565 2064 aequabitur
582 2004 784 2058 Domino,
802 2013 845 2047 et
867 2004 963 2063 quis
986 2003 1136 2048 similis
1153 2007 1234 2049 erit
1252 2007 1437 2052 Domino

49 2090 70 2115 »
103 2073 150 2116 in
170 2072 268 2118 filiis
292 2074 398 2118 Dei?
425 2093 444 2115 »
472 2077 588 2133 Ergo
613 2089 742 2117 nemo
763 2074 808 2117 in
831 2072 929 2118 filiis
952 2074 1028 2118 Dei
1050 2075 1200 2118 similis
1223 2076 1303 2119 erit
1326 2076 1437 2121 Filio

46 2143 137 2188 Dei.
162 2146 218 2188 Et
242 2145 333 2204 ipse
359 2135 501 2189 dictffs
528 2155 591 2189 est
610 2144 745 2189 Filius
769 2145 871 2199 Dei,
891 2155 934 2189 et
953 2161 1032 2189 nos
1058 2145 1163 2189 dicti
1193 2162 1341 2191 sumus
1359 2148 1437 2192 filii

47 2215 118 2259 Dei
139 2233 151 2260 2
173 2214 270 2270 sed,
299 2234 318 2257 «
341 2216 447 2269 Quis
470 2216 617 2260 similis
653 2216 735 2259 erit
756 2216 942 2260 Domino
965 2217 1011 2259 in
1050 2216 1148 2260 filiis
1173 2218 1278 2261 Dei?
1310 2237 1329 2258 »
1357 2218 1436 2262 Ille

46 2286 202 2330 unicus
219 2322 230 2342 ‚
256 2303 334 2331 nos
359 2286 488 2331 multi
516 2307 525 2331 ε
552 2287 625 2331 ille
648 2303 761 2331 unus
777 2323 787 2342 ,
814 2303 892 2331 nos
913 2288 958 2331 in
976 2286 1052 2332 illo
1074 2304 1239 2332 unum:
1265 2289 1337 2332 ille
1355 2306 1435 2333 na-

49 2364 114 2400 tus
131 2392 142 2411 ‚
160 2372 238 2401 nos
257 2356 454 2417 adoptati
476 2377 485 2402 z
505 2357 580 2401 ille
600 2358 655 2401 ab
673 2367 837 2402 aeterno
860 2357 995 2401 Filius
1019 2358 1190 2416 genitus
1214 2375 1290 2419 per
1312 2369 1438 2403 natu-

47 2443 136 2471 ram
156 2463 166 2484 ,
188 2442 266 2472 nos
289 2444 312 2472 a
337 2438 529 2488 tempore
547 2427 649 2472 facti
671 2444 749 2487 per
772 2429 952 2487 gratiam
976 2448 984 2473 :
1010 2428 1086 2472 il‘le
1107 2430 1199 2473 sine
1221 2429 1312 2474 ullo
1332 2446 1436 2490 pec-

46 2508 142 2543 cato
164 2534 175 2553 ,
217 2515 296 2542 nos
334 2515 410 2558 per
439 2499 564 2542 illum
605 2499 774 2542 liberati
803 2516 824 2542 a
848 2509 1044 2558 peccato.
1086 2519 1105 2541 «
1130 2502 1234 2553 Quis
1257 2517 1359 2560 ergo
1390 2502 1436 2545 in

51 2587 71 2610 »
106 2569 296 2614 nubibus
325 2570 575 2631 aequabitur
607 2571 818 2626 Domino,
845 2580 921 2614 aut
942 2572 1039 2630 quis
1067 2571 1215 2616 similis
1243 2573 1323 2617 erit
1346 2576 1435 2617 Do-

94 2660 103 2676 ¹
124 2656 196 2687 Act.
218 2666 286 2697 xm,
305 2654 361 2697 46.
383 2672 426 2678 —
451 2661 464 2677 ²
487 2666 499 2687 1
522 2657 595 2688 eor.
614 2665 659 2696 iv,
677 2652 709 2686 5.
