1926 3339
376 354 616 386 ENARRA‘rro
647 358 694 386 IN
725 354 929 385 PSALMUM
961 358 1141 386 LXXXVI.
1365 350 1451 389 219

75 439 97 463 >›
131 438 227 467 sum
243 424 401 484 janua..
423 441 443 464 »
474 422 704 476 Quomodo
726 437 828 480 ergo
860 431 910 466 tu
931 422 1104 467 omnia?
1132 423 1359 476 Quomodo
1376 441 1454 484 per

22 512 25 513 ⁷
69 508 139 537 me
156 495 315 538 omnia.
337 494 470 538 Verbi
490 494 625 553 grat-ia
641 529 652 549 ,
677 510 778 538 cum
806 493 967 537 Paulus
994 494 1128 537 intrat
1146 509 1225 554 per
1241 496 1421 554 januam
1437 531 1448 552 ‚
1490 522 1495 526 -

68 579 215 608 nonne
226 564 421 608 Christus
438 564 571 608 intrat
585 580 662 623 per
668 565 873 624 januam?
888 565 1053 617 Quare?
1065 566 1163 610 Non
1175 565 1278 625 quia
1292 564 1453 610 Paulus

67 634 288 691 Christus,
312 633 387 678 sed
408 634 509 694 quia
539 634 585 678 in
620 633 755 678 Paulo
792 634 1008 690 Christus,
1045 644 1088 679 et
1123 650 1201 695 per
1229 635 1452 681 Christum

67 703 242 749 Paulus,
262 708 358 764 Ipse
375 704 496 760 dixit,
517 708 618 749 «An
633 705 977 764 experimentum
992 707 1082 765 ejus
1092 706 1223 750 vultis
1240 707 1449 766 accipere,

69 793 92 817 »
126 776 202 836 qui
225 777 271 820 in
296 792 364 820 me
381 776 576 836 loquitur
596 777 792 821 Christus
810 779 854 820 1?
876 795 896 818 »
923 779 1037 821 Cum
1059 778 1195 822 sancti
1224 779 1316 838 ejus
1336 779 1455 822 et‘fi-

69 845 186 890 deles
210 849 302 907 ejus
330 848 492 892 intrant
515 848 804 907 perjanuam,
830 862 976 891 nonne
1006 848 1203 892 Christus
1231 848 1364 892 intrat
1381 865 1460 908 per

64 917 271 977 januam?
286 917 514 971 Quomodo
534 917 797 977 probamus?
810 917 922 969 Quia
939 917 1049 973 ipsos
1070 927 1240 962 sanctos
1257 920 1348 978 ejus
1361 935 1459 978 per-

67 987 337 1047 sequebatur
361 988 516 1033 Saulus
533 1023 544 1043 ,
569 986 768 1032 nondum
791 987 974 1040 Paulus,
998 988 1176 1047 quando
1198 989 1237 1032 ei
1259 988 1462 1035 clamavit

66 1057 122 1102 de
143 1057 260 1102 coelo
278 1077 287 1102 ε
328 1076 345 1098 «
375 1058 525 1114 Saule,
561 1057 714 1112 Saule,
735 1056 842 1118 quid
864 1072 934 1101 me
955 1059 1224 1119 persequeris
1239 1061 1281 1103 2?
1306 1063 1460 1119 »Ergo

63 1127 405 1174 fundamentum
419 1138 463 1173 et
484 1129 592 1189 lapis
616 1129 835 1187 angularis
855 1129 947 1188 ipse
965 1139 1052 1185 est,
1072 1129 1127 1173 ab
1150 1131 1237 1174 imo
1258 1146 1460 1190 surgens3

65 1200 100 1244 si
121 1203 268 1244 tamen
286 1200 340 1244 ab
362 1200 465 1245 imo.
493 1200 668 1245 Etenim
690 1200 810 1258 origo
833 1198 1109 1245 fundamenti
1131 1202 1260 1261 hujus
1282 1203 1461 1246 summi-

63 1278 196 1314 tatem
220 1279 340 1314 tenet
366 1290 375 1315 ε
401 1280 444 1314 et
473 1270 845 1330 quemadmodum
874 1269 1212 1315 fundamentum
1236 1287 1456 1331 corporeae

69 1338 246 1384 fabricae
262 1341 307 1383 in
328 1340 416 1384 imo
434 1350 522 1395 est,
547 1341 607 1385 sic
630 1340 966 1385 fundamentum
991 1341 1194 1400 spiritalis
1215 1341 1393 1386 fabricae
1413 1342 1459 1386 in

69 1426 242 1455 summo
269 1407 351 1455 estss
375 1413 416 1456 Si
440 1411 496 1456 ad
517 1421 674 1455 terram
696 1412 1032 1466 aedificaremur,
1054 1412 1098 1455 in
1120 1413 1207 1456 imo
1229 1412 1354 1457 nobis
1374 1428 1458 1472 po-

63 1480 261 1525 nendum
293 1491 385 1525 erat
419 1481 759 1526 fundamentum
785 1497 793 1523 :
820 1482 922 1542 quia
953 1482 1138 1527 coelestis
1172 1481 1337 1527 fabrica
1365 1493 1454 1539 est,

62 1552 116 1596 ad
133 1551 268 1596 coelos
282 1553 500 1612 praecessit
513 1552 851 1597 fundamentum
870 1556 1189 1612 nostrumese
1204 1568 1304 1611 ergo
1323 1569 1458 1612 angu-

55 1622 160 1667 ,laris
170 1621 293 1682 lapis,
316 1633 574 1684 montesque
583 1623 796 1683 Apostoli,
812 1624 1042 1683 Prophetae
1056 1625 1219 1682 magni,
1236 1633 1456 1683 portantes

60 1692 267 1737 fabricam
287 1694 484 1749 civitatis,
502 1693 669 1739 faciunt
686 1694 833 1738 vivum
852 1693 1075 1755 quoddam
1088 1694 1338 1738 aedificium.
1362 1697 1455 1740 Hoc

51 1763 293 1811 aedificium
315 1764 448 1809 modo
481 1765 640 1809 clamat
666 1764 721 1809 de
742 1764 948 1809 cordibus
970 1766 1144 1821 vestris,
1169 1766 1253 1809 hoc
1275 1766 1362 1823 agit
1384 1781 1454 1809 ar-

64 1834 242 1879 tificiosa
266 1850 420 1879 manus
453 1836 529 1879 Dei
558 1836 688 1879 etiam
724 1851 803 1895 per
841 1835 1042 1893 linguam
1084 1845 1275 1880 nostram
1295 1870 1306 1890 ,
1330 1846 1382 1879 ut
1403 1836 1459 1880 ad

51 1903 179 1948 ‘illius
201 1904 372 1948 aedificii
393 1905 604 1949 fabricam
627 1904 1002 1965 conquadremini.
1028 1908 1125 1951 Non
1155 1906 1270 1949 enim
1294 1905 1454 1950 frustra

46 1974 191 2018 ¹etiam
219 1975 273 2018 de
304 1974 430 2033 lignis
463 1974 685 2036 quadratis
722 1975 935 2019 aedificata
964 1985 1028 2019 est
1062 1991 1160 2019 arca
1187 1977 1328 2032 Noe3,
1357 1992 1458 2036 quae

59 2045 346 2090 nihilominus
381 2046 567 2105 figuram
605 2047 801 2105 gestabat
832 2046 1053 2091 Ecclesiae.
1092 2046 1208 2099 Quid
1243 2056 1306 2091 est
1338 2047 1455 2091 enim

59 2115 291 2177 quadrari?
304 2117 528 2161 Attendite
543 2117 874 2162 similitudinem
891 2117 1094 2178 quadrati
1107 2117 1264 2178 lapidis
1279 2134 1287 2159 :
1307 2118 1455 2162 similis

59 2185 192 2232 debet
220 2201 309 2231 esse
336 2187 621 2232 Christianus.
648 2191 700 2232 In
729 2189 848 2233 omni
875 2189 1115 2233 tentatione
1143 2205 1219 2233 sua
1241 2189 1452 2234 Christia-

57 2273 141 2302 nus
166 2273 257 2302 non
278 2258 394 2302 cadit
419 2277 428 2302 :
451 2267 495 2303 et
515 2259 549 2302 si
583 2258 823 2319 impellitur
839 2294 850 2315 ,
886 2269 930 2304 et
961 2260 1086 2320 quasi
1117 2260 1327 2316 vertitur,
1359 2276 1450 2305 non

59 2329 189 2373 cadit.
211 2331 319 2375 Nam
343 2328 606 2389 quadratum
626 2330 818 2390 lapidem
840 2346 1120 2392 quacumque
1138 2331 1332 2387 verteris,
1349 2341 1447 2376 stat.

56 2397 224 2444 Cadere
245 2400 323 2443 visi
344 2409 448 2444 sunt
467 2404 680 2458 Martyres
699 2437 710 2456 ,
735 2416 839 2445 cum
858 2411 1192 2461 percuterentur
1215 2421 1225 2447 z
1253 2401 1330 2446 sed
1341 2401 1450 2463 quid

55 2470 167 2514 dixit
182 2468 386 2530 quaedam
406 2486 490 2516 vox
524 2472 719 2516 Cantici?
745 2491 765 2513 «
790 2474 903 2517 Cum
938 2472 1142 2517 ceciderit
1163 2474 1305 2534 justus
1321 2508 1332 2528 ,
1358 2488 1448 2517 non

59 2558 80 2582 »
115 2541 476 2598 conturbabitur,
512 2542 721 2603 quoniam
756 2543 968 2588 Dominus
1005 2544 1236 2588 confirmat
1266 2559 1446 2588 manum

106 2657 114 2673 ¹
135 2659 155 2684 2
172 2652 243 2685 eor.
265 2660 331 2691 xm,
357 2650 387 2682 3.
415 2667 455 2673 —-
472 2657 484 2673 2
503 2652 641 2691 Act.1x‚
661 2650 695 2692 4.
715 2668 757 2673 -
779 2646 792 2672 3
812 2652 892 2684 Gen.
911 2661 955 2691 vi,
977 2649 1029 2692 14,
1045 2650 1139 2692 juxta
1153 2661 1226 2683 Lxx.
