1926 3339
393 290 635 321 ENARRA'mo
667 294 713 320 IN
744 292 947 321 PsALMUM
978 293 1120 322 Lxxv1.
1397 288 1446 326 11

46 414 50 419 μ
69 367 172 404 sunt
195 358 310 402 enim
334 358 402 402 isti
421 357 609 412 inimici,
634 357 716 401 nisi
737 356 799 401 illi
815 357 870 402 de
885 359 1046 418 quibus
1067 359 1173 404 dicit
1188 360 1449 420 Apostolus:

72 449 90 471 «
116 433 214 474 Non
245 438 309 473 est
337 429 460 474 vobis
489 427 740 472 colluctatio
771 428 974 474 adversus
1001 444 1175 474 carnem
1203 440 1247 474 et
1275 433 1451 490 sangui-

68 518 90 542 »
115 515 239 554 nem,
270 498 346 543 sed
364 498 568 543 adversus
584 498 872 558 principatus,
898 509 941 543 et
961 509 1216 559 potestates,
1244 510 1287 545 et
1307 511 1452 547 recto-

70 589 91 613 »
117 586 182 614 res
201 569 355 614 mundi
375 570 653 613 tenebrarum
676 570 847 625 harum,
863 571 1067 616 adversus
1082 572 1286 632 spiritalia
1301 573 1454 634 nequi-

69 658 90 682 »
115 641 187 684 tiae
204 641 249 684 in
262 639 514 684 coelestibus
529 642 568 683 ¹?
584 658 602 681 »
622 642 737 698 Ergo
755 641 958 686 adversus
976 641 1200 687 diabolum
1219 652 1262 687 et
1275 643 1452 702 angelos

67 714 158 773 ejus
194 712 438 756 inimicitias
474 727 739 756 exercemus.
776 715 982 757 Rectores
1015 729 1086 757 eos
1123 715 1278 759 mundi
1319 715 1446 771 dixit,

65 783 167 843 quia
187 783 268 843 ipsi
283 792 440 841 regunt
458 782 687 837 dilectores
707 782 876 827 mundi.
897 786 995 828 Non
1013 784 1128 827 enim
1148 794 1303 842 regunt
1320 801 1452 829 mun-

64 853 194 909 dum,
234 854 355 914 quasi
386 863 572 898 rectores
609 853 695 897 sint
728 852 830 897 coeli
861 862 904 897 et
935 863 1062 897 terrae
1088 873 1097 899 :
1123 848 1199 898 sed
1235 855 1452 899 mundum

63 933 311 984 peccatores
333 924 438 968 dicit
457 939 465 964 ε
486 943 506 965 «
530 926 588 968 Et
608 923 799 967 mundus
820 939 921 967 eum
945 940 1034 968 non
1056 925 1301 983 cognovit2.
1321 943 1341 966 »
1370 928 1454 970 Ta-

63 993 147 1040 lem
183 995 400 1038 mundum
434 992 498 1037 illi
520 1003 700 1051 regunt,
735 993 811 1054 qui
840 1008 929 1037 non
962 994 1183 1051 cognoscit
1209 995 1449 1039 Christum.

63 1067 225 1110 Contra
248 1066 326 1109 hos
344 1065 555 1109 habemus
578 1064 823 1108 inimicitias
841 1074 1087 1124 perpetuas.
1111 1065 1310 1125 Denique
1327 1081 1455 1126 quas-

60 1134 169 1179 libet
189 1135 349 1179 habeas
365 1134 608 1178 inimicitias
631 1133 835 1180 adversus
856 1135 1103 1188 hominem,
1125 1135 1287 1192 cogitas
1301 1136 1448 1192 finire,

61 1205 150 1250 sive
187 1206 301 1250 illius
333 1205 646 1260 satisfactione,
687 1206 720 1249 si
741 1206 833 1265 ipse
866 1214 908 1248 te
929 1204 1062 1260 laesit,
1087 1205 1176 1249 sive
1213 1216 1314 1261 tua,
1340 1206 1374 1250 si
1402 1217 1452 1251 tu

61 1276 227 1334 laesisti,
252 1277 340 1320 sive
373 1276 643 1330 alterutrius,
670 1276 704 1320 si
735 1291 811 1321 vos
841 1276 1027 1320 invicem
1057 1276 1246 1335 laesisti53
1281 1277 1452 1323 laboras

62 1347 305 1392 satisfacere
332 1356 375 1391 et
396 1348 662 1391 concordare
691 1367 700 1393 :
724 1362 823 1391 eum
853 1347 1030 1392 diabolo
1053 1358 1199 1392 autem
1220 1358 1263 1393 et
1292 1348 1451 1407 angelis

61 1419 152 1478 ejus
174 1417 293 1462 nulla
325 1414 556 1462 concordia
575 1412 652 1462 est.
676 1418 762 1477 Ipsi
784 1418 910 1462 nobis
928 1418 1126 1462 invident
1151 1425 1335 1477 regnum
1358 1435 1451 1464 coe-

60 1488 220 1533 lorum.
257 1488 483 1533 Mitescere
511 1488 692 1532 omnino
726 1504 827 1547 erga
864 1504 943 1533 nos
975 1504 1065 1533 non
1100 1498 1282 1548 possunt
1312 1508 1320 1532 :
1347 1489 1452 1549 quia

65 1579 85 1602 «
119 1559 479 1619 Anticipaverunt
511 1559 676 1617 vigilias
699 1575 849 1604 omnes
883 1560 1045 1604 inimici
1077 1560 1176 1603 mei.
1211 1578 1231 1602 »
1258 1560 1358 1604 Plus
1389 1560 1453 1604 illi

60 1629 348 1688 vigilaverunt
365 1629 419 1674 ad
437 1630 743 1690 decipiendum
758 1666 768 1685 ,
790 1646 922 1691 quam
942 1645 1021 1688 ego
1039 1630 1094 1675 ad
1112 1630 1452 1677 custodiendum

59 1716 144 1745 me.
167 1720 187 1743 «
204 1701 565 1760 Anticipaverunt
590 1700 759 1760 vigilias
786 1716 935 1746 omnes
958 1701 1126 1745 inimici
1148 1702 1249 1744 mei.
1282 1721 1300 1742 »
1327 1704 1452 1755 Quo-

58 1771 192 1815 modo
209 1772 326 1815 enim
350 1787 438 1815 non
462 1772 812 1832 anticipaverunt
834 1771 1014 1830 vigilias,
1040 1772 1116 1831 qui
1138 1772 1303 1832 ubique
1325 1788 1452 1816 scan-

59 1841 174 1897 dala,
194 1842 361 1902 ubique
385 1841 648 1901 muscipulas
671 1845 939 1902 posuerunt?
959 1834 1156 1887 Taediilm
1175 1843 1285 1887 inest
1303 1844 1448 1898 cordi,

59 1912 345 1956 metuendum
359 1921 422 1956 est
437 1928 490 1956 ne
503 1913 736 1957 absorbeat
749 1913 919 1957 tristitia
933 1933 941 1958 :
953 1913 1149 1958 inlaetitia
1164 1913 1450 1959 metuendum

59 1993 199 2028 estne
227 1984 454 2042 garriendo
485 1984 658 2028 deficiat
680 1985 853 2044 spiritus
876 1994 978 2030 tuus
1006 2006 1015 2031 ε
1046 2004 1065 2026 «
1088 1986 1452 2046 Anticipaverunt

57 2054 224 2114 vigilias
251 2071 400 2100 omnes
421 2055 585 2099 inimici
606 2055 707 2099 mei.
736 2074 756 2097 »
779 2057 978 2117 Denique
998 2056 1044 2100 in
1062 2057 1152 2116 ipsa
1175 2056 1449 2116 garrulitate,

58 2125 165 2170 dum
179 2126 387 2187 loqueris,
401 2136 444 2170 et
457 2142 632 2171 securus
646 2126 855 2186 loqueris,
876 2136 1040 2187 quanta
1055 2126 1316 2187 plerumque
1329 2127 1453 2171 inve-

57 2197 256 2251 niuntur,
278 2213 377 2256 quae
394 2196 532 2241 velint
553 2206 700 2241 tenere
717 2197 881 2241 inimici
897 2207 940 2241 et
962 2196 1280 2257 reprehendere
1294 2232 1305 2252 ,
1333 2196 1453 2241 unde

58 2266 195 2311 velint
211 2268 341 2311 etiam
358 2267 576 2311 criminari
590 2277 632 2311 et
644 2268 917 2323 calumniari,
930 2269 1014 2313 hoc
1028 2268 1136 2312 dixit
1152 2287 1161 2312 ε
1177 2267 1289 2312 illud
1300 2268 1448 2322 sensit,

59 2337 142 2382 hoc
151 2338 414 2382 loeutusestP
425 2337 535 2391 Quid
549 2338 677 2382 faciat
689 2339 836 2393 homo,
852 2339 933 2382 nisi
947 2339 1068 2399 quod
1079 2339 1294 2399 sequitur?
1307 2358 1327 2381 «
1339 2341 1453 2384 Con-

61 2427 81 2450 »
107 2409 308 2453 turbatus
321 2425 432 2465 sum,
449 2418 492 2453 et
505 2425 591 2453 non
602 2425 699 2453 sum
712 2409 899 2454 locutus.
917 2429 936 2451 »
952 2411 1250 2455 Conturbatus
1264 2426 1383 2468 ergo,
1395 2425 1451 2453 ne

56 2479 101 2523 in
126 2481 215 2539 ejus
233 2479 484 2538 garrulitate
505 2480 668 2524 inimici
692 2481 978 2540 anticipantes
996 2480 1187 2539 vigilias,
1212 2480 1449 2525 calumnias

58 2560 305 2611 quaererent
327 2560 370 2594 et
401 2551 672 2606 invenirent,
702 2567 793 2596 non
814 2561 878 2596 est
900 2551 1087 2596 locutus.
1114 2554 1351 2611 Nunquam
1381 2559 1449 2594 ta-

61 2641 64 2644 ’
106 2642 115 2658 ¹
138 2636 382 2678 Ephes.vr,12.
405 2652 446 2658 —
462 2642 476 2658 ²
491 2638 584 2668 Joan.
601 2647 625 2677 1,
648 2647 699 2669 10.
