1926 3339
245 315 485 345 munuum
517 319 549 344 11
582 318 627 344 m
659 313 861 343 PsAL-wmm
894 316 974 353 xc,
1010 313 1148 343 smum
1181 318 1228 342 11.
1352 307 1436 345 329

52 381 160 426 mini
181 381 227 425 in
249 384 387 425 terra?
406 382 487 434 Qui
509 390 611 425 sunt
633 379 763 440 pedes
787 379 992 423 Domini?
1015 379 1207 438 Apostoli
1229 381 1344 424 missi
1361 396 1437 440 per

52 460 196 496 totum
221 451 371 495 orbem
399 460 627 494 terrarum.
661 448 746 503 Qui
773 458 873 493 sunt
896 450 1027 508 pedes
1052 449 1255 493 Domini?
1277 450 1438 495 Omnes

52 520 342 580 Evangelistae
359 557 369 576 ‚
390 522 434 564 in
459 522 617 582 quibus
637 530 837 581 peragrat
860 520 1070 564 Dominus
1092 520 1312 564 universas
1331 536 1438 579 gen-

53 601 131 637 tes.
157 590 443 636 Metuendum
467 601 558 636 erat
577 608 632 636 ne
654 592 939 649 Evangelistae
963 591 1236 636 offenderent
1258 591 1304 634 in
1326 590 1438 651 lapi-

55 663 168 707 dem.
196 662 277 708 Illo
303 663 418 706 enim
441 663 485 706 in
507 662 623 707 coelo
647 663 786 722 posito
814 662 954 722 capite
972 698 982 717 ,
1008 661 1139 721 pedes
1162 662 1236 722 qui
1259 662 1303 705 in
1326 671 1439 706 terra

53 733 312 778 laborabant
326 770 336 788 ‚
361 744 536 794 possent
557 735 782 779 offendere
803 734 848 778 in
870 732 1074 793 lapidem.
1101 736 1151 776 In
1174 748 1306 793 quem
1327 732 1439 793 lapi-

55 803 186 848 dem?
207 806 258 847 In
276 807 435 862 Legem
465 806 510 848 in
533 804 692 849 tabulis
719 804 898 864 lapideis
920 803 1080 847 datam.
1105 805 1168 847 Ne
1191 819 1293 862 ergo
1317 805 1440 862 Legis

53 874 115 918 rei
132 874 301 929 fierent,
330 891 417 919 non
441 885 615 935 accepta
636 875 792 933 gratia,
817 884 859 918 et
878 875 920 918 in
943 877 1057 932 Lege
1075 874 1136 917 rei
1156 883 1437 932 tenerentur3

53 945 144 1004 ipsa
163 954 227 989 est
249 945 362 988 enim
382 945 563 989 offensio
581 955 723 989 reatus
744 965 752 990 z
779 960 887 1005 quos
911 947 1000 988 Lex
1023 943 1200 988 tenebat
1217 959 1310 988 reos
1327 979 1337 998 ,
1364 944 1442 989 ab-

53 1015 180 1062 solvit
208 1016 417 1060 Dominus
434 1052 444 1071 ‚
482 1026 532 1060 ut
555 1018 646 1077 jam
682 1017 727 1060 in
750 1020 912 1076 Legem
934 1031 1024 1060 non
1057 1014 1347 1059 offenderent.
1377 1018 1441 1061 Ne

53 1087 184 1147 pedes
199 1087 327 1147 hujus
343 1087 493 1146 capitis
512 1087 784 1132 incurrerent
801 1087 846 1131 in
859 1087 982 1145 Legis
1005 1096 1189 1142 reatum,
1206 1087 1360 1131 missus
1379 1096 1444 1131 est

57 1157 240 1216 Spiritus
261 1167 434 1202 sanctus
457 1167 506 1202 ut
529 1174 717 1203 amorem
746 1157 928 1212 faceret,
955 1167 997 1202 et
1019 1156 1203 1202 solveret
1226 1174 1248 1202 a
1267 1158 1436 1202 timore.

58 1229 204 1274 Timor
218 1232 374 1287 Legem
391 1246 479 1274 non
493 1230 719 1290 implebat,
737 1246 858 1274 amor
871 1229 1083 1289 implevit.
1099 1230 1355 1274 Timuerunt
1368 1231 1443 1274 ho-

55 1300 252 1344 homines
271 1336 282 1355 ,
306 1310 348 1344 et
364 1316 451 1344 non
472 1301 785 1360 impleverunt3
802 1310 1056 1345 amaverunt
1070 1310 1113 1344 et
1132 1299 1438 1360 impleverunt.

55 1370 287 1424 Quomodo
310 1371 567 1426 timuerunt,
586 1382 628 1416 et
656 1388 745 1416 non
768 1371 1084 1432 impleverunt3
1105 1380 1374 1426 amaverunt,
1401 1380 1444 1415 et

54 1441 378 1501 impleverunt?
392 1442 620 1486 Timebant
636 1443 848 1497 homines,
868 1452 910 1486 et
928 1442 1154 1501 rapiebant
1172 1457 1236 1485 res
1261 1441 1441 1500 alienas;

57 1522 313 1557 amaverunt
334 1523 377 1557 et
399 1512 673 1557 donaverunt
695 1530 806 1558 suas.
841 1516 957 1572 Ergo
979 1529 1068 1557 non
1092 1522 1154 1556 est
1175 1513 1441 1568 mirandum,

23 1614 25 1617 ι
57 1583 158 1644 quia
174 1582 274 1627 ideo
287 1583 333 1627 in
346 1584 548 1627 manibus
562 1584 828 1643 Angelorum
844 1592 1088 1642 assumptus
1102 1592 1165 1626 est
1179 1584 1386 1627 Dominus
1400 1584 1443 1627 in

54 1654 216 1699 coelum
237 1689 247 1709 ,
273 1670 328 1698 ne
346 1654 590 1699 offenderet
614 1654 668 1699 ad
689 1655 880 1714 lapidem
900 1670 975 1715 pes
1000 1655 1117 1715 ejus:
1141 1669 1196 1697 ne
1219 1653 1281 1697 illi
1304 1655 1380 1714 qui
1400 1655 1445 1697 in

54 1734 166 1769 terra
180 1724 442 1770 laborabant
458 1726 503 1770 in
520 1742 700 1786 corpore
714 1728 820 1787 ejus,
837 1737 1114 1787 peragrantes
1132 1736 1272 1771 totum
1294 1727 1446 1772 orbem

54 1805 266 1840 terrarum
280 1797 434 1841 fierent
457 1799 517 1841 rei
535 1798 674 1856 Legis,
691 1798 901 1859 subtraxit
917 1799 972 1842 ab
995 1799 1053 1842 eis
1071 1799 1287 1853 timorem,
1305 1807 1347 1842 et
1368 1798 1448 1841 im-

54 1866 189 1927 plevit
211 1882 282 1911 eos
312 1883 473 1912 amore.
514 1869 684 1913 Timore
709 1872 860 1913 Petrus
889 1878 955 1913 ter
985 1870 1160 1928 negavit
1178 1871 1216 1913 ¹:
1247 1869 1446 1913 nondum

56 1937 172 1982 enim
191 1947 416 1997 acceperat
443 1939 649 1998 Spiritum
674 1949 888 1984 sanctum.
906 1943 1098 1999 Accepto
1120 1949 1267 2000 postea
1283 1940 1445 1999 Spiritu

56 2018 220 2061 sancto,
232 2024 332 2052 cum
347 2008 504 2053 fiducia
520 2010 654 2068 coepit
669 2010 919 2069 praedicare.
935 2011 1020 2064 Qui
1037 2010 1091 2055 ad
1108 2026 1258 2055 vocem
1277 2009 1446 2054 ancillae

55 2088 121 2123 ter
136 2079 514 2139 negavit,accepto
535 2081 695 2140 Spiritu
710 2090 858 2125 sancto
873 2081 986 2125 inter
1008 2069 1176 2138 flagella
1198 2080 1447 2140 principum

57 2150 277 2195 confessus
299 2160 361 2194 est
384 2166 513 2211 quem
535 2156 811 2210 negaverat&
837 2155 932 2197 Non
958 2153 1116 2196 mirum
1141 2172 1148 2196 :
1171 2153 1272 2212 quia
1294 2152 1446 2196 Domi-

57 2238 139 2266 nus
161 2223 303 2281 ipsum
331 2222 495 2266 trinum
517 2223 718 2267 timorem
740 2224 854 2267 trino
875 2238 1021 2267 amore
1032 2223 1256 2267 ‘dissolvit.
1283 2226 1447 2267 Resur-

59 2307 160 2351 gens
182 2292 297 2336 enim
316 2308 337 2336 a
359 2293 540 2336 mortuis
559 2293 618 2337 ait
641 2297 770 2337 Petro
800 2314 808 2338 ;
834 2313 852 2335 «
880 2297 1005 2338 Petre
1020 2329 1030 2348 ‚
1053 2309 1168 2337 amas
1190 2295 1284 2337 me?
1307 2313 1325 2333 »
1351 2296 1449 2338 Non

60 2363 194 2407 dixit:
226 2363 365 2406 Times
390 2366 488 2407 me?
511 2366 621 2408 Nam
650 2364 683 2407 si
715 2364 858 2408 adhuc
887 2365 1083 2419 timeret,
1119 2364 1362 2408 offenderet
1395 2364 1451 2408 ad

59 2434 249 2494 lapidem
282 2433 439 2493 pedem
471 2451 614 2479 suum.
646 2455 666 2477 «
702 2440 831 2480 Amas
864 2452 964 2491 me,
1005 2455 1022 2477 »
1052 2437 1224 2496 inquit?
1258 2439 1315 2480 Et
1345 2434 1448 2491 ille,

66 2524 86 2547 «
119 2510 288 2549 Amo.»
328 2505 580 2550 Sussiciebat
611 2506 759 2550 semel.
798 2509 930 2551 Forte
965 2507 1073 2551 mihi
1101 2508 1343 2561 sufficeret,
1376 2507 1451 2566 qui

61 2591 135 2620 cor
156 2592 246 2620 non
267 2575 393 2620 video
424 2596 431 2620 z
458 2585 624 2636 quanto
648 2577 783 2635 magis
806 2578 1023 2622 sufficeret
1042 2577 1228 2621 Domino
1249 2612 1259 2624 ,
1286 2577 1361 2636 qui
1384 2577 1450 2619 vi-

110 2667 118 2682 ¹
139 2659 252 2691 Manli.
275 2670 361 2697 xxvi,
377 2659 491 2702 69-73.
517 2677 558 2682 —-
579 2668 590 2681 ἓ
610 2665 677 2691 Act.
699 2672 734 2699 ii,
763 2665 966 2701 1,etv‚29.
