1926 3339
446 337 530 376 322
870 345 902 372 s.
939 346 962 371 A
971 348 1169 373 consum
1202 346 1383 373 Emscom

443 410 726 455 bernaculum
748 411 825 454 Dei
845 425 944 454 caro
964 418 1042 453 est.
1070 413 1122 453 In
1144 425 1273 454 carne
1287 408 1548 453 inhabitavit
1568 408 1764 451 Verbum
1779 410 1792 434 ²
1814 442 1825 463 ,

443 493 486 526 et
507 497 607 526 caro
631 480 744 525 facta
765 490 829 525 est
859 479 1192 525 tabernaculum
1220 484 1325 525 Deo.
1354 483 1405 523 In
1427 479 1520 538 ipso
1547 477 1829 522 tabernaculo

445 554 687 610 Imperator
714 549 913 594 militavit
945 566 1023 609 pro
1056 550 1181 594 nobis
1208 569 1218 594 ε
1253 551 1297 593 in
1327 550 1420 609 ipso
1457 547 1740 592 tabernaculo
1775 547 1830 591 ab

441 622 564 666 hoste
588 630 777 665 tentatus
796 630 860 664 est
874 656 884 675 ‚
910 636 965 664 ne
987 619 1108 664 miles
1129 620 1350 664 deficeret.
1373 623 1429 663 Et
1450 619 1552 679 quia
1571 619 1709 678 ipsam
1731 633 1829 662 car-

443 707 544 735 nem
577 691 766 736 ostendit
799 690 936 734 oculis
968 690 1150 744 nostris,
1185 690 1287 750 quia
1309 689 1425 734 oculi
1456 690 1592 733 nostri
1629 689 1709 733 ista
1731 688 1830 733 luce

443 760 655 819 gaudent,
682 770 726 804 et
746 759 905 803 visibili
925 759 1092 803 lumine
1113 760 1194 804 isto
1216 760 1514 814 delectantur,
1539 760 1641 819 quia
1667 759 1714 802 in
1735 773 1831 802 ma-

442 830 718 876 nifestatione
738 831 884 890 posuit
906 846 1080 875 carnem
1100 846 1238 886 suam,
1260 840 1310 875 ut
1326 846 1474 875 omnes
1491 830 1689 874 viderent
1706 828 1830 874 :ideo
1852 880 1856 882 ἡ
1900 858 1904 884 :

443 902 637 947 Psalmus
667 901 775 946 dicit
802 920 812 946 z
840 920 860 943 «
886 904 938 945 In
970 901 1060 946 sole
1090 902 1235 961 posuit
1265 900 1601 946 tabernaculum
1634 915 1778 944 suum.
1805 917 1826 941 »
1901 893 1904 903 '

443 972 561 1027 Quid
592 981 682 1028 est,
710 991 732 1015 «
757 975 810 1016 In
840 971 960 1016 sole?
985 991 1004 1013 »
1040 975 1091 1016 In
1115 981 1286 1032 aperto,
1312 972 1358 1015 in
1378 970 1633 1025 manifesto,
1658 971 1704 1013 in
1731 968 1831 1014 10οθ
1878 963 1904 979 ”

444 1054 635 1100 terrena,
654 1044 700 1088 id
717 1053 780 1088 est
796 1079 807 1099 ,
830 1044 877 1087 in
893 1043 992 1088 luce
1013 1060 1112 1104 quae
1131 1054 1266 1088 terras
1290 1043 1345 1088 de
1367 1042 1479 1088 coelo
1502 1041 1749 1102 perfundit,
1769 1041 1832 1086 ibi
1900 1029 1905 1081 Ῐ

443 1115 589 1175 posuit
610 1113 941 1160 tabernaculum
962 1130 1104 1159 suum.
1125 1113 1210 1159 Sed
1231 1113 1454 1174 quomodo
1475 1113 1536 1157 ibi
1564 1121 1750 1172 poneret
1770 1121 1832 1156 ta·
1901 1158 1904 1172 Ι

444 1185 727 1230 bernaculum
751 1200 904 1240 suum,
935 1185 969 1229 si
1005 1201 1095 1229 non
1123 1194 1333 1245 tanquam
1369 1200 1549 1245 sponsus
1577 1183 1832 1243 procederet
1900 1179 1905 1235 ζ

444 1257 498 1301 de
523 1256 714 1300 thalamo
742 1258 851 1299 suo‘?
880 1256 964 1300 hoc
986 1256 1103 1299 enim
1120 1255 1316 1315 sequitur
1338 1274 1347 1299 ι
1377 1273 1398 1296 (1
1418 1257 1470 1298 In
1487 1255 1576 1299 sole
1600 1254 1741 1313 posuit
1764 1263 1830 1298 ta-

446 1347 465 1369 »
502 1327 788 1371 bernaculum
810 1342 954 1371 suum.
985 1345 1005 1367 »
1027 1329 1083 1371 Et
1099 1327 1221 1387 quasi
1241 1325 1461 1370 diceretur
1483 1326 1547 1370 ei:
1574 1325 1833 1379 Quomodo?
1901 1322 1905 1330 ’

446 1419 465 1440 «
503 1401 558 1442 Et
579 1399 669 1457 ipse
688 1433 699 1452 ‚
730 1398 900 1458 inquit,
930 1407 1138 1458 tanquam
1170 1413 1350 1457 sponsus
1387 1395 1627 1457 procedens
1658 1395 1713 1440 de
1737 1397 1833 1441 tha-
1901 1398 1905 1454 ξ

446 1488 464 1510 »
499 1468 616 1513 lamo
642 1484 720 1513 suo
740 1504 751 1524 ,
782 1468 989 1513 exultavit
1021 1477 1072 1512 ut
1099 1469 1214 1527 gigas
1253 1467 1308 1513 ad
1336 1466 1601 1512 currendam
1622 1467 1737 1511 viam
1749 1469 1781 1511 2.
1806 1484 1827 1509 n
1890 1471 1910 1480 ²

443 1539 573 1593 Quod
601 1548 664 1583 est
686 1539 1018 1583 tabernaculum
1035 1574 1045 1593 ,
1071 1539 1161 1597 ipsa
1188 1548 1252 1583 θεῖ
1273 1554 1442 1598 sponsa.
1475 1537 1671 1581 Verbum
1693 1553 1828 1598 spon-

445 1626 538 1664 sus,
574 1625 673 1654 caro
707 1625 884 1669 sponsa,
921 1619 964 1653 et
996 1609 1209 1653 thalamus
1230 1619 1378 1653 uterus
1400 1609 1602 1667 Virginis.
1629 1611 1686 1652 Et
1722 1607 1831 1668 quid

445 1680 551 1724 dicit
571 1679 836 1739 Apostolus?
863 1698 883 1722 «
902 1682 959 1723 Et
974 1688 1103 1724 erunt
1123 1679 1214 1724 duo
1234 1680 1281 1723 in
1299 1695 1428 1724 carne
1447 1695 1550 1723 una.
1575 1681 1832 1723 Sacramen-

447 1769 468 1791 »
504 1761 597 1794 tum
620 1751 702 1794 hoc
720 1765 928 1809 magnum
949 1759 1037 1808 θεῖς
1063 1765 1142 1808 ego
1174 1758 1321 1793 autem
1342 1749 1438 1793 dico
1461 1750 1506 1793 in
1525 1749 1698 1794 Christo
1721 1758 1765 1793 et
1786 1749 1833 1794 in

447 1839 466 1862 »
502 1821 691 1865 Ecclesia
705 1822 766 1864 3.»
784 1824 838 1864 Et
854 1820 962 1880 quid
982 1822 1071 1879 ipse
1095 1821 1304 1864 Dominus
1321 1821 1366 1863 in
1383 1819 1646 1877 Evangelio?
1659 1838 1678 1862 «
1691 1820 1831 1878 Igitur

446 1910 466 1931 »
497 1892 588 1950 jam
609 1907 698 1936 non
712 1900 814 1935 sunt
830 1890 936 1946 duo,
949 1890 1024 1957 spd
1042 1906 1127 1934 uua
1150 1891 1315 1935 ear04.»
1332 1892 1396 1934 Ex
1411 1889 1585 1934 duobus
1599 1905 1755 1945 unum,
1774 1905 1828 1934 ex

443 1963 589 2006 Verbo
611 1972 653 2006 et
674 1977 803 2006 carne
826 1977 940 2005 unus
962 1962 1110 2016 homo,
1128 1976 1240 2005 unus
1263 1964 1390 2005 Deus.
1405 1963 1498 2005 Hoc
1513 1971 1659 2006 autem
1676 1961 1825 2005 taber-

445 2031 650 2076 naculum
669 2032 759 2092 ejus
775 2033 905 2076 sensit
918 2031 1088 2090 flagella
1108 2031 1154 2075 in
1175 2041 1311 2089 terra;
1329 2029 1606 2075 manifestum
1628 2040 1707 2087 est,
1721 2031 1826 2091 quia

444 2102 687 2162 flagellatus
705 2113 769 2148 est
786 2103 1031 2148 Dominus⁵.
1048 2102 1274 2163 Numquid
1287 2103 1332 2146 in
1344 2101 1457 2147 coelo
1471 2103 1601 2147 sentit
1623 2102 1826 2160 flagella?

445 2177 619 2227 Quare?
649 2181 944 2235 Nequaquam.
986 2174 1095 2228 Quia
1132 2173 1389 2218 altissimum
1421 2174 1567 2232 posuit
1601 2171 1821 2232 refugium

443 2261 587 2301 suum,
605 2255 654 2290 ut
671 2255 781 2290 esset
801 2261 895 2305 spes
917 2253 1062 2288 nostra
1077 2265 1089 2302 3
1102 2254 1146 2288 et
1165 2260 1254 2289 non
1277 2244 1332 2288 ad
1352 2259 1452 2288 eum
1470 2243 1678 2288 accedent
1695 2244 1823 2299 mala,

443 2333 522 2362 nec
555 2317 778 2376 flagellum
805 2317 1114 2377 propinquabit
1142 2315 1424 2360 tabernaculo
1451 2317 1557 2376 ejus.
1594 2319 1744 2375 Longe
1764 2324 1829 2360 est

439 2405 570 2449 super
591 2405 740 2452 omnes
771 2387 929 2443 coelos,
958 2388 1033 2432 sed
1055 2387 1187 2447 pedes
1220 2388 1353 2432 habet
1374 2388 1417 2431 in
1453 2397 1580 2432 terra.
1612 2390 1757 2446 Caput
1779 2387 1828 2431 in

438 2461 552 2507 coelo
569 2471 652 2515 est,
672 2476 828 2520 corpus
849 2461 895 2503 in
919 2469 1044 2503 terra.
1070 2461 1183 2505 Cum
1206 2469 1349 2503 autem
1369 2459 1499 2519 pedes
1521 2460 1652 2519 ipsius
1674 2459 1827 2517 flagel—

435 2532 632 2577 larentur
652 2541 696 2576 et
716 2530 986 2576 calcarentur
1005 2547 1030 2574 a
1053 2529 1205 2585 Saulo,
1230 2530 1434 2575 clamavit
1454 2540 1584 2591 caput
1603 2550 1611 2575 :
1637 2549 1657 2573 «
1676 2529 1820 2584 Saule,

485 2635 495 2653 ¹
520 2631 612 2662 Joan.
634 2641 648 2662 1
663 2654 672 2670 ,
695 2626 747 2670 14.
771 2644 813 2650 ——
832 2634 845 2650 ²
870 2626 950 2660 Psal.
974 2637 1048 2661 xviu
1063 2652 1072 2669 ,
1090 2626 1122 2659 6.
1149 2643 1191 2650 ·-
1209 2624 1222 2650 ³
1241 2627 1356 2669 Ephes.
1375 2637 1408 2668 v,
1434 2626 1489 2669 31,
1511 2627 1563 2659 32.
1595 2643 1637 2650 -
1652 2625 1669 2657 4
1693 2626 1810 2659 Matth.

439 2696 509 2728 xix,
528 2687 561 2718 6.
581 2702 622 2708 -
645 2682 660 2708 ⁵
676 2685 722 2717 Id.
742 2694 845 2726 nvn,
863 2683 919 2716 26.
