1926 3339
459 267 512 302 20
893 268 924 294 s.
962 265 1189 294 Accus'nm
1224 261 1403 288 muscom

462 359 480 379 »
509 347 641 381 tuam.
671 353 691 374 »
716 334 870 378 Merito
893 345 994 388 ergo
1011 364 1021 382 ,
1052 348 1072 369 «
1097 325 1311 370 Viderunt
1339 332 1377 366 te
1401 336 1526 382 aquae
1549 324 1683 373 Deus,
1711 319 1833 362 vide-

460 426 480 449 »
515 414 618 450 runt
639 413 681 448 te
699 418 822 462 aquae
838 436 849 454 ‚
874 409 917 444 et
937 400 1192 443 timuerunt.
1221 413 1241 436 «
1261 393 1365 436 Ideo
1385 400 1564 436 mutatae
1586 398 1708 443 sunt,
1733 389 1835 449 quia

457 478 713 520 timuerunt.
743 491 759 511 «
788 470 1001 514 Viderunt
1025 476 1067 509 tc
1090 479 1213 524 aquae
1229 499 1240 518 ‚
1263 466 1376 508 Deus
1391 497 1402 513 ,
1427 471 1471 505 et
1491 462 1734 505 timuerunt
1760 477 1768 503 :
1793 467 1837 502 et

459 564 480 588 »
515 543 783 590 conturbatat
805 548 908 584 sunt
935 536 1092 595 abyssi.
1127 553 1146 575 »
1173 537 1280 587 Quae
1306 543 1408 578 sunt
1429 533 1600 590 abyssi?
1623 529 1837 576 Altitudi-

457 630 533 659 nes
568 627 794 673 aquarum.
821 609 925 661 Quis
958 622 1046 651 non
1082 605 1284 648 turbatur
1315 604 1359 647 in
1380 603 1575 662 populis,
1600 616 1701 645 cum
1728 615 1838 644 con-

456 683 632 728 scientia
656 680 881 739 pulsatur?
909 677 1074 729 Quaeris
1103 673 1377 718 altitudinem
1413 672 1564 726 maris,
1600 669 1709 731 quid
1737 684 1840 729 pro-

457 752 635 798 fundius
652 752 841 794 humana
858 745 1150 792 conscientia?
1167 747 1252 788 Ista
1269 741 1542 802 profunditas
1564 740 1740 785 turbata
1756 748 1835 796 est,

456 821 634 884 quando
667 819 712 864 in
748 818 924 863 brachio
958 832 1036 861 suo
1071 814 1255 859 redemit
1291 812 1504 872 populum
1542 826 1670 856 suum
1704 814 1834 855 Deus.

457 892 688 946 Quomodo
702 890 887 933 turbatae
900 896 1001 932 sunt
1012 886 1178 944 abyssi?
1192 883 1377 937 Quando
1393 898 1542 927 omnes
1555 881 1840 926 conscientias

457 979 554 1008 suas
576 960 825 1006 confitendo
847 957 1072 1002 fuderunt.
1103 975 1123 998 «
1146 958 1204 1000 Et
1225 954 1411 998 turbatae
1432 961 1533 997 sunt
1556 952 1710 1010 abyssi.
1741 969 1760 993 n

515 1035 638 1078 XIX.
664 1052 684 1074 «
708 1030 945 1076 Multitudo
967 1028 1132 1073 sonitus
1150 1041 1376 1086 aquarum.
1400 1043 1420 1066 »
1441 1028 1491 1068 In
1511 1022 1715 1068 laudibus
1736 1022 1837 1078 Dei,

455 1105 502 1149 in
537 1101 876 1148 confessionibus
899 1108 1198 1159 peccatorum,
1224 1098 1270 1140 in
1301 1095 1475 1153 hymnis
1497 1103 1541 1138 et
1568 1093 1769 1148 canticis,
1794 1093 1840 1149 in

457 1173 726 1219 orationibus
742 1207 752 1226 ‚
785 1190 802 1211 «
827 1169 1066 1215 Multitudo
1085 1168 1249 1212 sonitus
1271 1180 1497 1226 aquarum.
1525 1167 1688 1209 Vocem
1707 1163 1842 1207 dede-

462 1266 480 1286 »
506 1253 610 1288 runt
627 1243 766 1286 nubes
786 1244 815 1284 ¹.
840 1260 860 1282 »
886 1241 993 1284 Inde
1006 1240 1085 1284 iste
1102 1239 1267 1283 sonitus
1289 1252 1518 1296 aquarum,
1538 1235 1641 1279 inde
1659 1237 1840 1293 abysso-

457 1330 555 1358 rum
592 1312 840 1372 pertubatio
857 1346 867 1366 ,
893 1310 995 1370 quia
1022 1329 1040 1350 α
1066 1312 1229 1353 Vocem
1252 1307 1467 1351 dederunt
1498 1306 1652 1350 nubes.
1685 1325 1705 1347 »
1732 1309 1841 1360 Quae

454 1384 620 1428 nubes?
642 1381 948 1426 Praedicatores
971 1379 1093 1424 verbi
1114 1379 1320 1423 veritatis.
1347 1381 1455 1431 Quae
1474 1379 1640 1422 nubes?
1662 1380 1724 1422 De
1744 1378 1843 1438 qui-

456 1455 539 1498 bus
556 1453 745 1496 minatur
758 1450 931 1495 cuidam
946 1450 1082 1493 vineae
1102 1452 1231 1503 Deus,
1253 1464 1352 1508 quae
1365 1464 1445 1507 pro
1459 1464 1542 1492 uva
1558 1446 1661 1492 fecii
1675 1448 1840 1507 spinas;

457 1533 500 1567 et
526 1523 631 1567 dicit
657 1541 666 1566 2
697 1542 716 1563 «
736 1519 956 1565 Mandabo
978 1519 1168 1563 nubibus
1190 1520 1318 1573 meis,
1344 1534 1398 1561 ne
1421 1518 1577 1577 pluant
1596 1533 1725 1577 super
1746 1533 1843 1561 eam

460 1613 480 1635 »
518 1593 701 1636 imbrem
715 1595 747 1634 ².
787 1609 807 1631 )›
848 1591 1044 1650 Denique
1078 1588 1274 1648 Apostoli
1313 1589 1605 1648 relinquentes
1640 1592 1663 1632 J
1671 1588 1839 1644 udaeos‚

457 1664 600 1708 ierunt
619 1663 673 1705 ad
694 1663 878 1705 Gentes:
899 1660 944 1703 in
960 1659 1161 1703 omnibus
1179 1659 1379 1717 gentibus
1401 1678 1421 1701 «
1444 1661 1607 1702 Vocem
1626 1658 1844 1702 dederunt

460 1753 480 1776 >1
519 1734 659 1778 nubes
687 1751 694 1777 :
723 1750 743 1773 »
777 1729 1057 1792 praedicando
1084 1730 1305 1775 Christum
1331 1749 1341 1774 :
1373 1749 1392 1771 «
1426 1732 1590 1774 Vocem
1624 1728 1844 1774 dederunt

461 1822 482 1845 n
517 1803 671 1847 nubes.
700 1820 721 1843 »

516 1876 616 1918 XX.
644 1893 664 1915 «
688 1872 862 1917 Etenim
883 1872 1047 1929 sagittae
1069 1881 1156 1915 tuae
1177 1871 1564 1931 pertransierunt?
1604 1889 1624 1912 »
1654 1871 1841 1916 Easdem

455 1960 581 1989 voces
600 1943 785 1987 nubium
802 1957 948 1986 rursus
965 1942 1135 1999 sagittas
1148 1941 1269 1985 dixit.
1293 1941 1435 1985 Verba
1459 1941 1575 1985 enim
1592 1941 1843 2000 Evangelis-

455 2024 600 2059 tarum
636 2013 802 2072 sagittae
840 2011 1034 2056 fuerunt.
1079 2010 1386 2056 Similitudines
1421 2011 1537 2055 enim
1575 2021 1691 2056 sunt.
1732 2015 1842 2057 Nam

456 2086 628 2146 proprie
650 2100 729 2129 nec
751 2085 901 2142 sagitta
924 2093 987 2127 est
1007 2082 1174 2141 pluvia,
1200 2098 1279 2126 nec
1301 2082 1448 2141 pluvia
1472 2083 1626 2142 sagitta
1645 2103 1654 2129 2
1674 2093 1718 2128 at
1739 2099 1842 2128 vero

459 2157 641 2201 verbum
660 2155 759 2210 Dei,
784 2164 827 2198 et
843 2155 996 2212 sagitta
1019 2162 1106 2207 est,
1131 2153 1230 2212 quia
1250 2154 1460 2211 percutit3
1484 2162 1526 2197 et
1543 2153 1712 2213 pluvia,
1739 2155 1843 2215 quia

456 2228 581 2286 rigat.
616 2228 753 2270 Nemo
787 2239 887 2282 ergo
920 2226 1010 2283 jam
1038 2223 1218 2266 miretur
1252 2223 1507 2280 abyssorum
1540 2224 1843 2270 conturbatio-

457 2313 557 2342 nem
574 2332 585 2352 ,
611 2294 788 2355 quando
816 2314 835 2336 «
863 2295 1036 2353 Sagittae
1072 2303 1157 2337 tuae
1182 2294 1538 2353 pertransierunt.
1563 2314 1582 2335 n
1609 2295 1725 2348 Quid
1749 2305 1837 2340 est:

461 2387 482 2409 α
522 2366 899 2410 Pertransierunt‘?
932 2382 950 2405 »
992 2366 1089 2409 Non
1122 2364 1168 2406 in
1201 2363 1378 2407 auribus
1401 2375 1725 2421 remanserunt,
1766 2365 1842 2410 sed

455 2436 587 2481 corda
617 2435 939 2480 transfixerunt.
981 2453 1001 2475 ‹<
1033 2436 1125 2478 Vox
1148 2434 1328 2478 tonitrui
1353 2427 1414 2477 tui
1448 2435 1494 2478 in
1528 2444 1636 2479 rota.
1678 2454 1697 2476 »
1724 2435 1842 2489 Quid

456 2517 520 2551 est
539 2508 654 2550 hoc?
676 2507 906 2559 Quomodo
924 2504 1187 2549 intellecturi
1209 2507 1382 2548 sumus?
1404 2505 1593 2565 Adjuvet
1611 2508 1836 2563 Dominus,

501 2598 508 2612 ¹
540 2591 743 2629 Psal.txxv1‚
769 2591 817 2622 18.
840 2608 880 2612 -—
907 2596 919 2611 ²
943 2590 1012 2621 Isa'i.
1037 2602 1065 2627 v,
1085 2589 1118 2620 6.
1138 2607 1177 2611 —
1198 2588 1210 2612 3
1231 2589 1307 2622 psal.
1330 2601 1432 2631 mxxvi,
1454 2602 1506 2632 19·
