1926 3339
474 280 553 316 130
903 288 937 316 S.
974 289 1201 316 Ati-cesum
1236 290 1417 317 EPISCOI‘I

467 371 487 394 n
521 362 563 396 et
585 353 662 396 filii
685 352 887 397 Altissimi
909 368 1072 397 omnes.
1100 372 1120 396 »
1146 353 1215 398 Ad
1236 368 1307 397 eos
1334 352 1485 412 ntique
1517 352 1595 412 qui
1617 351 1846 410 praedesti-

463 423 553 476 nati
571 432 672 466 sunt
692 423 738 466 in
757 423 892 467 vitam
918 433 1125 467 aeternam
1151 443 1159 468 :
1184 423 1239 467 ad
1261 423 1364 467 alios
1386 438 1489 467 vero
1517 441 1526 466 :
1555 441 1576 463 «
1592 424 1678 466 Vos
1704 431 1847 466 autem

467 510 487 533 »
521 493 633 537 sicut
653 492 850 537 homines
882 493 1145 548 moriemini,
1171 503 1214 537 et
1240 494 1351 536 sicut
1368 508 1480 536 unus
1505 508 1555 536 ex
1577 491 1848 551 principibus

467 580 487 604 »
522 563 683 606 cadetis
698 597 709 617 ,
737 581 757 603 »
778 563 861 606 hoc
883 563 1014 607 modo
1036 563 1164 606 etiam
1176 563 1279 607 deos
1301 562 1549 607 discernens
1567 581 1575 606 :
1594 562 1681 606 sive
1699 577 1849 606 omnes

466 632 593 676 simul
621 633 842 691 increpat,
878 642 928 676 ut
955 632 1206 677 obedientes
1247 642 1551 692 correctosque
1587 631 1805 676 discernat
1836 651 1846 677 z

472 721 492 744 «
525 705 641 760 Ego,
665 702 830 762 inquit,
860 701 973 746 dixi:
994 702 1056 745 Dii
1078 701 1198 757 estis,
1223 711 1267 745 et
1288 701 1366 745 filii
1384 700 1591 745 Altissimi
1613 716 1763 746 omnes
1788 719 1798 746 2
1825 719 1846 743 »

467 771 512 815 id
531 781 618 827 est,
639 772 841 816 omnibus
864 772 988 816 vobis
1010 772 1183 831 promisi
1200 770 1422 816 coelestem
1436 770 1712 816 felicitatem:
1733 774 1851 816 «Vos

470 862 488 883 »
523 852 669 886 autem
686 877 697 896 ,
727 862 744 884 »
761 857 837 902 per
858 843 1154 886 infirmitatem
1173 842 1311 886 carnis
1331 862 1340 886 :
1360 861 1379 883 «
1402 843 1523 886 Sicut
1545 842 1745 886 homines
1758 856 1852 887 mo·
1911 872 1926 906 3

470 930 490 953 »
525 912 694 956 riemini
715 932 725 969 3
752 930 772 953 »
793 922 835 956 et
849 928 924 972 per
941 912 1171 957 elationem
1192 913 1347 957 animi:
1368 932 1388 954 «
1405 912 1525 957 Sicut
1536 927 1648 956 unus
1660 927 1710 956 ex
1730 912 1852 972 prin-

467 1001 488 1024 »
523 983 706 1042 cipibus,
723 983 767 1027 id
781 993 858 1039 est,
877 984 1091 1038 diabolus,
1107 999 1197 1028 non
1211 983 1491 1038 extollemini,
1504 982 1578 1027 sed
1594 1002 1614 1026 «
1629 983 1815 1028 Cadetis.
1825 1000 1846 1025 »

465 1053 596 1097 Velut
607 1053 640 1096 si
656 1054 819 1097 diceret
844 1072 853 1098 ε
878 1057 990 1098 Cum
1012 1064 1099 1098 tam
1120 1055 1243 1113 pauci
1265 1054 1349 1098 sint·
1371 1053 1460 1097 dies
1473 1054 1573 1098 vitae
1595 1063 1751 1098 vestrae
1768 1089 1779 1110 ,
1800 1062 1852 1098 ut
1907 1076 1911 1095 a

464 1124 549 1168 cito
567 1125 677 1167 sicut
690 1124 886 1168 homines
906 1125 1175 1178 moriamini,
1201 1140 1291 1168 non
1319 1125 1439 1168 vobis
1462 1123 1636 1183 prodest
1664 1124 1720 1168 ad
1752 1140 1850 1170 cor-

465 1195 700 1239 rectionem
723 1214 730 1239 :
756 1195 831 1239 sed
847 1205 1052 1255 tanquam
1077 1195 1274 1240 diabolus
1295 1231 1305 1250 ,
1330 1197 1453 1255 cujus
1479 1195 1569 1240 dies
1590 1195 1635 1239 in
1657 1197 1739 1240 hoc
1767 1210 1849 1240 sae-

463 1264 563 1309 culo
584 1264 709 1307 multi
729 1274 856 1319 sunt,
886 1266 988 1325 quia
1011 1281 1139 1310 carne
1157 1281 1246 1310 non
1268 1267 1466 1321 moritur,
1492 1265 1774 1322 extollimini,
1800 1276 1850 1311 ut

463 1334 637 1378 cadatis.
665 1338 745 1378 Per
764 1334 1023 1379 diabolicam
1042 1336 1205 1396 quippe
1230 1337 1476 1396 superbiam
1499 1335 1663 1381 factum
1684 1345 1774 1392 est,
1799 1346 1850 1381 ut

463 1405 622 1449 Christi
645 1404 792 1463 gloriae
813 1406 1000 1464 perversi
1023 1416 1067 1450 et
1093 1408 1195 1451 caeci
1224 1407 1438 1467 principes
1460 1407 1715 1452 Judaeorum
1734 1407 1851 1453 invi-

464 1473 626 1518 dissent
650 1493 659 1519 :
681 1490 757 1534 per
777 1476 861 1519 hoc
876 1476 1028 1520 vitium
1050 1475 1212 1520 factum
1237 1487 1325 1532 est,
1351 1488 1394 1521 et
1415 1479 1492 1533 fit,
1518 1486 1569 1522 ut
1589 1478 1748 1523 Christi
1776 1493 1850 1522 ns-

463 1560 548 1604 que
576 1544 630 1589 ad
652 1555 837 1589 mortem
859 1546 1050 1590 crucifixi
1074 1546 1292 1592 humilitas
1312 1547 1490 1592 vilescat
1511 1549 1569 1592 eis
1586 1583 1596 1603 ,
1622 1549 1697 1608 qui
1718 1549 1849 1610 hujus

463 1615 609 1659 saeculi
627 1615 816 1675 diligunt
837 1616 1152 1661 excellentiam.

522 1689 619 1730 VII.
656 1687 843 1730 Proinde
865 1697 915 1731 ut
931 1688 1014 1731 hoc
1031 1688 1185 1732 vitium
1198 1697 1373 1732 sanetur
1384 1724 1394 1743 ,
1409 1689 1603 1748 exipsius
1618 1690 1849 1749 Prophetae

463 1771 643 1815 persona
661 1756 820 1800 dicitur
840 1776 849 1801 ε
879 1776 899 1799 «
927 1760 1062 1816 Surge
1083 1761 1223 1814 Deus,
1244 1757 1394 1819 judica
1407 1767 1565 1802 terram
1579 1761 1609 1802 ¹.
1631 1779 1649 1800 »
1669 1761 1848 1804 Tumuit

463 1826 577 1869 enim
602 1835 735 1881 terra,
760 1842 861 1871 cum
884 1836 925 1870 te
938 1828 1209 1886 crucifigeret
1227 1847 1235 1872 ;
1257 1831 1427 1886 «Surge
1449 1844 1472 1872 a
1490 1829 1688 1884 mortuis,
1702 1839 1746 1874 et
1760 1831 1838 1890 ju-

469 1916 487 1938 »
506 1897 606 1941 dica
619 1907 793 1942 terram.
806 1899 1018 1951 Quoniam
1029 1908 1077 1942 tu
1087 1899 1306 1958 disperdes
1318 1900 1363 1943 in
1377 1900 1581 1944 omnibus
1591 1901 1793 1959 gentibus
1804 1921 1812 1946 ε
1823 1920 1843 1943 »

461 1966 590 2027 quid,
614 1968 696 2011 nisi
719 1970 908 2012 terram?
933 1970 1016 2013 hoc
1037 1977 1128 2023 est,
1154 1984 1226 2013 eos
1247 1970 1323 2030 qui
1348 1979 1517 2014 terrena
1538 1971 1712 2029 sapiunt
1727 2006 1739 2026 ‚
1763 1972 1848 2015 sive

459 2037 601 2096 ipsum
623 2038 829 2082 affectum
851 2040 893 2082 in
912 2039 1190 2084 credentibus
1205 2049 1388 2084 terrenae
1399 2041 1613 2100 cupidatis
1635 2051 1679 2086 et
1699 2040 1847 2086 elatio-

459 2123 560 2151 nem
583 2108 837 2165 absumens·,
861 2110 949 2153 sive
971 2125 1060 2154 non
1081 2110 1326 2166 credentes,
1353 2121 1510 2156 terram
1535 2112 1846 2158 conterendam

458 2177 813 2237 perdendamque
847 2178 1105 2223 discernens.
1139 2181 1207 2224 Sic
1234 2196 1310 2240 per
1332 2182 1528 2226 membra
1553 2198 1628 2226 sua
1656 2196 1846 2243 quorum

460 2248 729 2292 conversatio
760 2248 805 2291 in
839 2248 961 2293 coelis
990 2259 1080 2305 est,
1106 2251 1274 2310 judicat
1296 2260 1476 2307 terram,
1501 2261 1545 2296 et
1565 2251 1774 2312 disperdit
1799 2253 1846 2296 in

460 2318 661 2361 omnibus
695 2319 911 2375 gentibus.
951 2322 1039 2364 Nec
1074 2322 1429 2379 praetereundum
1444 2357 1456 2377 ,
1491 2322 1612 2382 qnod
1643 2321 1845 2367 nonnulli

459 2389 628 2433 codices
659 2389 820 2433 habent
847 2409 856 2434 :
893 2409 912 2431 «
941 2390 1154 2443 Quoniam
1189 2401 1235 2435 tn
1263 2392 1537 2437 haereditabis
1565 2393 1611 2437 in
1640 2394 1844 2438 omnibus

463 2478 483 2500 »
519 2459 734 2517 gentibus.
760 2477 779 2499 »
807 2460 913 2512 Quia
936 2470 978 2504 et
1001 2461 1083 2504 hoc
1106 2477 1195 2505 non
1232 2463 1584 2506 inconvenienter
1616 2464 1839 2523 accipitur,

460 2544 612 2589 neque·
626 2539 672 2573 ut
688 2529 817 2573 simul
838 2540 1072 2590 utrumque
1084 2531 1138 2575 sit
1159 2532 1400 2592 quidquam
1409 2542 1638 2593 repugnat.
1655 2534 1727 2579 Fit
1740 2549 1842 2593 ergo

509 2619 515 2635 ¹
540 2612 615 2644 Psal,
639 2623 746 2654 mxxi,
765 2615 796 2645 8.
