<?xml version="1.0" encoding="UTF-8"?>
<!DOCTYPE html PUBLIC "-//W3C//DTD XHTML 1.0 Transitional//EN"
    "http://www.w3.org/TR/xhtml1/DTD/xhtml1-transitional.dtd">
<html xmlns="http://www.w3.org/1999/xhtml" xml:lang="en" lang="en">
 <head>
  <title>
</title>
<meta http-equiv="Content-Type" content="text/html;charset=utf-8" />
  <meta name='ocr-system' content='tesseract 3.04.00' />
  <meta name='ocr-capabilities' content='ocr_page ocr_carea ocr_par ocr_line ocrx_word'/>
</head>
<body>
  <div class='ocr_page' id='page_1' title='image "./operaomniaaccura10auguuoft_0471.png"; bbox 0 0 1926 3339; ppageno 0'>
   <div class='ocr_carea' id='block_1_1' title="bbox 0 0 37 1217">
    <p class='ocr_par' dir='ltr' id='par_1_1' title="bbox 0 0 37 1217">
     <span class='ocr_line' id='line_1_1' title="bbox 0 0 37 1217; baseline 0 0"><span class='ocrx_word' id='word_1_1' title='bbox 0 0 37 1217; x_wconf 95' lang='lat' dir='ltr'> </span> 
     </span>
    </p>
   </div>
   <div class='ocr_carea' id='block_1_2' title="bbox 0 1199 11 2159">
    <p class='ocr_par' dir='ltr' id='par_1_2' title="bbox 0 1199 11 2159">
     <span class='ocr_line' id='line_1_2' title="bbox 0 1199 11 2159; baseline 0 0"><span class='ocrx_word' id='word_1_2' title='bbox 0 1199 11 2159; x_wconf 95' lang='lat' dir='ltr'> </span> 
     </span>
    </p>
   </div>
   <div class='ocr_carea' id='block_1_3' title="bbox 416 291 1445 330">
    <p class='ocr_par' dir='ltr' id='par_1_3' title="bbox 416 291 1445 330">
     <span class='ocr_line' id='line_1_3' title="bbox 416 291 1445 330; baseline 0 -1"><span class='ocrx_word' id='word_1_3' title='bbox 416 300 658 330; x_wconf 66' lang='lat' dir='ltr'>munaum</span> <span class='ocrx_word' id='word_1_4' title='bbox 690 302 737 328; x_wconf 78' lang='lat' dir='ltr'>m</span> <span class='ocrx_word' id='word_1_5' title='bbox 768 299 972 328; x_wconf 71' lang='lat' dir='ltr'>PsALMUM</span> <span class='ocrx_word' id='word_1_6' title='bbox 1001 299 1118 326; x_wconf 86' lang='lat' dir='ltr'>xcm.</span> <span class='ocrx_word' id='word_1_7' title='bbox 1360 291 1445 330; x_wconf 89' lang='grc'>379</span> 
     </span>
    </p>
   </div>
   <div class='ocr_carea' id='block_1_4' title="bbox 0 368 1466 2630">
    <p class='ocr_par' dir='ltr' id='par_1_4' title="bbox 0 368 1466 2630">
     <span class='ocr_line' id='line_1_4' title="bbox 61 368 1446 426; baseline -0.004 -10"><span class='ocrx_word' id='word_1_8' title='bbox 61 371 227 416; x_wconf 89' lang='lat' dir='ltr'>dictum</span> <span class='ocrx_word' id='word_1_9' title='bbox 247 377 311 413; x_wconf 92' lang='lat' dir='ltr'>est</span> <span class='ocrx_word' id='word_1_10' title='bbox 338 386 347 414; x_wconf 74' lang='grc' dir='ltr'>ε</span> <span class='ocrx_word' id='word_1_11' title='bbox 370 387 390 410; x_wconf 88' lang='lat'>«</span> <span class='ocrx_word' id='word_1_12' title='bbox 414 371 521 413; x_wconf 83' lang='lat' dir='ltr'>Erat</span> <span class='ocrx_word' id='word_1_13' title='bbox 541 368 702 413; x_wconf 89' lang='lat' dir='ltr'>docens</span> <span class='ocrx_word' id='word_1_14' title='bbox 727 382 799 411; x_wconf 90' lang='lat' dir='ltr'>eos</span> <span class='ocrx_word' id='word_1_15' title='bbox 836 375 1043 426; x_wconf 84' lang='lat' dir='ltr'>tanquam</span> <span class='ocrx_word' id='word_1_16' title='bbox 1079 374 1336 425; x_wconf 82' lang='lat' dir='ltr'>potestatem</span> <span class='ocrx_word' id='word_1_17' title='bbox 1364 368 1446 411; x_wconf 93' lang='lat' dir='ltr'>ha-</span> 
     </span>
     <span class='ocr_line' id='line_1_5' title="bbox 14 437 1448 499; baseline -0.001 -15"><span class='ocrx_word' id='word_1_18' title='bbox 14 437 17 456; x_wconf 61' lang='lat'><em>*</em></span> <span class='ocrx_word' id='word_1_19' title='bbox 64 460 84 484; x_wconf 91' lang='lat'>»</span> <span class='ocrx_word' id='word_1_20' title='bbox 118 441 250 495; x_wconf 87' lang='lat' dir='ltr'>bens,</span> <span class='ocrx_word' id='word_1_21' title='bbox 285 458 305 480; x_wconf 91' lang='lat'>»</span> <span class='ocrx_word' id='word_1_22' title='bbox 326 448 490 499; x_wconf 86' lang='lat' dir='ltr'>quanta</span> <span class='ocrx_word' id='word_1_23' title='bbox 511 438 620 483; x_wconf 79' lang='lat' dir='ltr'>dixit</span> <span class='ocrx_word' id='word_1_24' title='bbox 645 458 654 483; x_wconf 78' lang='lat' dir='ltr'><em>z</em></span> <span class='ocrx_word' id='word_1_25' title='bbox 691 458 711 480; x_wconf 88' lang='lat'>«</span> <span class='ocrx_word' id='word_1_26' title='bbox 732 441 809 482; x_wconf 78' lang='lat' dir='ltr'>Vae</span> <span class='ocrx_word' id='word_1_27' title='bbox 838 437 960 482; x_wconf 88' lang='lat' dir='ltr'>vohis</span> <span class='ocrx_word' id='word_1_28' title='bbox 984 437 1146 482; x_wconf 79' lang='lat' dir='ltr'>Scribae</span> <span class='ocrx_word' id='word_1_29' title='bbox 1174 446 1218 480; x_wconf 87' lang='lat' dir='ltr'>et</span> <span class='ocrx_word' id='word_1_30' title='bbox 1246 438 1448 482; x_wconf 74' lang='lat' dir='ltr'>Pharisaei</span> 
     </span>
     <span class='ocr_line' id='line_1_6' title="bbox 13 506 1451 571; baseline -0.002 -17"><span class='ocrx_word' id='word_1_31' title='bbox 13 523 15 527; x_wconf 86' lang='lat'>·</span> <span class='ocrx_word' id='word_1_32' title='bbox 63 531 84 554; x_wconf 91' lang='lat'>»</span> <span class='ocrx_word' id='word_1_33' title='bbox 117 510 359 571; x_wconf 89' lang='lat' dir='ltr'>hypocritae</span> <span class='ocrx_word' id='word_1_34' title='bbox 374 512 425 552; x_wconf 80' lang='lat'>1?</span> <span class='ocrx_word' id='word_1_35' title='bbox 454 528 475 551; x_wconf 69' lang='lat' dir='ltr'>n</span> <span class='ocrx_word' id='word_1_36' title='bbox 501 519 665 570; x_wconf 87' lang='lat' dir='ltr'>quanta</span> <span class='ocrx_word' id='word_1_37' title='bbox 689 510 734 553; x_wconf 92' lang='lat' dir='ltr'>in</span> <span class='ocrx_word' id='word_1_38' title='bbox 758 508 851 553; x_wconf 89' lang='lat' dir='ltr'>illos</span> <span class='ocrx_word' id='word_1_39' title='bbox 875 524 1021 554; x_wconf 85' lang='lat' dir='ltr'>coram</span> <span class='ocrx_word' id='word_1_40' title='bbox 1039 508 1083 552; x_wconf 95' lang='lat' dir='ltr'>in</span> <span class='ocrx_word' id='word_1_41' title='bbox 1106 506 1259 552; x_wconf 87' lang='lat' dir='ltr'>faciem</span> <span class='ocrx_word' id='word_1_42' title='bbox 1275 509 1292 551; x_wconf 76' lang='grc' dir='ltr'><strong><em>Ρ</em></strong></span> <span class='ocrx_word' id='word_1_43' title='bbox 1307 508 1451 552; x_wconf 86' lang='lat' dir='ltr'>Nemi-</span> 
     </span>
     <span class='ocr_line' id='line_1_7' title="bbox 60 580 1451 634; baseline -0.004 -7"><span class='ocrx_word' id='word_1_44' title='bbox 60 597 159 628; x_wconf 87' lang='lat' dir='ltr'>nem</span> <span class='ocrx_word' id='word_1_45' title='bbox 183 580 343 625; x_wconf 84' lang='lat' dir='ltr'>timuit.</span> <span class='ocrx_word' id='word_1_46' title='bbox 376 582 550 634; x_wconf 80' lang='lat' dir='ltr'>Quare?</span> <span class='ocrx_word' id='word_1_47' title='bbox 579 582 691 634; x_wconf 89' lang='lat' dir='ltr'><strong>Quia</strong></span> <span class='ocrx_word' id='word_1_48' title='bbox 723 584 837 626; x_wconf 88' lang='lat' dir='ltr'>Deus</span> <span class='ocrx_word' id='word_1_49' title='bbox 864 580 1082 625; x_wconf 85' lang='lat' dir='ltr'>ultionum</span> <span class='ocrx_word' id='word_1_50' title='bbox 1113 588 1191 624; x_wconf 89' lang='lat' dir='ltr'>est.</span> <span class='ocrx_word' id='word_1_51' title='bbox 1224 580 1329 624; x_wconf 90' lang='lat' dir='ltr'>Ideo</span> <span class='ocrx_word' id='word_1_52' title='bbox 1360 594 1451 623; x_wconf 89' lang='lat' dir='ltr'>non</span> 
     </span>
     <span class='ocr_line' id='line_1_8' title="bbox 12 643 1451 714; baseline -0.003 -17"><span class='ocrx_word' id='word_1_53' title='bbox 12 643 14 651; x_wconf 31' lang='lat'>⁸</span> <span class='ocrx_word' id='word_1_54' title='bbox 59 652 265 714; x_wconf 87' lang='lat' dir='ltr'>parcebat</span> <span class='ocrx_word' id='word_1_55' title='bbox 286 652 332 695; x_wconf 90' lang='lat' dir='ltr'>in</span> <span class='ocrx_word' id='word_1_56' title='bbox 353 651 515 706; x_wconf 86' lang='lat' dir='ltr'>verbo,</span> <span class='ocrx_word' id='word_1_57' title='bbox 557 661 607 696; x_wconf 92' lang='lat' dir='ltr'>ut</span> <span class='ocrx_word' id='word_1_58' title='bbox 636 661 777 695; x_wconf 85' lang='lat' dir='ltr'><strong>essent</strong></span> <span class='ocrx_word' id='word_1_59' title='bbox 809 660 956 711; x_wconf 86' lang='lat' dir='ltr'>postea</span> <span class='ocrx_word' id='word_1_60' title='bbox 991 651 1152 712; x_wconf 86' lang='lat' dir='ltr'>quibus</span> <span class='ocrx_word' id='word_1_61' title='bbox 1187 659 1384 711; x_wconf 75' lang='lat' dir='ltr'><strong>parceret</strong></span> <span class='ocrx_word' id='word_1_62' title='bbox 1405 650 1451 694; x_wconf 91' lang='lat' dir='ltr'>in</span> 
     </span>
     <span class='ocr_line' id='line_1_9' title="bbox 53 721 1452 786; baseline -0.002 -18"><span class='ocrx_word' id='word_1_63' title='bbox 53 723 220 786; x_wconf 86' lang='lat' dir='ltr'>judicio</span> <span class='ocrx_word' id='word_1_64' title='bbox 247 743 255 768; x_wconf 73' lang='grc' dir='ltr'>ε</span> <span class='ocrx_word' id='word_1_65' title='bbox 282 723 385 784; x_wconf 89' lang='lat' dir='ltr'>quia</span> <span class='ocrx_word' id='word_1_66' title='bbox 407 722 441 767; x_wconf 90' lang='lat' dir='ltr'>si</span> <span class='ocrx_word' id='word_1_67' title='bbox 458 722 627 767; x_wconf 85' lang='lat' dir='ltr'>nollent</span> <span class='ocrx_word' id='word_1_68' title='bbox 641 724 836 783; x_wconf 88' lang='lat' dir='ltr'>accipere</span> <span class='ocrx_word' id='word_1_69' title='bbox 850 723 973 767; x_wconf 84' lang='lat' dir='ltr'>verbi</span> <span class='ocrx_word' id='word_1_70' title='bbox 995 721 1254 766; x_wconf 82' lang='lat' dir='ltr'>medicinam</span> <span class='ocrx_word' id='word_1_71' title='bbox 1271 757 1282 776; x_wconf 90' lang='lat'>,</span> <span class='ocrx_word' id='word_1_72' title='bbox 1306 722 1452 765; x_wconf 91' lang='lat' dir='ltr'>incur-</span> 
     </span>
     <span class='ocr_line' id='line_1_10' title="bbox 9 793 1453 857; baseline -0.002 -18"><span class='ocrx_word' id='word_1_73' title='bbox 9 852 11 857; x_wconf 30' lang='lat'>·</span> <span class='ocrx_word' id='word_1_74' title='bbox 43 795 148 839; x_wconf 51' lang='lat' dir='ltr'>&#39;suri</span> <span class='ocrx_word' id='word_1_75' title='bbox 182 803 306 838; x_wconf 87' lang='lat' dir='ltr'>erant</span> <span class='ocrx_word' id='word_1_76' title='bbox 343 793 496 853; x_wconf 90' lang='lat' dir='ltr'>utique</span> <span class='ocrx_word' id='word_1_77' title='bbox 533 794 753 839; x_wconf 76' lang='lat' dir='ltr'>inventuri</span> <span class='ocrx_word' id='word_1_78' title='bbox 776 793 934 854; x_wconf 82' lang='lat' dir='ltr'>judicis</span> <span class='ocrx_word' id='word_1_79' title='bbox 972 793 1244 837; x_wconf 80' lang='lat' dir='ltr'>sententiam.</span> <span class='ocrx_word' id='word_1_80' title='bbox 1279 793 1453 846; x_wconf 78' lang='lat' dir='ltr'>Quare?</span> 
     </span>
     <span class='ocr_line' id='line_1_11' title="bbox 61 864 1454 921; baseline -0.002 -11.11"><span class='ocrx_word' id='word_1_81' title='bbox 61 866 170 921; x_wconf 85' lang='lat' dir='ltr'>Quia</span> <span class='ocrx_word' id='word_1_82' title='bbox 191 865 299 909; x_wconf 81' lang='lat' dir='ltr'>dixit</span> <span class='ocrx_word' id='word_1_83' title='bbox 317 884 326 910; x_wconf 74' lang='grc' dir='ltr'>ε</span> <span class='ocrx_word' id='word_1_84' title='bbox 347 884 367 907; x_wconf 90' lang='lat'>«</span> <span class='ocrx_word' id='word_1_85' title='bbox 396 868 511 909; x_wconf 89' lang='lat' dir='ltr'>Deus</span> <span class='ocrx_word' id='word_1_86' title='bbox 534 865 752 910; x_wconf 91' lang='lat' dir='ltr'>ultionum</span> <span class='ocrx_word' id='word_1_87' title='bbox 774 865 984 910; x_wconf 85' lang='lat' dir='ltr'>Dominus</span> <span class='ocrx_word' id='word_1_88' title='bbox 999 900 1010 920; x_wconf 92' lang='lat'>,</span> <span class='ocrx_word' id='word_1_89' title='bbox 1036 867 1150 909; x_wconf 90' lang='lat' dir='ltr'>Deus</span> <span class='ocrx_word' id='word_1_90' title='bbox 1168 864 1387 908; x_wconf 92' lang='lat' dir='ltr'>ultionum</span> <span class='ocrx_word' id='word_1_91' title='bbox 1402 865 1454 907; x_wconf 89' lang='lat' dir='ltr'>fi-</span> 
     </span>
     <span class='ocr_line' id='line_1_12' title="bbox 7 931 1454 995; baseline -0.001 -17"><span class='ocrx_word' id='word_1_92' title='bbox 7 931 11 986; x_wconf 58' lang='lat'><em>}</em></span> <span class='ocrx_word' id='word_1_93' title='bbox 64 955 83 978; x_wconf 89' lang='lat'>»</span> <span class='ocrx_word' id='word_1_94' title='bbox 118 935 273 980; x_wconf 89' lang='lat' dir='ltr'>denter</span> <span class='ocrx_word' id='word_1_95' title='bbox 295 935 410 994; x_wconf 83' lang='lat' dir='ltr'>egit:</span> <span class='ocrx_word' id='word_1_96' title='bbox 432 953 451 977; x_wconf 88' lang='lat'>»</span> <span class='ocrx_word' id='word_1_97' title='bbox 477 936 523 979; x_wconf 95' lang='lat' dir='ltr'>id</span> <span class='ocrx_word' id='word_1_98' title='bbox 545 945 631 990; x_wconf 91' lang='lat' dir='ltr'>est,</span> <span class='ocrx_word' id='word_1_99' title='bbox 663 934 773 979; x_wconf 88' lang='lat' dir='ltr'>nulli</span> <span class='ocrx_word' id='word_1_100' title='bbox 803 935 997 995; x_wconf 82' lang='lat' dir='ltr'>pepercit</span> <span class='ocrx_word' id='word_1_101' title='bbox 1025 935 1071 978; x_wconf 92' lang='lat' dir='ltr'>in</span> <span class='ocrx_word' id='word_1_102' title='bbox 1102 934 1252 979; x_wconf 82' lang='lat' dir='ltr'>verbo.</span> <span class='ocrx_word' id='word_1_103' title='bbox 1291 934 1376 987; x_wconf 93' lang='lat' dir='ltr'>Qui</span> <span class='ocrx_word' id='word_1_104' title='bbox 1409 933 1454 977; x_wconf 92' lang='lat' dir='ltr'>in</span> 
     </span>
     <span class='ocr_line' id='line_1_13' title="bbox 7 1004 1458 1067; baseline -0.003 -16"><span class='ocrx_word' id='word_1_105' title='bbox 7 1036 11 1046; x_wconf 74' lang='lat'><em>‹</em></span> <span class='ocrx_word' id='word_1_106' title='bbox 60 1006 194 1052; x_wconf 90' lang='lat' dir='ltr'>verbo</span> <span class='ocrx_word' id='word_1_107' title='bbox 217 1021 306 1050; x_wconf 89' lang='lat' dir='ltr'>non</span> <span class='ocrx_word' id='word_1_108' title='bbox 323 1006 517 1067; x_wconf 86' lang='lat' dir='ltr'>pepercit</span> <span class='ocrx_word' id='word_1_109' title='bbox 535 1022 739 1066; x_wconf 88' lang='lat' dir='ltr'>passurus</span> <span class='ocrx_word' id='word_1_110' title='bbox 755 1041 766 1060; x_wconf 93' lang='lat'>,</span> <span class='ocrx_word' id='word_1_111' title='bbox 786 1015 933 1065; x_wconf 78' lang='lat' dir='ltr'>parcet</span> <span class='ocrx_word' id='word_1_112' title='bbox 949 1006 993 1049; x_wconf 91' lang='lat' dir='ltr'>in</span> <span class='ocrx_word' id='word_1_113' title='bbox 1012 1005 1223 1049; x_wconf 89' lang='lat' dir='ltr'>sententia</span> <span class='ocrx_word' id='word_1_114' title='bbox 1235 1004 1458 1064; x_wconf 86' lang='lat' dir='ltr'>judicatu-</span> 
     </span>
     <span class='ocr_line' id='line_1_14' title="bbox 7 1068 1458 1135; baseline -0.003 -13.003"><span class='ocrx_word' id='word_1_115' title='bbox 7 1068 10 1084; x_wconf 68' lang='lat'><strong>¹</strong></span> <span class='ocrx_word' id='word_1_116' title='bbox 60 1078 159 1123; x_wconf 87' lang='lat' dir='ltr'>rus‘?</span> <span class='ocrx_word' id='word_1_117' title='bbox 181 1077 264 1132; x_wconf 87' lang='lat' dir='ltr'>Qui</span> <span class='ocrx_word' id='word_1_118' title='bbox 298 1077 520 1121; x_wconf 90' lang='lat' dir='ltr'>neminem</span> <span class='ocrx_word' id='word_1_119' title='bbox 549 1076 695 1121; x_wconf 88' lang='lat' dir='ltr'>timuit</span> <span class='ocrx_word' id='word_1_120' title='bbox 726 1076 772 1120; x_wconf 91' lang='lat' dir='ltr'>in</span> <span class='ocrx_word' id='word_1_121' title='bbox 793 1076 1063 1131; x_wconf 83' lang='lat' dir='ltr'>humilitate,</span> <span class='ocrx_word' id='word_1_122' title='bbox 1096 1076 1267 1120; x_wconf 84' lang='lat' dir='ltr'>timebit</span> <span class='ocrx_word' id='word_1_123' title='bbox 1300 1090 1458 1135; x_wconf 90' lang='lat' dir='ltr'>quem-</span> 
     </span>
     <span class='ocr_line' id='line_1_15' title="bbox 6 1146 1458 1209; baseline -0.002 -17"><span class='ocrx_word' id='word_1_124' title='bbox 6 1166 9 1208; x_wconf 68' lang='lat'>5</span> <span class='ocrx_word' id='word_1_125' title='bbox 61 1163 194 1209; x_wconf 81' lang='lat' dir='ltr'>quam</span> <span class='ocrx_word' id='word_1_126' title='bbox 224 1147 271 1190; x_wconf 91' lang='lat' dir='ltr'>in</span> <span class='ocrx_word' id='word_1_127' title='bbox 298 1146 519 1191; x_wconf 74' lang='lat' dir='ltr'>claritate?</span> <span class='ocrx_word' id='word_1_128' title='bbox 540 1150 605 1192; x_wconf 83' lang='lat' dir='ltr'>Ex</span> <span class='ocrx_word' id='word_1_129' title='bbox 625 1163 676 1192; x_wconf 92' lang='lat' dir='ltr'>eo</span> <span class='ocrx_word' id='word_1_130' title='bbox 698 1147 819 1208; x_wconf 86' lang='lat' dir='ltr'>quod</span> <span class='ocrx_word' id='word_1_131' title='bbox 847 1148 938 1208; x_wconf 87' lang='lat' dir='ltr'>jam</span> <span class='ocrx_word' id='word_1_132' title='bbox 962 1146 1148 1191; x_wconf 86' lang='lat' dir='ltr'>fidenter</span> <span class='ocrx_word' id='word_1_133' title='bbox 1182 1147 1292 1205; x_wconf 79' lang='lat' dir='ltr'>egit,</span> <span class='ocrx_word' id='word_1_134' title='bbox 1318 1146 1458 1204; x_wconf 86' lang='lat' dir='ltr'>cogita</span> 
     </span>
     <span class='ocr_line' id='line_1_16' title="bbox 5 1217 1457 1280; baseline -0.001 -17"><span class='ocrx_word' id='word_1_135' title='bbox 5 1220 7 1264; x_wconf 78' lang='lat' dir='ltr'><strong>j</strong></span> <span class='ocrx_word' id='word_1_136' title='bbox 61 1218 285 1280; x_wconf 84' lang='lat' dir='ltr'>quomodo</span> <span class='ocrx_word' id='word_1_137' title='bbox 303 1219 356 1263; x_wconf 89' lang='lat' dir='ltr'>sit</span> <span class='ocrx_word' id='word_1_138' title='bbox 379 1228 556 1263; x_wconf 87' lang='lat' dir='ltr'>acturus</span> <span class='ocrx_word' id='word_1_139' title='bbox 577 1219 623 1263; x_wconf 91' lang='lat' dir='ltr'>in</span> <span class='ocrx_word' id='word_1_140' title='bbox 647 1219 734 1263; x_wconf 88' lang='lat' dir='ltr'>fine</span> <span class='ocrx_word' id='word_1_141' title='bbox 756 1217 920 1263; x_wconf 82' lang='lat' dir='ltr'>saeculi.</span> <span class='ocrx_word' id='word_1_142' title='bbox 946 1217 1045 1263; x_wconf 90' lang='lat' dir='ltr'>Noli</span> <span class='ocrx_word' id='word_1_143' title='bbox 1059 1234 1160 1276; x_wconf 80' lang='lat' dir='ltr'>ergo</span> <span class='ocrx_word' id='word_1_144' title='bbox 1184 1232 1457 1261; x_wconf 85' lang='lat' dir='ltr'>murmurare</span> 
     </span>
     <span class='ocr_line' id='line_1_17' title="bbox 0 1289 1457 1352; baseline -0.001 -17"><span class='ocrx_word' id='word_1_145' title='bbox 0 1318 7 1334; x_wconf 57' lang='lat' dir='ltr'>i·</span> <span class='ocrx_word' id='word_1_146' title='bbox 64 1290 268 1335; x_wconf 90' lang='lat' dir='ltr'>adversus</span> <span class='ocrx_word' id='word_1_147' title='bbox 298 1293 438 1335; x_wconf 89' lang='lat' dir='ltr'>Deum</span> <span class='ocrx_word' id='word_1_148' title='bbox 459 1327 470 1346; x_wconf 87' lang='lat'>,</span> <span class='ocrx_word' id='word_1_149' title='bbox 512 1291 588 1351; x_wconf 79' lang='lat' dir='ltr'>qui</span> <span class='ocrx_word' id='word_1_150' title='bbox 612 1291 735 1352; x_wconf 84' lang='lat' dir='ltr'>quasi</span> <span class='ocrx_word' id='word_1_151' title='bbox 764 1291 903 1351; x_wconf 88' lang='lat' dir='ltr'>parcit</span> <span class='ocrx_word' id='word_1_152' title='bbox 925 1289 1047 1335; x_wconf 87' lang='lat' dir='ltr'>malis</span> <span class='ocrx_word' id='word_1_153' title='bbox 1070 1311 1079 1336; x_wconf 79' lang='lat'>2</span> <span class='ocrx_word' id='word_1_154' title='bbox 1105 1291 1180 1335; x_wconf 89' lang='lat' dir='ltr'>sed</span> <span class='ocrx_word' id='word_1_155' title='bbox 1201 1299 1292 1334; x_wconf 89' lang='lat' dir='ltr'>esto</span> <span class='ocrx_word' id='word_1_156' title='bbox 1315 1290 1457 1344; x_wconf 76' lang='lat' dir='ltr'>bonus</span> 
     </span>
     <span class='ocr_line' id='line_1_18' title="bbox 4 1360 1456 1422; baseline -0.002 -16"><span class='ocrx_word' id='word_1_157' title='bbox 4 1363 7 1375; x_wconf 77' lang='lat'>¹</span> <span class='ocrx_word' id='word_1_158' title='bbox 64 1362 134 1406; x_wconf 88' lang='lat' dir='ltr'>cui</span> <span class='ocrx_word' id='word_1_159' title='bbox 163 1360 277 1407; x_wconf 88' lang='lat' dir='ltr'>forte</span> <span class='ocrx_word' id='word_1_160' title='bbox 309 1364 365 1407; x_wconf 84' lang='lat' dir='ltr'>ad</span> <span class='ocrx_word' id='word_1_161' title='bbox 393 1372 566 1422; x_wconf 88' lang='lat' dir='ltr'>tempus</span> <span class='ocrx_word' id='word_1_162' title='bbox 603 1363 649 1406; x_wconf 91' lang='lat' dir='ltr'>in</span> <span class='ocrx_word' id='word_1_163' title='bbox 677 1361 852 1421; x_wconf 83' lang='lat' dir='ltr'>flagello</span> <span class='ocrx_word' id='word_1_164' title='bbox 884 1377 973 1406; x_wconf 88' lang='lat' dir='ltr'>non</span> <span class='ocrx_word' id='word_1_165' title='bbox 1004 1370 1181 1422; x_wconf 89' lang='lat' dir='ltr'>parcat,</span> <span class='ocrx_word' id='word_1_166' title='bbox 1217 1370 1260 1405; x_wconf 92' lang='lat' dir='ltr'>et</span> <span class='ocrx_word' id='word_1_167' title='bbox 1288 1361 1334 1404; x_wconf 91' lang='lat' dir='ltr'>in</span> <span class='ocrx_word' id='word_1_168' title='bbox 1369 1360 1456 1404; x_wconf 91' lang='lat' dir='ltr'>fine</span> 
     </span>
     <span class='ocr_line' id='line_1_19' title="bbox 62 1432 1456 1494; baseline -0.001 -17"><span class='ocrx_word' id='word_1_169' title='bbox 62 1442 213 1493; x_wconf 85' lang='lat' dir='ltr'>parcat</span> <span class='ocrx_word' id='word_1_170' title='bbox 230 1433 276 1477; x_wconf 90' lang='lat' dir='ltr'>in</span> <span class='ocrx_word' id='word_1_171' title='bbox 288 1433 470 1494; x_wconf 80' lang='lat' dir='ltr'>judicio.</span> <span class='ocrx_word' id='word_1_172' title='bbox 500 1454 520 1476; x_wconf 84' lang='lat'>«</span> <span class='ocrx_word' id='word_1_173' title='bbox 549 1436 663 1478; x_wconf 89' lang='lat' dir='ltr'>Deus</span> <span class='ocrx_word' id='word_1_174' title='bbox 683 1434 901 1479; x_wconf 91' lang='lat' dir='ltr'>ultionum</span> <span class='ocrx_word' id='word_1_175' title='bbox 927 1433 1138 1479; x_wconf 86' lang='lat' dir='ltr'>Dominus</span> <span class='ocrx_word' id='word_1_176' title='bbox 1158 1468 1170 1489; x_wconf 93' lang='lat'>,</span> <span class='ocrx_word' id='word_1_177' title='bbox 1190 1436 1304 1477; x_wconf 89' lang='lat' dir='ltr'>Deus</span> <span class='ocrx_word' id='word_1_178' title='bbox 1321 1432 1456 1476; x_wconf 93' lang='lat' dir='ltr'>ultio-</span> 
     </span>
     <span class='ocr_line' id='line_1_20' title="bbox 2 1497 608 1564; baseline -0.003 -17"><span class='ocrx_word' id='word_1_179' title='bbox 2 1497 6 1560; x_wconf 35' lang='grc' dir='ltr'><strong><em>ζ</em></strong></span> <span class='ocrx_word' id='word_1_180' title='bbox 66 1523 86 1547; x_wconf 93' lang='lat'>»</span> <span class='ocrx_word' id='word_1_181' title='bbox 121 1521 230 1549; x_wconf 91' lang='lat' dir='ltr'>num</span> <span class='ocrx_word' id='word_1_182' title='bbox 251 1505 438 1549; x_wconf 91' lang='lat' dir='ltr'>fidenter</span> <span class='ocrx_word' id='word_1_183' title='bbox 455 1506 558 1564; x_wconf 82' lang='lat' dir='ltr'>egit.</span> <span class='ocrx_word' id='word_1_184' title='bbox 588 1523 608 1546; x_wconf 72' lang='lat' dir='ltr'>n</span> 
     </span>
     <span class='ocr_line' id='line_1_21' title="bbox 122 1573 1458 1636; baseline -0.001 -17"><span class='ocrx_word' id='word_1_185' title='bbox 122 1578 246 1620; x_wconf 88' lang='lat' dir='ltr'>VIII.</span> <span class='ocrx_word' id='word_1_186' title='bbox 285 1578 343 1619; x_wconf 93' lang='lat' dir='ltr'>Et</span> <span class='ocrx_word' id='word_1_187' title='bbox 363 1576 465 1636; x_wconf 89' lang='lat' dir='ltr'>quia</span> <span class='ocrx_word' id='word_1_188' title='bbox 487 1575 674 1620; x_wconf 85' lang='lat' dir='ltr'>fidenter</span> <span class='ocrx_word' id='word_1_189' title='bbox 701 1576 810 1635; x_wconf 82' lang='lat' dir='ltr'>egit,</span> <span class='ocrx_word' id='word_1_190' title='bbox 835 1575 898 1619; x_wconf 88' lang='lat' dir='ltr'>illi</span> <span class='ocrx_word' id='word_1_191' title='bbox 920 1591 1010 1620; x_wconf 91' lang='lat' dir='ltr'>non</span> <span class='ocrx_word' id='word_1_192' title='bbox 1031 1575 1229 1620; x_wconf 87' lang='lat' dir='ltr'>tulerunt</span> <span class='ocrx_word' id='word_1_193' title='bbox 1252 1573 1458 1620; x_wconf 88' lang='lat' dir='ltr'>fiduciam</span> 
     </span>
     <span class='ocr_line' id='line_1_22' title="bbox 2 1645 1459 1706; baseline -0.001 -16"><span class='ocrx_word' id='word_1_194' title='bbox 2 1688 4 1695; x_wconf 81' lang='grc'><strong>,</strong></span> <span class='ocrx_word' id='word_1_195' title='bbox 64 1646 171 1706; x_wconf 86' lang='lat' dir='ltr'>ejus.</span> <span class='ocrx_word' id='word_1_196' title='bbox 196 1648 253 1690; x_wconf 92' lang='lat' dir='ltr'>Et</span> <span class='ocrx_word' id='word_1_197' title='bbox 280 1647 381 1706; x_wconf 87' lang='lat' dir='ltr'>quia</span> <span class='ocrx_word' id='word_1_198' title='bbox 414 1645 590 1690; x_wconf 89' lang='lat' dir='ltr'>humilis</span> <span class='ocrx_word' id='word_1_199' title='bbox 623 1655 821 1701; x_wconf 88' lang='lat' dir='ltr'>venerat,</span> <span class='ocrx_word' id='word_1_200' title='bbox 847 1656 890 1691; x_wconf 90' lang='lat' dir='ltr'>et</span> <span class='ocrx_word' id='word_1_201' title='bbox 912 1662 1041 1691; x_wconf 90' lang='lat' dir='ltr'>carne</span> <span class='ocrx_word' id='word_1_202' title='bbox 1074 1645 1249 1691; x_wconf 88' lang='lat' dir='ltr'>mortali</span> <span class='ocrx_word' id='word_1_203' title='bbox 1277 1645 1459 1689; x_wconf 89' lang='lat' dir='ltr'>indutus</span> 
     </span>
     <span class='ocr_line' id='line_1_23' title="bbox 65 1715 1460 1779; baseline -0.001 -18"><span class='ocrx_word' id='word_1_204' title='bbox 65 1727 178 1773; x_wconf 93' lang='lat' dir='ltr'>erat,</span> <span class='ocrx_word' id='word_1_205' title='bbox 208 1726 251 1761; x_wconf 92' lang='lat' dir='ltr'>et</span> <span class='ocrx_word' id='word_1_206' title='bbox 274 1718 385 1762; x_wconf 91' lang='lat' dir='ltr'>mori</span> <span class='ocrx_word' id='word_1_207' title='bbox 408 1727 608 1776; x_wconf 61' lang='lat' dir='ltr'>venerat,</span> <span class='ocrx_word' id='word_1_208' title='bbox 642 1734 732 1762; x_wconf 90' lang='lat' dir='ltr'>non</span> <span class='ocrx_word' id='word_1_209' title='bbox 765 1717 906 1762; x_wconf 78' lang='lat' dir='ltr'>lacere</span> <span class='ocrx_word' id='word_1_210' title='bbox 928 1717 1048 1779; x_wconf 88' lang='lat' dir='ltr'>quod</span> <span class='ocrx_word' id='word_1_211' title='bbox 1081 1726 1351 1778; x_wconf 77' lang='lat' dir='ltr'>peccatores,</span> <span class='ocrx_word' id='word_1_212' title='bbox 1384 1715 1460 1760; x_wconf 91' lang='lat' dir='ltr'>sed</span> 
     </span>
     <span class='ocr_line' id='line_1_24' title="bbox 63 1787 1460 1850; baseline -0.002 -17"><span class='ocrx_word' id='word_1_213' title='bbox 63 1790 153 1850; x_wconf 85' lang='lat' dir='ltr'>pati</span> <span class='ocrx_word' id='word_1_214' title='bbox 174 1788 296 1849; x_wconf 87' lang='lat' dir='ltr'>quod</span> <span class='ocrx_word' id='word_1_215' title='bbox 313 1799 560 1849; x_wconf 88' lang='lat' dir='ltr'>peccatores</span> <span class='ocrx_word' id='word_1_216' title='bbox 577 1811 588 1847; x_wconf 78' lang='lat'>3</span> <span class='ocrx_word' id='word_1_217' title='bbox 614 1790 716 1850; x_wconf 87' lang='lat' dir='ltr'>quia</span> <span class='ocrx_word' id='word_1_218' title='bbox 735 1799 964 1850; x_wconf 86' lang='lat' dir='ltr'>propterea</span> <span class='ocrx_word' id='word_1_219' title='bbox 979 1798 1180 1841; x_wconf 81' lang='lat' dir='ltr'>venerat,</span> <span class='ocrx_word' id='word_1_220' title='bbox 1198 1803 1299 1833; x_wconf 89' lang='lat' dir='ltr'>cum</span> <span class='ocrx_word' id='word_1_221' title='bbox 1319 1787 1460 1831; x_wconf 90' lang='lat' dir='ltr'>fiden-</span> 
     </span>
     <span class='ocr_line' id='line_1_25' title="bbox 64 1858 1456 1921; baseline -0.001 -17"><span class='ocrx_word' id='word_1_222' title='bbox 64 1869 129 1905; x_wconf 87' lang='lat' dir='ltr'>ter</span> <span class='ocrx_word' id='word_1_223' title='bbox 143 1860 322 1919; x_wconf 82' lang='lat' dir='ltr'>egisset,</span> <span class='ocrx_word' id='word_1_224' title='bbox 343 1869 387 1904; x_wconf 83' lang='lat' dir='ltr'>et</span> <span class='ocrx_word' id='word_1_225' title='bbox 402 1859 466 1903; x_wconf 87' lang='lat' dir='ltr'>illi</span> <span class='ocrx_word' id='word_1_226' title='bbox 480 1858 593 1903; x_wconf 86' lang='lat' dir='ltr'>ferre</span> <span class='ocrx_word' id='word_1_227' title='bbox 605 1876 695 1904; x_wconf 90' lang='lat' dir='ltr'>non</span> <span class='ocrx_word' id='word_1_228' title='bbox 714 1869 890 1920; x_wconf 90' lang='lat' dir='ltr'>possent</span> <span class='ocrx_word' id='word_1_229' title='bbox 902 1860 1106 1904; x_wconf 89' lang='lat' dir='ltr'>fiduciam</span> <span class='ocrx_word' id='word_1_230' title='bbox 1128 1861 1219 1921; x_wconf 88' lang='lat' dir='ltr'>ejus</span> <span class='ocrx_word' id='word_1_231' title='bbox 1236 1859 1280 1903; x_wconf 91' lang='lat' dir='ltr'>in</span> <span class='ocrx_word' id='word_1_232' title='bbox 1298 1860 1433 1903; x_wconf 84' lang='lat' dir='ltr'>verbo</span> <span class='ocrx_word' id='word_1_233' title='bbox 1446 1893 1456 1913; x_wconf 94' lang='lat'>,</span> 
     </span>
     <span class='ocr_line' id='line_1_26' title="bbox 65 1929 1456 1992; baseline -0.001 -17"><span class='ocrx_word' id='word_1_234' title='bbox 65 1930 173 1992; x_wconf 87' lang='lat' dir='ltr'>quid</span> <span class='ocrx_word' id='word_1_235' title='bbox 211 1929 439 1975; x_wconf 76' lang='lat' dir='ltr'>fecerunt?</span> <span class='ocrx_word' id='word_1_236' title='bbox 476 1933 753 1986; x_wconf 88' lang='lat' dir='ltr'>Tenuerunt,</span> <span class='ocrx_word' id='word_1_237' title='bbox 801 1930 1152 1990; x_wconf 80' lang='lat' dir='ltr'>flagellaverunt,</span> <span class='ocrx_word' id='word_1_238' title='bbox 1201 1929 1456 1983; x_wconf 82' lang='lat' dir='ltr'>illuserunt,</span> 
     </span>
     <span class='ocr_line' id='line_1_27' title="bbox 0 2001 1457 2062; baseline -0.003 -13"><span class='ocrx_word' id='word_1_239' title='bbox 0 2008 2 2050; x_wconf 72' lang='grc' dir='ltr'><strong>ἒ</strong></span> <span class='ocrx_word' id='word_1_240' title='bbox 66 2001 470 2061; x_wconf 78' lang='lat' dir='ltr'>colaphizaverunt,</span> <span class='ocrx_word' id='word_1_241' title='bbox 496 2002 633 2062; x_wconf 91' lang='lat' dir='ltr'>sputis</span> <span class='ocrx_word' id='word_1_242' title='bbox 656 2001 920 2058; x_wconf 84' lang='lat' dir='ltr'>illinierunt,</span> <span class='ocrx_word' id='word_1_243' title='bbox 945 2002 1079 2061; x_wconf 89' lang='lat' dir='ltr'>spinis</span> <span class='ocrx_word' id='word_1_244' title='bbox 1110 2010 1457 2056; x_wconf 89' lang='lat' dir='ltr'>coronaverunt,</span> 
     </span>
     <span class='ocr_line' id='line_1_28' title="bbox 66 2071 1461 2133; baseline -0.001 -16"><span class='ocrx_word' id='word_1_245' title='bbox 66 2073 112 2117; x_wconf 92' lang='lat' dir='ltr'>in</span> <span class='ocrx_word' id='word_1_246' title='bbox 135 2088 263 2117; x_wconf 85' lang='lat' dir='ltr'>cruce</span> <span class='ocrx_word' id='word_1_247' title='bbox 290 2072 566 2127; x_wconf 87' lang='lat' dir='ltr'>levaverunt,</span> <span class='ocrx_word' id='word_1_248' title='bbox 601 2082 820 2133; x_wconf 86' lang='lat' dir='ltr'>postremo</span> <span class='ocrx_word' id='word_1_249' title='bbox 854 2073 1124 2118; x_wconf 80' lang='lat' dir='ltr'>occiderunt.</span> <span class='ocrx_word' id='word_1_250' title='bbox 1153 2072 1237 2119; x_wconf 90' lang='lat' dir='ltr'>Sed</span> <span class='ocrx_word' id='word_1_251' title='bbox 1264 2071 1371 2133; x_wconf 88' lang='lat' dir='ltr'>quid</span> <span class='ocrx_word' id='word_1_252' title='bbox 1392 2087 1461 2116; x_wconf 90' lang='lat' dir='ltr'>se-</span> 
     </span>
     <span class='ocr_line' id='line_1_29' title="bbox 0 2142 1462 2204; baseline -0.001 -17"><span class='ocrx_word' id='word_1_253' title='bbox 0 2166 1 2177; x_wconf 64' lang='lat'><em>÷</em></span> <span class='ocrx_word' id='word_1_254' title='bbox 67 2145 217 2204; x_wconf 91' lang='lat' dir='ltr'>quitur</span> <span class='ocrx_word' id='word_1_255' title='bbox 240 2143 362 2204; x_wconf 83' lang='lat' dir='ltr'>quod</span> <span class='ocrx_word' id='word_1_256' title='bbox 383 2142 568 2188; x_wconf 89' lang='lat' dir='ltr'>fidenter</span> <span class='ocrx_word' id='word_1_257' title='bbox 596 2144 755 2202; x_wconf 75' lang='lat' dir='ltr'>egerit?</span> <span class='ocrx_word' id='word_1_258' title='bbox 782 2164 799 2183; x_wconf 86' lang='lat'>«</span> <span class='ocrx_word' id='word_1_259' title='bbox 828 2143 1050 2199; x_wconf 78' lang='lat' dir='ltr'>Exaltare,</span> <span class='ocrx_word' id='word_1_260' title='bbox 1077 2144 1153 2204; x_wconf 88' lang='lat' dir='ltr'>qui</span> <span class='ocrx_word' id='word_1_261' title='bbox 1174 2143 1343 2204; x_wconf 79' lang='lat' dir='ltr'>judicas</span> <span class='ocrx_word' id='word_1_262' title='bbox 1374 2152 1462 2186; x_wconf 91' lang='lat' dir='ltr'>ter-</span> 
     </span>
     <span class='ocr_line' id='line_1_30' title="bbox 71 2213 1462 2276; baseline 0.001 -19"><span class='ocrx_word' id='word_1_263' title='bbox 71 2234 91 2257; x_wconf 88' lang='lat'>»</span> <span class='ocrx_word' id='word_1_264' title='bbox 126 2219 262 2259; x_wconf 67' lang='lat' dir='ltr'>ram2.</span> <span class='ocrx_word' id='word_1_265' title='bbox 284 2233 304 2255; x_wconf 85' lang='lat'>»</span> <span class='ocrx_word' id='word_1_266' title='bbox 322 2218 431 2259; x_wconf 86' lang='lat' dir='ltr'>Puta</span> <span class='ocrx_word' id='word_1_267' title='bbox 452 2217 554 2276; x_wconf 87' lang='lat' dir='ltr'>quia</span> <span class='ocrx_word' id='word_1_268' title='bbox 576 2225 814 2260; x_wconf 89' lang='lat' dir='ltr'>tenuerunt</span> <span class='ocrx_word' id='word_1_269' title='bbox 831 2215 1060 2271; x_wconf 90' lang='lat' dir='ltr'>humilem,</span> <span class='ocrx_word' id='word_1_270' title='bbox 1090 2216 1304 2260; x_wconf 87' lang='lat' dir='ltr'>tenebunt</span> <span class='ocrx_word' id='word_1_271' title='bbox 1319 2213 1462 2259; x_wconf 75' lang='lat' dir='ltr'>excel-</span> 
     </span>
     <span class='ocr_line' id='line_1_31' title="bbox 69 2285 1462 2347; baseline -0.001 -16"><span class='ocrx_word' id='word_1_272' title='bbox 69 2287 193 2331; x_wconf 75' lang='lat' dir='ltr'>sum?</span> <span class='ocrx_word' id='word_1_273' title='bbox 247 2289 357 2330; x_wconf 86' lang='lat' dir='ltr'>Puta</span> <span class='ocrx_word' id='word_1_274' title='bbox 405 2288 509 2347; x_wconf 85' lang='lat' dir='ltr'>quia</span> <span class='ocrx_word' id='word_1_275' title='bbox 544 2286 853 2347; x_wconf 65' lang='lat' dir='ltr'>Judicav⁷ei&#39;t111t</span> <span class='ocrx_word' id='word_1_276' title='bbox 903 2285 1154 2342; x_wconf 85' lang='lat' dir='ltr'>mortalem,</span> <span class='ocrx_word' id='word_1_277' title='bbox 1209 2302 1356 2331; x_wconf 88' lang='lat' dir='ltr'>nonne</span> <span class='ocrx_word' id='word_1_278' title='bbox 1407 2286 1462 2331; x_wconf 87' lang='lat' dir='ltr'>ab</span> 
     </span>
     <span class='ocr_line' id='line_1_32' title="bbox 68 2355 1465 2419; baseline 0.001 -19"><span class='ocrx_word' id='word_1_279' title='bbox 68 2355 302 2401; x_wconf 88' lang='lat' dir='ltr'>immortali</span> <span class='ocrx_word' id='word_1_280' title='bbox 318 2357 662 2417; x_wconf 82' lang='lat' dir='ltr'>judicabuntur?</span> <span class='ocrx_word' id='word_1_281' title='bbox 683 2358 799 2412; x_wconf 88' lang='lat' dir='ltr'>Quid</span> <span class='ocrx_word' id='word_1_282' title='bbox 827 2374 931 2417; x_wconf 78' lang='lat' dir='ltr'>ergo</span> <span class='ocrx_word' id='word_1_283' title='bbox 953 2358 1039 2402; x_wconf 80' lang='lat' dir='ltr'>ait?</span> <span class='ocrx_word' id='word_1_284' title='bbox 1060 2358 1259 2402; x_wconf 72' lang='lat' dir='ltr'>Exaltare</span> <span class='ocrx_word' id='word_1_285' title='bbox 1275 2394 1285 2412; x_wconf 90' lang='lat'>,</span> <span class='ocrx_word' id='word_1_286' title='bbox 1317 2367 1366 2402; x_wconf 93' lang='lat' dir='ltr'>tu</span> <span class='ocrx_word' id='word_1_287' title='bbox 1387 2357 1465 2419; x_wconf 84' lang='lat' dir='ltr'>qui</span> 
     </span>
     <span class='ocr_line' id='line_1_33' title="bbox 70 2427 1461 2490; baseline 0.001 -19"><span class='ocrx_word' id='word_1_288' title='bbox 70 2427 256 2471; x_wconf 89' lang='lat' dir='ltr'>fidenter</span> <span class='ocrx_word' id='word_1_289' title='bbox 277 2428 422 2486; x_wconf 78' lang='lat' dir='ltr'>egisti,</span> <span class='ocrx_word' id='word_1_290' title='bbox 448 2438 490 2472; x_wconf 90' lang='lat' dir='ltr'>et</span> <span class='ocrx_word' id='word_1_291' title='bbox 507 2427 712 2473; x_wconf 84' lang='lat' dir='ltr'>fiduciam</span> <span class='ocrx_word' id='word_1_292' title='bbox 725 2429 849 2473; x_wconf 86' lang='lat' dir='ltr'>verhi</span> <span class='ocrx_word' id='word_1_293' title='bbox 872 2429 935 2473; x_wconf 92' lang='lat' dir='ltr'>tui</span> <span class='ocrx_word' id='word_1_294' title='bbox 950 2445 1039 2474; x_wconf 90' lang='lat' dir='ltr'>non</span> <span class='ocrx_word' id='word_1_295' title='bbox 1062 2440 1163 2474; x_wconf 85' lang='lat' dir='ltr'>sunt</span> <span class='ocrx_word' id='word_1_296' title='bbox 1179 2429 1291 2490; x_wconf 89' lang='lat' dir='ltr'>passi</span> <span class='ocrx_word' id='word_1_297' title='bbox 1306 2430 1461 2490; x_wconf 84' lang='lat' dir='ltr'>iniqui,</span> 
     </span>
     <span class='ocr_line' id='line_1_34' title="bbox 71 2498 1466 2560; baseline 0.001 -19"><span class='ocrx_word' id='word_1_298' title='bbox 71 2508 115 2541; x_wconf 88' lang='lat' dir='ltr'>et</span> <span class='ocrx_word' id='word_1_299' title='bbox 134 2507 400 2557; x_wconf 86' lang='lat' dir='ltr'>putaverunt</span> <span class='ocrx_word' id='word_1_300' title='bbox 423 2515 467 2543; x_wconf 87' lang='lat' dir='ltr'>se</span> <span class='ocrx_word' id='word_1_301' title='bbox 487 2498 653 2559; x_wconf 83' lang='lat' dir='ltr'>aliquid</span> <span class='ocrx_word' id='word_1_302' title='bbox 675 2499 829 2557; x_wconf 84' lang='lat' dir='ltr'>egisse,</span> <span class='ocrx_word' id='word_1_303' title='bbox 856 2500 959 2560; x_wconf 86' lang='lat' dir='ltr'>quia</span> <span class='ocrx_word' id='word_1_304' title='bbox 982 2509 1024 2543; x_wconf 91' lang='lat' dir='ltr'>te</span> <span class='ocrx_word' id='word_1_305' title='bbox 1046 2499 1466 2559; x_wconf 88' lang='lat' dir='ltr'>comprehendentes</span> 
     </span>
     <span class='ocr_line' id='line_1_35' title="bbox 73 2568 1466 2630; baseline 0.002 -18"><span class='ocrx_word' id='word_1_306' title='bbox 73 2569 407 2628; x_wconf 69' lang='lat' dir='ltr'>crucifixerunt,</span> <span class='ocrx_word' id='word_1_307' title='bbox 431 2570 508 2630; x_wconf 85' lang='lat' dir='ltr'>qui</span> <span class='ocrx_word' id='word_1_308' title='bbox 530 2579 572 2613; x_wconf 85' lang='lat' dir='ltr'>te</span> <span class='ocrx_word' id='word_1_309' title='bbox 594 2568 807 2614; x_wconf 88' lang='lat' dir='ltr'>deberent</span> <span class='ocrx_word' id='word_1_310' title='bbox 824 2570 910 2617; x_wconf 85' lang='lat' dir='ltr'>fide</span> <span class='ocrx_word' id='word_1_311' title='bbox 927 2571 1301 2630; x_wconf 87' lang='lat' dir='ltr'>comprehendere</span> <span class='ocrx_word' id='word_1_312' title='bbox 1314 2606 1325 2626; x_wconf 91' lang='lat'>,</span> <span class='ocrx_word' id='word_1_313' title='bbox 1345 2585 1466 2615; x_wconf 88' lang='lat' dir='ltr'>com-</span> 
     </span>
    </p>
   </div>
   <div class='ocr_carea' id='block_1_5' title="bbox 122 2653 890 2696">
    <p class='ocr_par' dir='ltr' id='par_1_5' title="bbox 122 2653 890 2696">
     <span class='ocr_line' id='line_1_36' title="bbox 122 2653 890 2696; baseline 0.003 -11"><span class='ocrx_word' id='word_1_314' title='bbox 122 2660 130 2676; x_wconf 95' lang='lat'><strong>¹</strong></span> <span class='ocrx_word' id='word_1_315' title='bbox 151 2653 262 2686; x_wconf 84' lang='lat' dir='ltr'>Matth.</span> <span class='ocrx_word' id='word_1_316' title='bbox 286 2665 378 2696; x_wconf 78' lang='lat' dir='ltr'>xxiii,</span> <span class='ocrx_word' id='word_1_317' title='bbox 401 2655 452 2694; x_wconf 81' lang='lat'>13,</span> <span class='ocrx_word' id='word_1_318' title='bbox 485 2654 534 2695; x_wconf 61' lang='grc' dir='ltr'>η’.</span> <span class='ocrx_word' id='word_1_319' title='bbox 553 2672 594 2676; x_wconf 95' lang='grc'>--</span> <span class='ocrx_word' id='word_1_320' title='bbox 615 2661 627 2676; x_wconf 86' lang='lat'><strong>²</strong></span> <span class='ocrx_word' id='word_1_321' title='bbox 650 2654 732 2686; x_wconf 74' lang='lat' dir='ltr'>Psal.</span> <span class='ocrx_word' id='word_1_322' title='bbox 753 2666 839 2696; x_wconf 80' lang='lat' dir='ltr'>xciii,</span> <span class='ocrx_word' id='word_1_323' title='bbox 860 2664 890 2687; x_wconf 79' lang='lat'>2.</span> 
     </span>
    </p>
   </div>
  </div>
 </body>
</html>
