1926 3339
346 341 587 370 ENAnnA'no
620 343 664 370 m
696 342 900 369 PSALMUM
932 342 1094 369 Lxxxv.
1355 332 1438 370 199

0 411 4 507 p
53 407 243 452 dicerent
274 423 456 466 magnos
471 442 482 463 ‚
508 417 551 451 et
568 410 706 451 Deum
728 405 919 450 facerent
937 421 1118 465 parvum
1137 441 1147 460 ‚
1175 415 1326 450 contra
1344 407 1440 450 illos

52 478 211 522 dicitur
240 495 251 521 .·
276 498 295 520 «
323 481 387 521 Tu
421 493 464 522 es
486 476 602 522 solus
632 481 743 521 Deus
764 493 963 536 magnus.
994 495 1013 517 »
1040 477 1213 521 Etenim
1248 475 1368 536 quod
1390 486 1440 520 tu

0 510 3 603 l
51 547 171 602 dicis,
195 547 415 606 impletur,
442 564 530 592 non
549 547 673 608 quod
695 547 758 590 illi
775 547 929 591 dicunt
944 582 954 602 ‚
980 547 1055 606 qui
1076 562 1118 590 se
1141 547 1296 590 dicunt
1318 561 1440 603 mag-

0 631 2 671 i
50 633 143 662 nos.
169 617 282 671 Quid
302 617 412 662 dixit
435 622 549 662 Deus
572 633 649 678 per
673 618 879 677 Spiritum
899 619 1054 662 suum?
1074 618 1269 661 «Omnes
1291 626 1440 676 gentes

53 706 73 730 »
108 697 327 748 quotquot
343 687 512 743 fecisti,
538 688 728 743 venient,
756 698 798 732 et
820 688 1067 732 adorabunt
1089 703 1234 732 coram
1257 697 1316 741 te⁷
1347 691 1438 732 Do-

53 776 73 799 »
109 758 239 801 mine.
266 777 285 799 »
317 757 432 811 Quid
454 757 558 802 dicit
581 759 724 802 nescio
750 758 868 818 quis⁷
894 760 970 818 qui
1000 773 1043 802 se
1073 757 1179 802 dicit
1201 758 1440 816 magnum?

50 828 175 874 Absit
193 848 201 873 :
222 844 312 873 non
334 829 539 873 adoratur
553 833 666 874 Deus
683 831 729 873 in
745 830 948 873 omnibus
968 829 1170 887 gentibus
1189 848 1196 873 :
1215 829 1440 887 perierunt

50 915 197 943 omnes
221 909 368 958 gentes
387 935 398 955 ,
423 899 512 944 sola
535 900 680 944 Africa
702 900 921 944 remansit.
950 902 1043 943 Hoc
1067 908 1114 942 tu
1138 898 1243 942 dicis
1261 934 1271 952 ,
1298 901 1374 958 qui
1401 908 1439 943 tc

49 970 154 1014 dicis
185 985 394 1029 magnum
424 989 432 1014 z
470 969 591 1014 aliud
619 970 725 1014 dicit
753 970 829 1030 qui
856 978 919 1013 est
953 969 1069 1014 solus
1092 975 1200 1013 Deus
1238 985 1436 1028 magnus.

49 1040 164 1094 Quid
194 1040 300 1084 dicit
330 1040 406 1100 qui
427 1049 490 1084 est
511 1039 626 1084 solus
656 1043 771 1084 Deus
803 1041 1015 1097 magnus?
1049 1059 1069 1082 «
1101 1040 1263 1084 Omnes
1291 1049 1440 1098 gentes

52 1130 72 1153 »
107 1120 326 1172 quotquot
346 1111 485 1155 fecisti
503 1146 514 1166 ‚
543 1111 721 1154 venient
736 1146 748 1165 ,
774 1119 818 1154 et
840 1110 1088 1155 adorabunt
1108 1125 1251 1154 coram
1274 1120 1332 1165 te,
1352 1114 1442 1154 Do-

51 1200 71 1223 »
106 1182 239 1226 mine.
273 1200 294 1223 »
331 1180 470 1226 Video
505 1180 626 1242 quod
648 1181 756 1225 dixit
787 1181 902 1225 solus
928 1185 1042 1226 Deus
1065 1196 1247 1239 magnus
1267 1217 1278 1236 ,
1303 1190 1444 1225 taceat

48 1252 180 1296 homo
201 1250 310 1297 falso
333 1267 516 1310 magnus
537 1272 548 1309 3
572 1251 670 1295 ideo
693 1250 904 1295 fallaciter
924 1266 1108 1310 magnus
1124 1286 1134 1305 ,
1161 1251 1263 1310 quia
1285 1251 1441 1310 dedig-

49 1333 177 1367 natur
206 1338 295 1367 esse
322 1339 495 1383 parvus.
523 1323 629 1376 Quis
653 1339 812 1383 parvus
835 1339 922 1367 esse
948 1322 1241 1381 dedignatur?
1265 1326 1350 1367 Iste
1367 1324 1443 1382 qui

48 1394 132 1439 hoc
155 1393 260 1438 dicit
281 1413 289 1439 :
316 1413 336 1436 «
357 1394 636 1453 Quicumque
656 1393 755 1438 vult
776 1394 891 1438 inter
910 1409 985 1438 vos
1017 1395 1157 1454 major
1189 1410 1279 1438 esse
1297 1429 1308 1444 ,
1338 1395 1444 1439 dixit

50 1482 71 1507 »
107 1465 317 1510 Dominus
331 1500 342 1519 ‚
367 1465 448 1508 erit
470 1473 611 1507 vester
627 1468 815 1508 servus¹.
839 1463 953 1508 »Ille
975 1464 1009 1508 si
1030 1480 1177 1508 servus
1199 1464 1331 1508 vellet
1353 1479 1443 1509 esse

47 1534 233 1580 fratrum
255 1550 434 1578 suorum
456 1569 466 1588 ‚
492 1550 582 1578 non
605 1549 676 1578 eos
698 1544 916 1593 separaret
934 1551 957 1579 a
976 1544 1114 1578 matre
1132 1535 1340 1594 ipsorum.
1360 1534 1445 1579 Sed

48 1620 149 1650 cum
171 1605 265 1650 vult
284 1620 374 1649 esse
406 1620 590 1663 magnus
607 1639 617 1658 ‚
657 1613 700 1648 et
725 1620 813 1649 non
844 1604 941 1649 vult
968 1620 1059 1648 esse
1091 1604 1322 1648 salubriter
1343 1621 1444 1664 par-

47 1691 126 1720 vus
147 1694 156 1720 :
190 1695 210 1718 «
235 1679 349 1720 Deus
378 1676 455 1736 qui
489 1674 688 1735 superbis
720 1675 902 1730 resistit,
934 1674 1176 1720 humilibus
1198 1685 1345 1720 autem
1369 1677 1445 1721 dat

51 1764 72 1788 »
107 1747 316 1804 gratiam
332 1782 343 1802 ‚
371 1765 392 1788 »
413 1747 514 1806 quia
537 1745 654 1790 solus
676 1755 739 1790 est
762 1762 969 1805 magnus,
995 1746 1148 1806 implet
1171 1747 1318 1791 omnia
1341 1763 1443 1806 quae

47 1816 250 1876 praedixit
273 1851 284 1872 ‚
322 1825 366 1861 et
401 1816 662 1860 contradicit
698 1816 1075 1861 maledicentibus.
1113 1817 1287 1862 Christo
1327 1818 1444 1861 enim

47 1887 154 1932 tales
176 1887 444 1932 maledicunt
460 1923 470 1941 ,
499 1887 574 1947 qui
598 1886 753 1931 dicunt
775 1888 875 1947 quia
897 1888 1026 1947 periit
1047 1887 1238 1932 Ecclesia
1264 1887 1318 1932 de
1350 1897 1445 1932 toto

49 1958 156 2003 orbe
174 1968 411 2012 terrarum,
437 1966 481 2002 et
498 1959 704 2002 remansit
724 1958 771 2001 in
795 1958 885 2002 sola
907 1957 1069 2002 Africa.
1095 1958 1137 2003 Si
1162 1957 1326 2003 diceres
1350 1957 1410 2002 illi
1433 1977 1442 2003 :

2 2048 13 2061 ⁶
51 2029 210 2073 Perdes
232 2028 382 2072 villam
405 2038 523 2072 tuam
542 2064 553 2083 ,
579 2026 691 2072 forte
721 2044 810 2072 non
833 2044 856 2072 a
878 2038 920 2072 te
942 2037 1203 2088 temperaret
1225 2044 1405 2072 manum
1433 2048 1442 2073 z

51 2109 95 2144 et
128 2098 234 2144 dicit
267 2101 487 2144 Christum
516 2099 754 2159 perdidisse
774 2100 1075 2143 haereditatem
1097 2116 1220 2144 suam
1243 2099 1448 2159 redemp-

52 2178 140 2214 tam
162 2170 373 2228 sanguine
396 2186 490 2214 suo.
523 2172 663 2223 Quam
688 2179 835 2214 autem
864 2169 995 2213 faciat
1019 2171 1218 2230 injuriam
1240 2205 1250 2224 ,
1274 2169 1444 2225 videte,

51 2240 218 2286 fratres.
248 2241 470 2300 Scriptura
500 2241 605 2285 dicit
635 2260 644 2286 :
676 2260 695 2283 «
721 2244 773 2285 In
794 2241 883 2286 lata
914 2251 1042 2300 gente
1081 2241 1215 2300 gloria
1239 2241 1378 2300 regis,
1400 2241 1447 2284 in

55 2330 75 2352 »
111 2310 403 2355 diminutione
436 2311 589 2371 populi
621 2312 825 2356 contritio
860 2312 1115 2371 principisss.
1147 2330 1167 2352 »
1193 2315 1310 2370 Ergo
1332 2312 1446 2357 hanc

51 2381 254 2441 injuriam
289 2381 394 2425 facis
417 2382 589 2426 Christo
607 2417 617 2437 ‚
653 2391 704 2425 ut
731 2381 846 2426 dicas
879 2381 1094 2442 populum
1127 2383 1218 2441 ejus
1247 2381 1301 2425 ad
1322 2382 1448 2426 istam

54 2451 329 2508 exiguitatem
354 2450 653 2496 diminutum?
676 2451 781 2496 Ideo
798 2462 925 2497 natus
948 2468 1012 2506 es,
1034 2453 1133 2496 ideo
1152 2453 1446 2497 Christianum

55 2530 98 2564 te
120 2520 225 2565 dicis
243 2557 253 2576 ,
279 2530 330 2565 ut
353 2522 547 2566 invideas
580 2522 728 2581 gloriae
750 2523 934 2577 Christi,
974 2524 1096 2582 cujus
1129 2523 1300 2580 signum
1338 2532 1379 2566 te
1400 2522 1445 2564 in

55 2590 203 2636 fronte
235 2601 409 2651 portare
445 2593 620 2647 asseris,
648 2603 691 2637 et
719 2591 773 2636 de
806 2592 938 2637 corde
959 2592 1214 2652 perdidisti?
1241 2611 1260 2634 «
1287 2595 1339 2636 In
1361 2591 1447 2636 lata

107 2682 114 2698 ¹
134 2676 249 2707 Mutth.
273 2686 325 2716 xx,
341 2676 396 2707 ⁴26.
416 2693 457 2698 —
475 2683 488 2698 ¹
512 2676 624 2708 Jacob.
643 2687 686 2716 iv,
706 2676 738 2707 6.
758 2693 799 2700 -·
826 2675 840 2699 ³
855 2676 952 2708 Prov.
972 2687 1037 2716 xiv,
1057 2677 1109 2707 28.
