<?xml version="1.0" encoding="UTF-8"?>
<!DOCTYPE html PUBLIC "-//W3C//DTD XHTML 1.0 Transitional//EN"
    "http://www.w3.org/TR/xhtml1/DTD/xhtml1-transitional.dtd">
<html xmlns="http://www.w3.org/1999/xhtml" xml:lang="en" lang="en">
 <head>
  <title>
</title>
<meta http-equiv="Content-Type" content="text/html;charset=utf-8" />
  <meta name='ocr-system' content='tesseract 3.04.00' />
  <meta name='ocr-capabilities' content='ocr_page ocr_carea ocr_par ocr_line ocrx_word'/>
</head>
<body>
  <div class='ocr_page' id='page_1' title='image "./operaomniaaccura10auguuoft_0047.png"; bbox 0 0 1926 3339; ppageno 0'>
   <div class='ocr_carea' id='block_1_1' title="bbox 394 258 1437 294">
    <p class='ocr_par' dir='ltr' id='par_1_1' title="bbox 394 258 1437 294">
     <span class='ocr_line' id='line_1_1' title="bbox 394 258 1437 294; baseline 0 0"><span class='ocrx_word' id='word_1_1' title='bbox 394 267 635 294; x_wconf 43' lang='lat' dir='ltr'>miminiano</span> <span class='ocrx_word' id='word_1_2' title='bbox 667 269 711 294; x_wconf 73' lang='lat' dir='ltr'>m</span> <span class='ocrx_word' id='word_1_3' title='bbox 746 267 945 293; x_wconf 76' lang='lat' dir='ltr'><strong>PSALMUM</strong></span> <span class='ocrx_word' id='word_1_4' title='bbox 979 267 1136 294; x_wconf 60' lang='lat' dir='ltr'>lxxvii.</span> <span class='ocrx_word' id='word_1_5' title='bbox 1386 258 1437 294; x_wconf 85' lang='lat'>37</span> 
     </span>
    </p>
   </div>
   <div class='ocr_carea' id='block_1_2' title="bbox 17 331 1450 2574">
    <p class='ocr_par' dir='ltr' id='par_1_2' title="bbox 17 331 1450 2574">
     <span class='ocr_line' id='line_1_2' title="bbox 17 331 1440 392; baseline -0.001 -16"><span class='ocrx_word' id='word_1_6' title='bbox 17 364 31 378; x_wconf 82' lang='grc'><strong>.</strong></span> <span class='ocrx_word' id='word_1_7' title='bbox 57 342 177 376; x_wconf 87' lang='lat' dir='ltr'>tenet</span> <span class='ocrx_word' id='word_1_8' title='bbox 200 335 360 386; x_wconf 86' lang='lat' dir='ltr'>Deum,</span> <span class='ocrx_word' id='word_1_9' title='bbox 400 333 476 392; x_wconf 86' lang='lat' dir='ltr'>qui</span> <span class='ocrx_word' id='word_1_10' title='bbox 501 347 588 376; x_wconf 89' lang='lat' dir='ltr'>non</span> <span class='ocrx_word' id='word_1_11' title='bbox 622 346 721 375; x_wconf 89' lang='lat' dir='ltr'>eum</span> <span class='ocrx_word' id='word_1_12' title='bbox 746 331 966 390; x_wconf 77' lang='lat' dir='ltr'><strong>permittet</strong></span> <span class='ocrx_word' id='word_1_13' title='bbox 988 331 1144 374; x_wconf 85' lang='lat' dir='ltr'>tentari</span> <span class='ocrx_word' id='word_1_14' title='bbox 1172 346 1300 389; x_wconf 82' lang='lat' dir='ltr'>super</span> <span class='ocrx_word' id='word_1_15' title='bbox 1320 333 1440 390; x_wconf 83' lang='lat' dir='ltr'>quod</span> 
     </span>
     <span class='ocr_line' id='line_1_3' title="bbox 56 401 1441 462; baseline -0.001 -15"><span class='ocrx_word' id='word_1_16' title='bbox 56 412 198 462; x_wconf 85' lang='lat' dir='ltr'>potest</span> <span class='ocrx_word' id='word_1_17' title='bbox 218 423 228 459; x_wconf 78' lang='lat'>3</span> <span class='ocrx_word' id='word_1_18' title='bbox 251 402 324 446; x_wconf 86' lang='lat' dir='ltr'>sed</span> <span class='ocrx_word' id='word_1_19' title='bbox 346 401 474 447; x_wconf 84' lang='lat' dir='ltr'>faciet</span> <span class='ocrx_word' id='word_1_20' title='bbox 496 417 598 445; x_wconf 79' lang='lat' dir='ltr'>eum</span> <span class='ocrx_word' id='word_1_21' title='bbox 623 403 862 445; x_wconf 70' lang='lat' dir='ltr'>tentatione</span> <span class='ocrx_word' id='word_1_22' title='bbox 885 402 1015 444; x_wconf 84' lang='lat' dir='ltr'>etiam</span> <span class='ocrx_word' id='word_1_23' title='bbox 1037 401 1218 455; x_wconf 77' lang='lat' dir='ltr'>exitum,</span> <span class='ocrx_word' id='word_1_24' title='bbox 1240 411 1288 444; x_wconf 83' lang='lat' dir='ltr'>ut</span> <span class='ocrx_word' id='word_1_25' title='bbox 1309 403 1441 460; x_wconf 80' lang='lat' dir='ltr'>possit</span> 
     </span>
     <span class='ocr_line' id='line_1_4' title="bbox 55 469 1436 526; baseline -0.001 -10"><span class='ocrx_word' id='word_1_26' title='bbox 55 472 266 516; x_wconf 84' lang='lat' dir='ltr'>sustinere</span> <span class='ocrx_word' id='word_1_27' title='bbox 280 474 294 498; x_wconf 75' lang='lat'><strong>¹</strong></span> <span class='ocrx_word' id='word_1_28' title='bbox 311 507 322 526; x_wconf 84' lang='lat'>‚</span> <span class='ocrx_word' id='word_1_29' title='bbox 345 488 400 516; x_wconf 94' lang='lat' dir='ltr'>ne</span> <span class='ocrx_word' id='word_1_30' title='bbox 424 480 704 516; x_wconf 87' lang='lat' dir='ltr'>eonvertatur</span> <span class='ocrx_word' id='word_1_31' title='bbox 723 471 769 515; x_wconf 92' lang='lat' dir='ltr'>in</span> <span class='ocrx_word' id='word_1_32' title='bbox 791 471 862 514; x_wconf 76' lang='lat' dir='ltr'>die</span> <span class='ocrx_word' id='word_1_33' title='bbox 883 469 1000 514; x_wconf 83' lang='lat' dir='ltr'>belli.</span> <span class='ocrx_word' id='word_1_34' title='bbox 1033 471 1118 523; x_wconf 86' lang='lat' dir='ltr'>Qui</span> <span class='ocrx_word' id='word_1_35' title='bbox 1139 481 1283 514; x_wconf 87' lang='lat' dir='ltr'>autem</span> <span class='ocrx_word' id='word_1_36' title='bbox 1304 471 1348 513; x_wconf 94' lang='lat' dir='ltr'>in</span> <span class='ocrx_word' id='word_1_37' title='bbox 1366 486 1410 515; x_wconf 89' lang='lat' dir='ltr'>se</span> <span class='ocrx_word' id='word_1_38' title='bbox 1425 506 1436 520; x_wconf 76' lang='grc'><strong>.</strong></span> 
     </span>
     <span class='ocr_line' id='line_1_5' title="bbox 54 540 1441 601; baseline -0.001 -17"><span class='ocrx_word' id='word_1_39' title='bbox 54 557 144 585; x_wconf 90' lang='lat' dir='ltr'>non</span> <span class='ocrx_word' id='word_1_40' title='bbox 165 541 210 584; x_wconf 87' lang='lat' dir='ltr'>in</span> <span class='ocrx_word' id='word_1_41' title='bbox 234 544 322 585; x_wconf 83' lang='lat' dir='ltr'>Deo</span> <span class='ocrx_word' id='word_1_42' title='bbox 354 541 614 599; x_wconf 68' lang='lat' dir='ltr'>gloriatui-2,</span> <span class='ocrx_word' id='word_1_43' title='bbox 635 540 913 601; x_wconf 84' lang='lat' dir='ltr'>quantumvis</span> <span class='ocrx_word' id='word_1_44' title='bbox 929 541 1063 600; x_wconf 84' lang='lat' dir='ltr'>jactet</span> <span class='ocrx_word' id='word_1_45' title='bbox 1084 540 1441 600; x_wconf 79' lang='lat' dir='ltr'>pollicitationem</span> 
     </span>
     <span class='ocr_line' id='line_1_6' title="bbox 53 612 1443 666; baseline -0.001 -11"><span class='ocrx_word' id='word_1_46' title='bbox 53 612 224 656; x_wconf 85' lang='lat' dir='ltr'>virtutis</span> <span class='ocrx_word' id='word_1_47' title='bbox 249 628 361 666; x_wconf 71' lang='lat' dir='ltr'>suae,</span> <span class='ocrx_word' id='word_1_48' title='bbox 388 612 510 656; x_wconf 89' lang='lat' dir='ltr'>velut</span> <span class='ocrx_word' id='word_1_49' title='bbox 532 612 714 657; x_wconf 88' lang='lat' dir='ltr'>tendens</span> <span class='ocrx_word' id='word_1_50' title='bbox 735 621 778 657; x_wconf 88' lang='lat' dir='ltr'>et</span> <span class='ocrx_word' id='word_1_51' title='bbox 800 612 975 656; x_wconf 85' lang='lat' dir='ltr'>mittens</span> <span class='ocrx_word' id='word_1_52' title='bbox 998 628 1120 656; x_wconf 85' lang='lat' dir='ltr'>arcus</span> <span class='ocrx_word' id='word_1_53' title='bbox 1137 647 1147 666; x_wconf 87' lang='lat'>,</span> <span class='ocrx_word' id='word_1_54' title='bbox 1173 612 1443 656; x_wconf 84' lang='lat' dir='ltr'>convertitur</span> 
     </span>
     <span class='ocr_line' id='line_1_7' title="bbox 53 682 1441 742; baseline -0.001 -16"><span class='ocrx_word' id='word_1_55' title='bbox 53 683 98 726; x_wconf 86' lang='lat' dir='ltr'>in</span> <span class='ocrx_word' id='word_1_56' title='bbox 120 682 191 726; x_wconf 85' lang='lat' dir='ltr'>die</span> <span class='ocrx_word' id='word_1_57' title='bbox 213 683 330 726; x_wconf 82' lang='lat' dir='ltr'>belli.</span> <span class='ocrx_word' id='word_1_58' title='bbox 355 683 460 735; x_wconf 83' lang='lat' dir='ltr'>Quia</span> <span class='ocrx_word' id='word_1_59' title='bbox 486 683 601 727; x_wconf 86' lang='lat' dir='ltr'>enim</span> <span class='ocrx_word' id='word_1_60' title='bbox 624 699 713 727; x_wconf 86' lang='lat' dir='ltr'>non</span> <span class='ocrx_word' id='word_1_61' title='bbox 735 693 801 727; x_wconf 92' lang='lat' dir='ltr'>est</span> <span class='ocrx_word' id='word_1_62' title='bbox 822 684 1011 728; x_wconf 84' lang='lat' dir='ltr'>creditus</span> <span class='ocrx_word' id='word_1_63' title='bbox 1031 699 1132 727; x_wconf 85' lang='lat' dir='ltr'>cum</span> <span class='ocrx_word' id='word_1_64' title='bbox 1156 686 1245 727; x_wconf 83' lang='lat' dir='ltr'>Deo</span> <span class='ocrx_word' id='word_1_65' title='bbox 1267 682 1441 742; x_wconf 83' lang='lat' dir='ltr'>spiritus</span> 
     </span>
     <span class='ocr_line' id='line_1_8' title="bbox 52 752 1440 812; baseline -0.001 -16"><span class='ocrx_word' id='word_1_66' title='bbox 52 753 144 812; x_wconf 89' lang='lat' dir='ltr'>ejus</span> <span class='ocrx_word' id='word_1_67' title='bbox 160 787 171 807; x_wconf 88' lang='lat'>‚</span> <span class='ocrx_word' id='word_1_68' title='bbox 198 768 287 796; x_wconf 87' lang='lat' dir='ltr'>non</span> <span class='ocrx_word' id='word_1_69' title='bbox 311 762 374 796; x_wconf 88' lang='lat' dir='ltr'>est</span> <span class='ocrx_word' id='word_1_70' title='bbox 393 769 492 797; x_wconf 88' lang='lat' dir='ltr'>cum</span> <span class='ocrx_word' id='word_1_71' title='bbox 518 752 594 797; x_wconf 83' lang='lat' dir='ltr'>illo</span> <span class='ocrx_word' id='word_1_72' title='bbox 617 753 746 797; x_wconf 85' lang='lat' dir='ltr'>etiam</span> <span class='ocrx_word' id='word_1_73' title='bbox 768 754 953 812; x_wconf 81' lang='lat' dir='ltr'>Spiritus</span> <span class='ocrx_word' id='word_1_74' title='bbox 975 753 1051 796; x_wconf 90' lang='lat' dir='ltr'>Dei</span> <span class='ocrx_word' id='word_1_75' title='bbox 1074 772 1081 796; x_wconf 91' lang='lat'>:</span> <span class='ocrx_word' id='word_1_76' title='bbox 1108 762 1150 796; x_wconf 89' lang='lat' dir='ltr'>et</span> <span class='ocrx_word' id='word_1_77' title='bbox 1172 753 1282 796; x_wconf 89' lang='lat' dir='ltr'>sieut</span> <span class='ocrx_word' id='word_1_78' title='bbox 1304 752 1440 811; x_wconf 82' lang='lat' dir='ltr'>scrip-</span> 
     </span>
     <span class='ocr_line' id='line_1_9' title="bbox 53 821 1437 882; baseline -0.001 -17"><span class='ocrx_word' id='word_1_79' title='bbox 53 833 146 866; x_wconf 85' lang='lat' dir='ltr'>tum</span> <span class='ocrx_word' id='word_1_80' title='bbox 171 832 235 866; x_wconf 88' lang='lat' dir='ltr'>est</span> <span class='ocrx_word' id='word_1_81' title='bbox 267 842 276 867; x_wconf 75' lang='grc' dir='ltr'>ε</span> <span class='ocrx_word' id='word_1_82' title='bbox 319 842 338 863; x_wconf 88' lang='lat'>«</span> <span class='ocrx_word' id='word_1_83' title='bbox 363 823 473 875; x_wconf 79' lang='lat' dir='ltr'>Quia</span> <span class='ocrx_word' id='word_1_84' title='bbox 495 839 585 866; x_wconf 91' lang='lat' dir='ltr'>non</span> <span class='ocrx_word' id='word_1_85' title='bbox 613 822 797 867; x_wconf 86' lang='lat' dir='ltr'>eredidit</span> <span class='ocrx_word' id='word_1_86' title='bbox 815 857 825 876; x_wconf 81' lang='lat'>,</span> <span class='ocrx_word' id='word_1_87' title='bbox 862 821 961 866; x_wconf 86' lang='lat' dir='ltr'>ideo</span> <span class='ocrx_word' id='word_1_88' title='bbox 984 838 1074 866; x_wconf 91' lang='lat' dir='ltr'>non</span> <span class='ocrx_word' id='word_1_89' title='bbox 1097 831 1346 882; x_wconf 76' lang='lat' dir='ltr'><strong>protegetur</strong></span> <span class='ocrx_word' id='word_1_90' title='bbox 1362 825 1392 865; x_wconf 78' lang='lat'>³.</span> <span class='ocrx_word' id='word_1_91' title='bbox 1418 840 1437 863; x_wconf 90' lang='lat'>&gt;›</span> 
     </span>
     <span class='ocr_line' id='line_1_10' title="bbox 51 893 1442 946; baseline -0.001 -9"><span class='ocrx_word' id='word_1_92' title='bbox 51 893 181 946; x_wconf 83' lang='lat' dir='ltr'>Quod</span> <span class='ocrx_word' id='word_1_93' title='bbox 201 909 304 938; x_wconf 86' lang='lat' dir='ltr'>vero</span> <span class='ocrx_word' id='word_1_94' title='bbox 326 909 427 938; x_wconf 84' lang='lat' dir='ltr'>eum</span> <span class='ocrx_word' id='word_1_95' title='bbox 451 893 626 937; x_wconf 83' lang='lat' dir='ltr'>dixisset</span> <span class='ocrx_word' id='word_1_96' title='bbox 646 913 655 938; x_wconf 90' lang='lat'>:</span> <span class='ocrx_word' id='word_1_97' title='bbox 685 914 704 935; x_wconf 73' lang='grc' dir='ltr'>α</span> <span class='ocrx_word' id='word_1_98' title='bbox 730 897 827 939; x_wconf 91' lang='lat' dir='ltr'>Non</span> <span class='ocrx_word' id='word_1_99' title='bbox 849 894 1190 937; x_wconf 84' lang='lat' dir='ltr'>observaverunt</span> <span class='ocrx_word' id='word_1_100' title='bbox 1212 902 1442 938; x_wconf 84' lang='lat' dir='ltr'>testamen-</span> 
     </span>
     <span class='ocr_line' id='line_1_11' title="bbox 54 962 1443 1024; baseline 0.001 -20"><span class='ocrx_word' id='word_1_101' title='bbox 54 982 74 1004; x_wconf 92' lang='lat'>»</span> <span class='ocrx_word' id='word_1_102' title='bbox 109 972 204 1007; x_wconf 89' lang='lat' dir='ltr'>tum</span> <span class='ocrx_word' id='word_1_103' title='bbox 228 964 334 1021; x_wconf 76' lang='lat' dir='ltr'>Dei3</span> <span class='ocrx_word' id='word_1_104' title='bbox 367 983 383 1004; x_wconf 77' lang='lat' dir='ltr'><em>n</em></span> <span class='ocrx_word' id='word_1_105' title='bbox 411 963 568 1024; x_wconf 82' lang='lat' dir='ltr'>adjecit</span> <span class='ocrx_word' id='word_1_106' title='bbox 589 973 632 1007; x_wconf 89' lang='lat' dir='ltr'>et</span> <span class='ocrx_word' id='word_1_107' title='bbox 653 964 711 1007; x_wconf 87' lang='lat' dir='ltr'>ait</span> <span class='ocrx_word' id='word_1_108' title='bbox 740 982 748 1008; x_wconf 93' lang='lat'>:</span> <span class='ocrx_word' id='word_1_109' title='bbox 774 982 794 1006; x_wconf 87' lang='lat'>«</span> <span class='ocrx_word' id='word_1_110' title='bbox 820 966 876 1007; x_wconf 84' lang='lat' dir='ltr'>Et</span> <span class='ocrx_word' id='word_1_111' title='bbox 896 963 942 1006; x_wconf 89' lang='lat' dir='ltr'>in</span> <span class='ocrx_word' id='word_1_112' title='bbox 963 962 1059 1022; x_wconf 80' lang='lat' dir='ltr'>lege</span> <span class='ocrx_word' id='word_1_113' title='bbox 1082 965 1174 1024; x_wconf 84' lang='lat' dir='ltr'>ejus</span> <span class='ocrx_word' id='word_1_114' title='bbox 1204 963 1443 1007; x_wconf 81' lang='lat' dir='ltr'>noluerunt</span> 
     </span>
     <span class='ocr_line' id='line_1_12' title="bbox 56 1033 1443 1093; baseline 0.001 -18"><span class='ocrx_word' id='word_1_115' title='bbox 56 1054 73 1075; x_wconf 95' lang='lat'>»</span> <span class='ocrx_word' id='word_1_116' title='bbox 109 1033 334 1078; x_wconf 84' lang='lat' dir='ltr'>ambulare</span> <span class='ocrx_word' id='word_1_117' title='bbox 366 1053 375 1079; x_wconf 89' lang='lat'>:</span> <span class='ocrx_word' id='word_1_118' title='bbox 404 1052 424 1075; x_wconf 89' lang='lat'>»</span> <span class='ocrx_word' id='word_1_119' title='bbox 450 1034 650 1093; x_wconf 83' lang='lat' dir='ltr'>repetitio</span> <span class='ocrx_word' id='word_1_120' title='bbox 684 1042 747 1078; x_wconf 89' lang='lat' dir='ltr'>est</span> <span class='ocrx_word' id='word_1_121' title='bbox 779 1033 1010 1093; x_wconf 86' lang='lat' dir='ltr'>superioris</span> <span class='ocrx_word' id='word_1_122' title='bbox 1047 1034 1273 1077; x_wconf 73' lang='lat' dir='ltr'>sententiae</span> <span class='ocrx_word' id='word_1_123' title='bbox 1292 1068 1303 1088; x_wconf 85' lang='lat'>‚</span> <span class='ocrx_word' id='word_1_124' title='bbox 1341 1048 1443 1077; x_wconf 86' lang='lat' dir='ltr'>cum</span> 
     </span>
     <span class='ocr_line' id='line_1_13' title="bbox 50 1104 1442 1165; baseline 0.001 -18"><span class='ocrx_word' id='word_1_125' title='bbox 50 1104 241 1163; x_wconf 86' lang='lat' dir='ltr'>quadam</span> <span class='ocrx_word' id='word_1_126' title='bbox 262 1106 353 1165; x_wconf 84' lang='lat' dir='ltr'>ejus</span> <span class='ocrx_word' id='word_1_127' title='bbox 374 1105 656 1164; x_wconf 83' lang='lat' dir='ltr'>expositione.</span> <span class='ocrx_word' id='word_1_128' title='bbox 687 1108 780 1150; x_wconf 88' lang='lat' dir='ltr'>Hoc</span> <span class='ocrx_word' id='word_1_129' title='bbox 803 1105 919 1149; x_wconf 91' lang='lat' dir='ltr'>enim</span> <span class='ocrx_word' id='word_1_130' title='bbox 952 1104 1208 1164; x_wconf 83' lang='lat' dir='ltr'>appellavit,</span> <span class='ocrx_word' id='word_1_131' title='bbox 1242 1125 1261 1147; x_wconf 87' lang='lat'>«</span> <span class='ocrx_word' id='word_1_132' title='bbox 1282 1109 1442 1164; x_wconf 80' lang='lat' dir='ltr'>Legem</span> 
     </span>
     <span class='ocr_line' id='line_1_14' title="bbox 52 1174 1445 1235; baseline 0.002 -18"><span class='ocrx_word' id='word_1_133' title='bbox 52 1191 73 1215; x_wconf 87' lang='lat'>»</span> <span class='ocrx_word' id='word_1_134' title='bbox 108 1175 199 1234; x_wconf 87' lang='lat' dir='ltr'>ejus</span> <span class='ocrx_word' id='word_1_135' title='bbox 216 1209 227 1229; x_wconf 91' lang='lat'>,</span> <span class='ocrx_word' id='word_1_136' title='bbox 257 1192 276 1215; x_wconf 92' lang='lat'>»</span> <span class='ocrx_word' id='word_1_137' title='bbox 302 1174 423 1235; x_wconf 86' lang='lat' dir='ltr'>quod</span> <span class='ocrx_word' id='word_1_138' title='bbox 449 1191 579 1235; x_wconf 85' lang='lat' dir='ltr'>supra</span> <span class='ocrx_word' id='word_1_139' title='bbox 602 1174 770 1220; x_wconf 80' lang='lat' dir='ltr'>dixerat</span> <span class='ocrx_word' id='word_1_140' title='bbox 795 1195 815 1217; x_wconf 87' lang='lat'>«</span> <span class='ocrx_word' id='word_1_141' title='bbox 849 1178 1176 1220; x_wconf 79' lang='lat' dir='ltr'>Testamentum</span> <span class='ocrx_word' id='word_1_142' title='bbox 1197 1176 1274 1221; x_wconf 90' lang='lat' dir='ltr'>Dei</span> <span class='ocrx_word' id='word_1_143' title='bbox 1301 1195 1310 1221; x_wconf 89' lang='lat'>:</span> <span class='ocrx_word' id='word_1_144' title='bbox 1342 1194 1361 1217; x_wconf 85' lang='lat'>»</span> <span class='ocrx_word' id='word_1_145' title='bbox 1395 1185 1445 1220; x_wconf 90' lang='lat' dir='ltr'>ut</span> 
     </span>
     <span class='ocr_line' id='line_1_15' title="bbox 49 1243 1444 1305; baseline 0.001 -18"><span class='ocrx_word' id='word_1_146' title='bbox 49 1243 160 1287; x_wconf 87' lang='lat' dir='ltr'>illud</span> <span class='ocrx_word' id='word_1_147' title='bbox 180 1245 300 1303; x_wconf 85' lang='lat' dir='ltr'>quod</span> <span class='ocrx_word' id='word_1_148' title='bbox 326 1244 493 1289; x_wconf 86' lang='lat' dir='ltr'>dietum</span> <span class='ocrx_word' id='word_1_149' title='bbox 517 1254 582 1289; x_wconf 86' lang='lat' dir='ltr'>est</span> <span class='ocrx_word' id='word_1_150' title='bbox 603 1264 612 1290; x_wconf 89' lang='grc'>;</span> <span class='ocrx_word' id='word_1_151' title='bbox 641 1264 662 1287; x_wconf 87' lang='lat'>«</span> <span class='ocrx_word' id='word_1_152' title='bbox 686 1248 785 1291; x_wconf 93' lang='lat' dir='ltr'>Non</span> <span class='ocrx_word' id='word_1_153' title='bbox 813 1244 1138 1301; x_wconf 84' lang='lat' dir='ltr'>custodierunt,</span> <span class='ocrx_word' id='word_1_154' title='bbox 1162 1264 1182 1287; x_wconf 90' lang='lat'>»</span> <span class='ocrx_word' id='word_1_155' title='bbox 1209 1246 1444 1305; x_wconf 80' lang='lat' dir='ltr'>repetitum</span> 
     </span>
     <span class='ocr_line' id='line_1_16' title="bbox 49 1313 1445 1373; baseline 0.003 -16"><span class='ocrx_word' id='word_1_156' title='bbox 49 1313 321 1373; x_wconf 83' lang='lat' dir='ltr'>intelligatur</span> <span class='ocrx_word' id='word_1_157' title='bbox 337 1316 384 1359; x_wconf 93' lang='lat' dir='ltr'>in</span> <span class='ocrx_word' id='word_1_158' title='bbox 403 1330 470 1370; x_wconf 81' lang='lat' dir='ltr'>eo,</span> <span class='ocrx_word' id='word_1_159' title='bbox 496 1315 771 1360; x_wconf 73' lang='lat' dir='ltr'>«Ambulare</span> <span class='ocrx_word' id='word_1_160' title='bbox 789 1315 1041 1360; x_wconf 87' lang='lat' dir='ltr'>noluerunt.</span> <span class='ocrx_word' id='word_1_161' title='bbox 1067 1335 1087 1358; x_wconf 85' lang='lat'>»</span> <span class='ocrx_word' id='word_1_162' title='bbox 1113 1316 1198 1361; x_wconf 89' lang='lat' dir='ltr'>Sed</span> <span class='ocrx_word' id='word_1_163' title='bbox 1218 1331 1319 1360; x_wconf 87' lang='lat' dir='ltr'>eum</span> <span class='ocrx_word' id='word_1_164' title='bbox 1342 1317 1445 1361; x_wconf 89' lang='lat' dir='ltr'>bre-</span> 
     </span>
     <span class='ocr_line' id='line_1_17' title="bbox 50 1385 1445 1447; baseline 0.002 -18"><span class='ocrx_word' id='word_1_165' title='bbox 50 1385 146 1430; x_wconf 88' lang='lat' dir='ltr'>vius</span> <span class='ocrx_word' id='word_1_166' title='bbox 167 1386 253 1430; x_wconf 86' lang='lat' dir='ltr'>diei</span> <span class='ocrx_word' id='word_1_167' title='bbox 275 1395 417 1446; x_wconf 89' lang='lat' dir='ltr'>posset</span> <span class='ocrx_word' id='word_1_168' title='bbox 433 1422 444 1441; x_wconf 83' lang='lat'>,</span> <span class='ocrx_word' id='word_1_169' title='bbox 466 1395 508 1430; x_wconf 89' lang='lat' dir='ltr'>et</span> <span class='ocrx_word' id='word_1_170' title='bbox 529 1386 576 1429; x_wconf 91' lang='lat' dir='ltr'>in</span> <span class='ocrx_word' id='word_1_171' title='bbox 592 1386 687 1442; x_wconf 86' lang='lat' dir='ltr'>lege</span> <span class='ocrx_word' id='word_1_172' title='bbox 710 1388 800 1447; x_wconf 90' lang='lat' dir='ltr'>ejus</span> <span class='ocrx_word' id='word_1_173' title='bbox 823 1403 913 1431; x_wconf 90' lang='lat' dir='ltr'>non</span> <span class='ocrx_word' id='word_1_174' title='bbox 936 1387 1273 1432; x_wconf 82' lang='lat' dir='ltr'>ambulaverunt</span> <span class='ocrx_word' id='word_1_175' title='bbox 1293 1409 1304 1444; x_wconf 78' lang='lat'><em>3</em></span> <span class='ocrx_word' id='word_1_176' title='bbox 1328 1403 1445 1432; x_wconf 91' lang='lat' dir='ltr'>non-</span> 
     </span>
     <span class='ocr_line' id='line_1_18' title="bbox 49 1454 1441 1516; baseline 0.001 -18"><span class='ocrx_word' id='word_1_177' title='bbox 49 1454 163 1499; x_wconf 90' lang='lat' dir='ltr'>nihil</span> <span class='ocrx_word' id='word_1_178' title='bbox 195 1455 304 1499; x_wconf 89' lang='lat' dir='ltr'>mihi</span> <span class='ocrx_word' id='word_1_179' title='bbox 339 1455 512 1500; x_wconf 89' lang='lat' dir='ltr'>videtur</span> <span class='ocrx_word' id='word_1_180' title='bbox 539 1457 586 1500; x_wconf 90' lang='lat' dir='ltr'>in</span> <span class='ocrx_word' id='word_1_181' title='bbox 617 1457 701 1501; x_wconf 89' lang='lat' dir='ltr'>hoe</span> <span class='ocrx_word' id='word_1_182' title='bbox 730 1456 865 1501; x_wconf 90' lang='lat' dir='ltr'>verbo</span> <span class='ocrx_word' id='word_1_183' title='bbox 895 1472 973 1501; x_wconf 90' lang='lat' dir='ltr'>nos</span> <span class='ocrx_word' id='word_1_184' title='bbox 1000 1472 1197 1516; x_wconf 81' lang='lat' dir='ltr'>quaerere</span> <span class='ocrx_word' id='word_1_185' title='bbox 1229 1457 1441 1512; x_wconf 88' lang='lat' dir='ltr'>voluisse,</span> 
     </span>
     <span class='ocr_line' id='line_1_19' title="bbox 50 1525 1441 1586; baseline 0 -17"><span class='ocrx_word' id='word_1_186' title='bbox 50 1525 173 1586; x_wconf 87' lang='lat' dir='ltr'>quod</span> <span class='ocrx_word' id='word_1_187' title='bbox 206 1525 362 1571; x_wconf 86' lang='lat' dir='ltr'>maluit</span> <span class='ocrx_word' id='word_1_188' title='bbox 390 1525 532 1570; x_wconf 86' lang='lat' dir='ltr'>dicere</span> <span class='ocrx_word' id='word_1_189' title='bbox 561 1546 570 1570; x_wconf 90' lang='lat'>:</span> <span class='ocrx_word' id='word_1_190' title='bbox 611 1546 630 1569; x_wconf 95' lang='lat'>«</span> <span class='ocrx_word' id='word_1_191' title='bbox 665 1526 914 1572; x_wconf 87' lang='lat' dir='ltr'>Noluerunt</span> <span class='ocrx_word' id='word_1_192' title='bbox 945 1527 1203 1582; x_wconf 69' lang='lat' dir='ltr'>ambulare,</span> <span class='ocrx_word' id='word_1_193' title='bbox 1235 1545 1254 1567; x_wconf 88' lang='lat'>»</span> <span class='ocrx_word' id='word_1_194' title='bbox 1282 1542 1441 1586; x_wconf 84' lang='lat' dir='ltr'>quam,</span> 
     </span>
     <span class='ocr_line' id='line_1_20' title="bbox 49 1595 1445 1656; baseline -0.001 -16"><span class='ocrx_word' id='word_1_195' title='bbox 49 1612 139 1641; x_wconf 88' lang='lat' dir='ltr'>non</span> <span class='ocrx_word' id='word_1_196' title='bbox 161 1595 513 1641; x_wconf 86' lang='lat' dir='ltr'>ambulaverunt.</span> <span class='ocrx_word' id='word_1_197' title='bbox 540 1599 716 1641; x_wconf 83' lang='lat' dir='ltr'>Poterat</span> <span class='ocrx_word' id='word_1_198' title='bbox 737 1598 852 1641; x_wconf 90' lang='lat' dir='ltr'>enim</span> <span class='ocrx_word' id='word_1_199' title='bbox 870 1597 1016 1656; x_wconf 84' lang='lat' dir='ltr'>putari</span> <span class='ocrx_word' id='word_1_200' title='bbox 1032 1596 1101 1641; x_wconf 83' lang='lat' dir='ltr'>lex</span> <span class='ocrx_word' id='word_1_201' title='bbox 1122 1613 1304 1656; x_wconf 89' lang='lat' dir='ltr'>operum</span> <span class='ocrx_word' id='word_1_202' title='bbox 1322 1596 1445 1656; x_wconf 84' lang='lat' dir='ltr'>quasi</span> 
     </span>
     <span class='ocr_line' id='line_1_21' title="bbox 49 1667 1439 1728; baseline -0.001 -17"><span class='ocrx_word' id='word_1_203' title='bbox 49 1667 248 1711; x_wconf 83' lang='lat' dir='ltr'>sufficere</span> <span class='ocrx_word' id='word_1_204' title='bbox 272 1668 326 1711; x_wconf 82' lang='lat' dir='ltr'>ad</span> <span class='ocrx_word' id='word_1_205' title='bbox 344 1667 701 1727; x_wconf 84' lang='lat' dir='ltr'>justificationem</span> <span class='ocrx_word' id='word_1_206' title='bbox 719 1702 729 1721; x_wconf 90' lang='lat'><strong>‚</strong></span> <span class='ocrx_word' id='word_1_207' title='bbox 756 1683 857 1712; x_wconf 89' lang='lat' dir='ltr'>cum</span> <span class='ocrx_word' id='word_1_208' title='bbox 891 1683 941 1711; x_wconf 84' lang='lat' dir='ltr'>ea</span> <span class='ocrx_word' id='word_1_209' title='bbox 974 1683 1073 1728; x_wconf 82' lang='lat' dir='ltr'>quae</span> <span class='ocrx_word' id='word_1_210' title='bbox 1101 1667 1439 1726; x_wconf 79' lang='lat' dir='ltr'>praecipiuntur,</span> 
     </span>
     <span class='ocr_line' id='line_1_22' title="bbox 49 1738 1446 1798; baseline 0 -17"><span class='ocrx_word' id='word_1_211' title='bbox 49 1738 286 1782; x_wconf 82' lang='lat' dir='ltr'>forinsecus</span> <span class='ocrx_word' id='word_1_212' title='bbox 308 1739 422 1783; x_wconf 84' lang='lat' dir='ltr'>fiunt</span> <span class='ocrx_word' id='word_1_213' title='bbox 443 1739 497 1782; x_wconf 80' lang='lat' dir='ltr'>ab</span> <span class='ocrx_word' id='word_1_214' title='bbox 521 1739 580 1782; x_wconf 89' lang='lat' dir='ltr'>eis</span> <span class='ocrx_word' id='word_1_215' title='bbox 600 1738 854 1783; x_wconf 86' lang='lat' dir='ltr'>hominibus</span> <span class='ocrx_word' id='word_1_216' title='bbox 869 1774 880 1793; x_wconf 84' lang='lat'>,</span> <span class='ocrx_word' id='word_1_217' title='bbox 906 1738 982 1798; x_wconf 88' lang='lat' dir='ltr'>qui</span> <span class='ocrx_word' id='word_1_218' title='bbox 1014 1738 1198 1781; x_wconf 80' lang='lat' dir='ltr'>mallent</span> <span class='ocrx_word' id='word_1_219' title='bbox 1218 1753 1309 1782; x_wconf 89' lang='lat' dir='ltr'>non</span> <span class='ocrx_word' id='word_1_220' title='bbox 1330 1753 1446 1797; x_wconf 84' lang='lat' dir='ltr'>prae-</span> 
     </span>
     <span class='ocr_line' id='line_1_23' title="bbox 49 1807 1445 1868; baseline -0.001 -15"><span class='ocrx_word' id='word_1_221' title='bbox 49 1809 158 1867; x_wconf 84' lang='lat' dir='ltr'>cipi,</span> <span class='ocrx_word' id='word_1_222' title='bbox 179 1824 279 1868; x_wconf 80' lang='lat' dir='ltr'>quae</span> <span class='ocrx_word' id='word_1_223' title='bbox 299 1824 389 1852; x_wconf 91' lang='lat' dir='ltr'>non</span> <span class='ocrx_word' id='word_1_224' title='bbox 410 1823 462 1852; x_wconf 74' lang='lat' dir='ltr'>ex</span> <span class='ocrx_word' id='word_1_225' title='bbox 481 1808 612 1852; x_wconf 85' lang='lat' dir='ltr'>corde</span> <span class='ocrx_word' id='word_1_226' title='bbox 626 1808 817 1863; x_wconf 83' lang='lat' dir='ltr'>faciunt,</span> <span class='ocrx_word' id='word_1_227' title='bbox 838 1817 882 1852; x_wconf 86' lang='lat' dir='ltr'>et</span> <span class='ocrx_word' id='word_1_228' title='bbox 905 1817 1052 1852; x_wconf 81' lang='lat' dir='ltr'>tamen</span> <span class='ocrx_word' id='word_1_229' title='bbox 1074 1807 1269 1864; x_wconf 80' lang='lat' dir='ltr'>faciunt3</span> <span class='ocrx_word' id='word_1_230' title='bbox 1295 1824 1343 1852; x_wconf 83' lang='lat' dir='ltr'>ae</span> <span class='ocrx_word' id='word_1_231' title='bbox 1367 1823 1445 1868; x_wconf 90' lang='lat' dir='ltr'>per</span> 
     </span>
     <span class='ocr_line' id='line_1_24' title="bbox 49 1877 1447 1938; baseline 0 -16"><span class='ocrx_word' id='word_1_232' title='bbox 49 1879 132 1923; x_wconf 88' lang='lat' dir='ltr'>hoc</span> <span class='ocrx_word' id='word_1_233' title='bbox 156 1879 279 1938; x_wconf 82' lang='lat' dir='ltr'>quasi</span> <span class='ocrx_word' id='word_1_234' title='bbox 301 1877 509 1923; x_wconf 87' lang='lat' dir='ltr'>videntur</span> <span class='ocrx_word' id='word_1_235' title='bbox 527 1878 750 1922; x_wconf 79' lang='lat' dir='ltr'>ambulare</span> <span class='ocrx_word' id='word_1_236' title='bbox 772 1879 818 1922; x_wconf 90' lang='lat' dir='ltr'>in</span> <span class='ocrx_word' id='word_1_237' title='bbox 838 1877 934 1937; x_wconf 79' lang='lat' dir='ltr'>lege</span> <span class='ocrx_word' id='word_1_238' title='bbox 958 1879 1060 1934; x_wconf 84' lang='lat' dir='ltr'>Dei,</span> <span class='ocrx_word' id='word_1_239' title='bbox 1085 1878 1160 1922; x_wconf 86' lang='lat' dir='ltr'>sed</span> <span class='ocrx_word' id='word_1_240' title='bbox 1181 1878 1341 1922; x_wconf 85' lang='lat' dir='ltr'>nolunt</span> <span class='ocrx_word' id='word_1_241' title='bbox 1359 1894 1447 1922; x_wconf 84' lang='lat' dir='ltr'>am-</span> 
     </span>
     <span class='ocr_line' id='line_1_25' title="bbox 50 1947 1446 1993; baseline -0.001 0"><span class='ocrx_word' id='word_1_242' title='bbox 50 1948 203 1993; x_wconf 86' lang='lat' dir='ltr'>bulare</span> <span class='ocrx_word' id='word_1_243' title='bbox 222 1964 337 1993; x_wconf 86' lang='lat' dir='ltr'>:non</span> <span class='ocrx_word' id='word_1_244' title='bbox 359 1948 474 1991; x_wconf 86' lang='lat' dir='ltr'>enim</span> <span class='ocrx_word' id='word_1_245' title='bbox 493 1964 544 1991; x_wconf 77' lang='lat' dir='ltr'>ex</span> <span class='ocrx_word' id='word_1_246' title='bbox 561 1949 690 1992; x_wconf 85' lang='lat' dir='ltr'>eorde</span> <span class='ocrx_word' id='word_1_247' title='bbox 712 1947 893 1993; x_wconf 83' lang='lat' dir='ltr'>faciunt.</span> <span class='ocrx_word' id='word_1_248' title='bbox 920 1952 987 1992; x_wconf 79' lang='lat' dir='ltr'>Ex</span> <span class='ocrx_word' id='word_1_249' title='bbox 1004 1950 1136 1993; x_wconf 88' lang='lat' dir='ltr'>eorde</span> <span class='ocrx_word' id='word_1_250' title='bbox 1158 1959 1304 1993; x_wconf 83' lang='lat' dir='ltr'>autem</span> <span class='ocrx_word' id='word_1_251' title='bbox 1322 1947 1446 1993; x_wconf 84' lang='lat' dir='ltr'>nullo</span> 
     </span>
     <span class='ocr_line' id='line_1_26' title="bbox 49 2017 1448 2080; baseline -0.001 -16"><span class='ocrx_word' id='word_1_252' title='bbox 49 2019 184 2064; x_wconf 88' lang='lat' dir='ltr'>modo</span> <span class='ocrx_word' id='word_1_253' title='bbox 218 2019 310 2063; x_wconf 78' lang='lat' dir='ltr'>fieri</span> <span class='ocrx_word' id='word_1_254' title='bbox 331 2028 502 2078; x_wconf 85' lang='lat' dir='ltr'>potest,</span> <span class='ocrx_word' id='word_1_255' title='bbox 529 2017 650 2080; x_wconf 84' lang='lat' dir='ltr'>quod</span> <span class='ocrx_word' id='word_1_256' title='bbox 672 2018 908 2063; x_wconf 86' lang='lat' dir='ltr'>formidine</span> <span class='ocrx_word' id='word_1_257' title='bbox 931 2021 981 2063; x_wconf 84' lang='lat' dir='ltr'>fit</span> <span class='ocrx_word' id='word_1_258' title='bbox 1003 2035 1148 2079; x_wconf 82' lang='lat' dir='ltr'>poenae</span> <span class='ocrx_word' id='word_1_259' title='bbox 1166 2055 1178 2075; x_wconf 88' lang='lat'><strong><em>‚</em></strong></span> <span class='ocrx_word' id='word_1_260' title='bbox 1204 2036 1292 2064; x_wconf 92' lang='lat' dir='ltr'>non</span> <span class='ocrx_word' id='word_1_261' title='bbox 1316 2020 1448 2064; x_wconf 83' lang='lat' dir='ltr'>dilee-</span> 
     </span>
     <span class='ocr_line' id='line_1_27' title="bbox 50 2088 1446 2150; baseline -0.001 -16"><span class='ocrx_word' id='word_1_262' title='bbox 50 2091 169 2134; x_wconf 89' lang='lat' dir='ltr'>tione</span> <span class='ocrx_word' id='word_1_263' title='bbox 187 2090 383 2150; x_wconf 73' lang='lat' dir='ltr'>justitiae.</span> <span class='ocrx_word' id='word_1_264' title='bbox 417 2092 528 2134; x_wconf 82' lang='lat' dir='ltr'>Nam</span> <span class='ocrx_word' id='word_1_265' title='bbox 558 2098 775 2149; x_wconf 83' lang='lat' dir='ltr'>quantum</span> <span class='ocrx_word' id='word_1_266' title='bbox 798 2090 953 2133; x_wconf 83' lang='lat' dir='ltr'>attinet</span> <span class='ocrx_word' id='word_1_267' title='bbox 976 2089 1030 2133; x_wconf 86' lang='lat' dir='ltr'>ad</span> <span class='ocrx_word' id='word_1_268' title='bbox 1053 2089 1167 2134; x_wconf 86' lang='lat' dir='ltr'>facta</span> <span class='ocrx_word' id='word_1_269' title='bbox 1186 2106 1285 2149; x_wconf 76' lang='lat' dir='ltr'>quae</span> <span class='ocrx_word' id='word_1_270' title='bbox 1307 2088 1446 2134; x_wconf 84' lang='lat' dir='ltr'>forin-</span> 
     </span>
     <span class='ocr_line' id='line_1_28' title="bbox 51 2160 1449 2221; baseline 0 -17"><span class='ocrx_word' id='word_1_271' title='bbox 51 2175 172 2204; x_wconf 88' lang='lat' dir='ltr'>seeus</span> <span class='ocrx_word' id='word_1_272' title='bbox 192 2168 410 2219; x_wconf 82' lang='lat' dir='ltr'>aguntur,</span> <span class='ocrx_word' id='word_1_273' title='bbox 445 2169 489 2204; x_wconf 88' lang='lat' dir='ltr'>et</span> <span class='ocrx_word' id='word_1_274' title='bbox 512 2160 589 2221; x_wconf 85' lang='lat' dir='ltr'>qui</span> <span class='ocrx_word' id='word_1_275' title='bbox 607 2160 764 2204; x_wconf 89' lang='lat' dir='ltr'>timent</span> <span class='ocrx_word' id='word_1_276' title='bbox 791 2174 967 2218; x_wconf 86' lang='lat' dir='ltr'>poenam</span> <span class='ocrx_word' id='word_1_277' title='bbox 991 2168 1034 2202; x_wconf 91' lang='lat' dir='ltr'>et</span> <span class='ocrx_word' id='word_1_278' title='bbox 1055 2160 1132 2219; x_wconf 87' lang='lat' dir='ltr'>qui</span> <span class='ocrx_word' id='word_1_279' title='bbox 1155 2168 1303 2203; x_wconf 86' lang='lat' dir='ltr'>amant</span> <span class='ocrx_word' id='word_1_280' title='bbox 1321 2160 1449 2219; x_wconf 86' lang='lat' dir='ltr'>justi-</span> 
     </span>
     <span class='ocr_line' id='line_1_29' title="bbox 52 2230 1448 2290; baseline -0.001 -15"><span class='ocrx_word' id='word_1_281' title='bbox 52 2231 156 2276; x_wconf 90' lang='lat' dir='ltr'>tiam</span> <span class='ocrx_word' id='word_1_282' title='bbox 194 2247 283 2275; x_wconf 88' lang='lat' dir='ltr'>non</span> <span class='ocrx_word' id='word_1_283' title='bbox 307 2231 539 2288; x_wconf 77' lang='lat' dir='ltr'>furantur3</span> <span class='ocrx_word' id='word_1_284' title='bbox 575 2240 619 2275; x_wconf 90' lang='lat' dir='ltr'>et</span> <span class='ocrx_word' id='word_1_285' title='bbox 656 2230 755 2275; x_wconf 90' lang='lat' dir='ltr'>ideo</span> <span class='ocrx_word' id='word_1_286' title='bbox 786 2245 910 2290; x_wconf 83' lang='lat' dir='ltr'>pares</span> <span class='ocrx_word' id='word_1_287' title='bbox 947 2238 1050 2274; x_wconf 89' lang='lat' dir='ltr'>sunt</span> <span class='ocrx_word' id='word_1_288' title='bbox 1071 2245 1230 2284; x_wconf 87' lang='lat' dir='ltr'>manu,</span> <span class='ocrx_word' id='word_1_289' title='bbox 1258 2230 1448 2289; x_wconf 85' lang='lat' dir='ltr'>dispares</span> 
     </span>
     <span class='ocr_line' id='line_1_30' title="bbox 53 2299 1450 2361; baseline -0.001 -15"><span class='ocrx_word' id='word_1_290' title='bbox 53 2302 208 2359; x_wconf 74' lang='lat' dir='ltr'>eorde3</span> <span class='ocrx_word' id='word_1_291' title='bbox 230 2316 353 2360; x_wconf 85' lang='lat' dir='ltr'>pares</span> <span class='ocrx_word' id='word_1_292' title='bbox 374 2317 520 2361; x_wconf 87' lang='lat' dir='ltr'>opere,</span> <span class='ocrx_word' id='word_1_293' title='bbox 538 2301 730 2360; x_wconf 83' lang='lat' dir='ltr'>dispares</span> <span class='ocrx_word' id='word_1_294' title='bbox 751 2300 994 2345; x_wconf 86' lang='lat' dir='ltr'>voluntate.</span> <span class='ocrx_word' id='word_1_295' title='bbox 1024 2299 1129 2345; x_wconf 87' lang='lat' dir='ltr'>Ideo</span> <span class='ocrx_word' id='word_1_296' title='bbox 1147 2299 1210 2343; x_wconf 88' lang='lat' dir='ltr'>illi</span> <span class='ocrx_word' id='word_1_297' title='bbox 1231 2300 1289 2344; x_wconf 87' lang='lat' dir='ltr'>sie</span> <span class='ocrx_word' id='word_1_298' title='bbox 1311 2301 1450 2345; x_wconf 84' lang='lat' dir='ltr'>notati</span> 
     </span>
     <span class='ocr_line' id='line_1_31' title="bbox 54 2371 1446 2432; baseline -0.002 -16"><span class='ocrx_word' id='word_1_299' title='bbox 54 2381 155 2417; x_wconf 90' lang='lat' dir='ltr'>sunt</span> <span class='ocrx_word' id='word_1_300' title='bbox 176 2391 185 2416; x_wconf 90' lang='lat'><strong>:</strong></span> <span class='ocrx_word' id='word_1_301' title='bbox 216 2392 236 2414; x_wconf 92' lang='lat'>«</span> <span class='ocrx_word' id='word_1_302' title='bbox 261 2372 493 2417; x_wconf 85' lang='lat' dir='ltr'>Generatio</span> <span class='ocrx_word' id='word_1_303' title='bbox 510 2408 521 2428; x_wconf 81' lang='lat'>‚</span> <span class='ocrx_word' id='word_1_304' title='bbox 546 2372 691 2432; x_wconf 89' lang='lat' dir='ltr'>inquit</span> <span class='ocrx_word' id='word_1_305' title='bbox 709 2408 720 2428; x_wconf 80' lang='lat'>‚</span> <span class='ocrx_word' id='word_1_306' title='bbox 741 2388 841 2432; x_wconf 85' lang='lat' dir='ltr'>quae</span> <span class='ocrx_word' id='word_1_307' title='bbox 864 2387 939 2417; x_wconf 84' lang='lat' dir='ltr'>eor</span> <span class='ocrx_word' id='word_1_308' title='bbox 962 2387 1052 2416; x_wconf 90' lang='lat' dir='ltr'>non</span> <span class='ocrx_word' id='word_1_309' title='bbox 1080 2371 1236 2416; x_wconf 80' lang='lat' dir='ltr'>direxit</span> <span class='ocrx_word' id='word_1_310' title='bbox 1257 2387 1399 2415; x_wconf 88' lang='lat' dir='ltr'>suum.</span> <span class='ocrx_word' id='word_1_311' title='bbox 1424 2389 1446 2413; x_wconf 86' lang='lat'>»</span> 
     </span>
     <span class='ocr_line' id='line_1_32' title="bbox 54 2442 1445 2503; baseline -0.002 -13"><span class='ocrx_word' id='word_1_312' title='bbox 54 2447 153 2490; x_wconf 90' lang='lat' dir='ltr'>Non</span> <span class='ocrx_word' id='word_1_313' title='bbox 180 2442 347 2487; x_wconf 87' lang='lat' dir='ltr'>dietum</span> <span class='ocrx_word' id='word_1_314' title='bbox 375 2453 466 2499; x_wconf 82' lang='lat' dir='ltr'>est⁷</span> <span class='ocrx_word' id='word_1_315' title='bbox 507 2459 663 2503; x_wconf 79' lang='lat' dir='ltr'>opera3</span> <span class='ocrx_word' id='word_1_316' title='bbox 700 2443 799 2498; x_wconf 88' lang='lat' dir='ltr'>sed,</span> <span class='ocrx_word' id='word_1_317' title='bbox 826 2459 915 2488; x_wconf 90' lang='lat' dir='ltr'>eor.</span> <span class='ocrx_word' id='word_1_318' title='bbox 942 2444 1116 2488; x_wconf 85' lang='lat' dir='ltr'>Direeto</span> <span class='ocrx_word' id='word_1_319' title='bbox 1138 2443 1255 2487; x_wconf 89' lang='lat' dir='ltr'>enim</span> <span class='ocrx_word' id='word_1_320' title='bbox 1287 2442 1445 2498; x_wconf 89' lang='lat' dir='ltr'>eorde,</span> 
     </span>
     <span class='ocr_line' id='line_1_33' title="bbox 56 2512 1448 2574; baseline -0.001 -16"><span class='ocrx_word' id='word_1_321' title='bbox 56 2523 172 2558; x_wconf 83' lang='lat' dir='ltr'>reeta</span> <span class='ocrx_word' id='word_1_322' title='bbox 193 2522 296 2557; x_wconf 87' lang='lat' dir='ltr'>sunt</span> <span class='ocrx_word' id='word_1_323' title='bbox 311 2529 466 2574; x_wconf 88' lang='lat' dir='ltr'>opera:</span> <span class='ocrx_word' id='word_1_324' title='bbox 492 2530 593 2558; x_wconf 86' lang='lat' dir='ltr'>eum</span> <span class='ocrx_word' id='word_1_325' title='bbox 615 2522 762 2558; x_wconf 87' lang='lat' dir='ltr'>autem</span> <span class='ocrx_word' id='word_1_326' title='bbox 783 2529 859 2558; x_wconf 87' lang='lat' dir='ltr'>eor</span> <span class='ocrx_word' id='word_1_327' title='bbox 875 2512 1091 2558; x_wconf 84' lang='lat' dir='ltr'>directum</span> <span class='ocrx_word' id='word_1_328' title='bbox 1108 2529 1198 2558; x_wconf 89' lang='lat' dir='ltr'>non</span> <span class='ocrx_word' id='word_1_329' title='bbox 1220 2522 1299 2568; x_wconf 82' lang='lat' dir='ltr'>est,</span> <span class='ocrx_word' id='word_1_330' title='bbox 1317 2528 1448 2573; x_wconf 85' lang='lat' dir='ltr'>opera</span> 
     </span>
    </p>
   </div>
   <div class='ocr_carea' id='block_1_3' title="bbox 107 2596 996 2639">
    <p class='ocr_par' dir='ltr' id='par_1_3' title="bbox 107 2596 996 2639">
     <span class='ocr_line' id='line_1_34' title="bbox 107 2596 996 2639; baseline -0.001 -10"><span class='ocrx_word' id='word_1_331' title='bbox 107 2605 115 2620; x_wconf 88' lang='lat'>¹</span> <span class='ocrx_word' id='word_1_332' title='bbox 141 2608 152 2629; x_wconf 92' lang='lat'>1</span> <span class='ocrx_word' id='word_1_333' title='bbox 169 2598 243 2629; x_wconf 84' lang='lat' dir='ltr'>Cor.</span> <span class='ocrx_word' id='word_1_334' title='bbox 263 2608 296 2638; x_wconf 81' lang='lat' dir='ltr'>x,</span> <span class='ocrx_word' id='word_1_335' title='bbox 317 2597 367 2630; x_wconf 81' lang='lat'>13.</span> <span class='ocrx_word' id='word_1_336' title='bbox 388 2615 429 2621; x_wconf 89' lang='lat'>—-</span> <span class='ocrx_word' id='word_1_337' title='bbox 445 2597 572 2639; x_wconf 76' lang='lat' dir='ltr'>²1d.1,</span> <span class='ocrx_word' id='word_1_338' title='bbox 590 2599 641 2631; x_wconf 79' lang='grc' dir='ltr'>3ι.</span> <span class='ocrx_word' id='word_1_339' title='bbox 663 2615 704 2622; x_wconf 86' lang='lat'>--</span> <span class='ocrx_word' id='word_1_340' title='bbox 725 2596 738 2620; x_wconf 78' lang='lat'>3</span> <span class='ocrx_word' id='word_1_341' title='bbox 760 2596 858 2629; x_wconf 84' lang='lat' dir='ltr'>Eccli.</span> <span class='ocrx_word' id='word_1_342' title='bbox 883 2608 921 2638; x_wconf 86' lang='lat'>11,</span> <span class='ocrx_word' id='word_1_343' title='bbox 946 2596 996 2628; x_wconf 89' lang='lat'>15.</span> 
     </span>
    </p>
   </div>
  </div>
 </body>
</html>
