<?xml version="1.0" encoding="UTF-8"?>
<!DOCTYPE html PUBLIC "-//W3C//DTD XHTML 1.0 Transitional//EN"
    "http://www.w3.org/TR/xhtml1/DTD/xhtml1-transitional.dtd">
<html xmlns="http://www.w3.org/1999/xhtml" xml:lang="en" lang="en">
 <head>
  <title>
</title>
<meta http-equiv="Content-Type" content="text/html;charset=utf-8" />
  <meta name='ocr-system' content='tesseract 3.04.00' />
  <meta name='ocr-capabilities' content='ocr_page ocr_carea ocr_par ocr_line ocrx_word'/>
</head>
<body>
  <div class='ocr_page' id='page_1' title='image "./operaomniaaccura10auguuoft_0462.png"; bbox 0 0 1926 3339; ppageno 0'>
   <div class='ocr_carea' id='block_1_1' title="bbox 0 0 1926 43">
    <p class='ocr_par' dir='ltr' id='par_1_1' title="bbox 0 0 1926 43">
     <span class='ocr_line' id='line_1_1' title="bbox 0 0 1926 43; baseline 0 3296"><span class='ocrx_word' id='word_1_1' title='bbox 0 0 1926 43; x_wconf 95' lang='lat' dir='ltr'> </span> 
     </span>
    </p>
   </div>
   <div class='ocr_carea' id='block_1_2' title="bbox 453 343 1404 380">
    <p class='ocr_par' dir='ltr' id='par_1_2' title="bbox 453 343 1404 380">
     <span class='ocr_line' id='line_1_2' title="bbox 453 343 1404 380; baseline -0.004 0"><span class='ocrx_word' id='word_1_2' title='bbox 453 343 537 380; x_wconf 73' lang='lat'>372</span> <span class='ocrx_word' id='word_1_3' title='bbox 890 350 921 376; x_wconf 75' lang='lat'>5.</span> <span class='ocrx_word' id='word_1_4' title='bbox 959 350 1190 378; x_wconf 68' lang='lat' dir='ltr'>Aucus-nm</span> <span class='ocrx_word' id='word_1_5' title='bbox 1223 351 1404 377; x_wconf 71' lang='lat' dir='ltr'>Episcom</span> 
     </span>
    </p>
   </div>
   <div class='ocr_carea' id='block_1_3' title="bbox 444 412 1840 2099">
    <p class='ocr_par' dir='ltr' id='par_1_3' title="bbox 444 412 1837 1033">
     <span class='ocr_line' id='line_1_3' title="bbox 449 412 1833 473; baseline -0.004 -12"><span class='ocrx_word' id='word_1_6' title='bbox 449 418 582 461; x_wconf 86' lang='lat' dir='ltr'>ducta</span> <span class='ocrx_word' id='word_1_7' title='bbox 604 415 734 460; x_wconf 86' lang='lat' dir='ltr'>fuerit</span> <span class='ocrx_word' id='word_1_8' title='bbox 762 413 1002 459; x_wconf 84' lang='lat' dir='ltr'>similitudo</span> <span class='ocrx_word' id='word_1_9' title='bbox 1019 449 1031 470; x_wconf 89' lang='lat'>,</span> <span class='ocrx_word' id='word_1_10' title='bbox 1070 423 1117 459; x_wconf 88' lang='lat' dir='ltr'>tu</span> <span class='ocrx_word' id='word_1_11' title='bbox 1143 414 1338 473; x_wconf 82' lang='lat' dir='ltr'>intellige</span> <span class='ocrx_word' id='word_1_12' title='bbox 1359 412 1688 457; x_wconf 85' lang='lat' dir='ltr'>similitudinem</span> <span class='ocrx_word' id='word_1_13' title='bbox 1712 427 1833 457; x_wconf 87' lang='lat' dir='ltr'>crea-</span> 
     </span>
     <span class='ocr_line' id='line_1_4' title="bbox 451 482 1835 542; baseline -0.004 -10"><span class='ocrx_word' id='word_1_14' title='bbox 451 497 584 542; x_wconf 86' lang='lat' dir='ltr'>turae,</span> <span class='ocrx_word' id='word_1_15' title='bbox 610 495 654 531; x_wconf 90' lang='lat' dir='ltr'>et</span> <span class='ocrx_word' id='word_1_16' title='bbox 675 485 805 531; x_wconf 88' lang='lat' dir='ltr'>adora</span> <span class='ocrx_word' id='word_1_17' title='bbox 824 486 1031 530; x_wconf 81' lang='lat' dir='ltr'>artificem</span> <span class='ocrx_word' id='word_1_18' title='bbox 1049 494 1273 529; x_wconf 84' lang='lat' dir='ltr'>creaturae.</span> <span class='ocrx_word' id='word_1_19' title='bbox 1296 485 1442 529; x_wconf 88' lang='lat' dir='ltr'>Dictus</span> <span class='ocrx_word' id='word_1_20' title='bbox 1460 492 1524 527; x_wconf 89' lang='lat' dir='ltr'>est</span> <span class='ocrx_word' id='word_1_21' title='bbox 1544 482 1608 527; x_wconf 90' lang='lat' dir='ltr'>sol</span> <span class='ocrx_word' id='word_1_22' title='bbox 1625 483 1835 527; x_wconf 90' lang='lat' dir='ltr'>Dominus</span> 
     </span>
     <span class='ocr_line' id='line_1_5' title="bbox 449 553 1834 614; baseline -0.004 -12"><span class='ocrx_word' id='word_1_23' title='bbox 449 567 595 602; x_wconf 90' lang='lat' dir='ltr'>noster</span> <span class='ocrx_word' id='word_1_24' title='bbox 616 560 739 601; x_wconf 87' lang='lat' dir='ltr'>Jesus</span> <span class='ocrx_word' id='word_1_25' title='bbox 755 556 952 601; x_wconf 88' lang='lat' dir='ltr'>Christus</span> <span class='ocrx_word' id='word_1_26' title='bbox 972 557 984 581; x_wconf 81' lang='lat'><strong>¹</strong></span> <span class='ocrx_word' id='word_1_27' title='bbox 1013 574 1022 599; x_wconf 74' lang='grc' dir='ltr'>ε</span> <span class='ocrx_word' id='word_1_28' title='bbox 1042 555 1258 614; x_wconf 90' lang='lat' dir='ltr'>numquid</span> <span class='ocrx_word' id='word_1_29' title='bbox 1285 555 1364 599; x_wconf 87' lang='lat' dir='ltr'>iste</span> <span class='ocrx_word' id='word_1_30' title='bbox 1386 554 1449 598; x_wconf 92' lang='lat' dir='ltr'>sol</span> <span class='ocrx_word' id='word_1_31' title='bbox 1472 569 1605 614; x_wconf 91' lang='lat' dir='ltr'>quem</span> <span class='ocrx_word' id='word_1_32' title='bbox 1622 562 1665 597; x_wconf 92' lang='lat' dir='ltr'>et</span> <span class='ocrx_word' id='word_1_33' title='bbox 1685 553 1834 597; x_wconf 91' lang='lat' dir='ltr'>minu-</span> 
     </span>
     <span class='ocr_line' id='line_1_6' title="bbox 448 623 1832 684; baseline -0.004 -12"><span class='ocrx_word' id='word_1_34' title='bbox 448 628 609 673; x_wconf 86' lang='lat' dir='ltr'>tissima</span> <span class='ocrx_word' id='word_1_35' title='bbox 624 625 825 670; x_wconf 78' lang='lat' dir='ltr'>animalia</span> <span class='ocrx_word' id='word_1_36' title='bbox 848 625 1077 669; x_wconf 87' lang='lat' dir='ltr'>nobiscum</span> <span class='ocrx_word' id='word_1_37' title='bbox 1089 624 1270 668; x_wconf 81' lang='lat' dir='ltr'>vident?</span> <span class='ocrx_word' id='word_1_38' title='bbox 1289 624 1373 668; x_wconf 86' lang='lat' dir='ltr'>Sed</span> <span class='ocrx_word' id='word_1_39' title='bbox 1387 623 1441 668; x_wconf 85' lang='lat' dir='ltr'>de</span> <span class='ocrx_word' id='word_1_40' title='bbox 1455 639 1544 684; x_wconf 90' lang='lat' dir='ltr'>quo</span> <span class='ocrx_word' id='word_1_41' title='bbox 1562 623 1729 667; x_wconf 90' lang='lat' dir='ltr'>dictum</span> <span class='ocrx_word' id='word_1_42' title='bbox 1746 632 1809 667; x_wconf 86' lang='lat' dir='ltr'>est</span> <span class='ocrx_word' id='word_1_43' title='bbox 1821 658 1832 678; x_wconf 90' lang='lat'><strong>‚</strong></span> 
     </span>
     <span class='ocr_line' id='line_1_7' title="bbox 452 693 1836 755; baseline -0.001 -16"><span class='ocrx_word' id='word_1_44' title='bbox 452 717 472 740; x_wconf 89' lang='lat'>«</span> <span class='ocrx_word' id='word_1_45' title='bbox 506 700 612 742; x_wconf 91' lang='lat' dir='ltr'>Erat</span> <span class='ocrx_word' id='word_1_46' title='bbox 644 696 794 739; x_wconf 87' lang='lat' dir='ltr'>lumen</span> <span class='ocrx_word' id='word_1_47' title='bbox 826 710 1002 749; x_wconf 89' lang='lat' dir='ltr'>verum,</span> <span class='ocrx_word' id='word_1_48' title='bbox 1027 693 1148 755; x_wconf 90' lang='lat' dir='ltr'>quod</span> <span class='ocrx_word' id='word_1_49' title='bbox 1173 693 1393 738; x_wconf 89' lang='lat' dir='ltr'>illuminat</span> <span class='ocrx_word' id='word_1_50' title='bbox 1417 710 1589 738; x_wconf 90' lang='lat' dir='ltr'>omnem</span> <span class='ocrx_word' id='word_1_51' title='bbox 1613 694 1836 738; x_wconf 90' lang='lat' dir='ltr'>hominem</span> 
     </span>
     <span class='ocr_line' id='line_1_8' title="bbox 449 763 1836 810; baseline -0.001 0"><span class='ocrx_word' id='word_1_52' title='bbox 449 786 469 810; x_wconf 93' lang='lat'>»</span> <span class='ocrx_word' id='word_1_53' title='bbox 505 766 752 810; x_wconf 89' lang='lat' dir='ltr'>venientem</span> <span class='ocrx_word' id='word_1_54' title='bbox 769 765 815 808; x_wconf 90' lang='lat' dir='ltr'>in</span> <span class='ocrx_word' id='word_1_55' title='bbox 835 764 954 809; x_wconf 92' lang='lat' dir='ltr'>hunc</span> <span class='ocrx_word' id='word_1_56' title='bbox 976 763 1232 808; x_wconf 78' lang='lat' dir='ltr'>mundum2.</span> <span class='ocrx_word' id='word_1_57' title='bbox 1257 783 1277 805; x_wconf 90' lang='lat'>»</span> <span class='ocrx_word' id='word_1_58' title='bbox 1303 767 1412 809; x_wconf 89' lang='lat' dir='ltr'>Nam</span> <span class='ocrx_word' id='word_1_59' title='bbox 1437 763 1513 807; x_wconf 81' lang='lat' dir='ltr'>lux</span> <span class='ocrx_word' id='word_1_60' title='bbox 1534 764 1614 808; x_wconf 88' lang='lat' dir='ltr'>ista</span> <span class='ocrx_word' id='word_1_61' title='bbox 1637 779 1727 808; x_wconf 92' lang='lat' dir='ltr'>non</span> <span class='ocrx_word' id='word_1_62' title='bbox 1752 764 1836 808; x_wconf 95' lang='lat' dir='ltr'>ho-</span> 
     </span>
     <span class='ocr_line' id='line_1_9' title="bbox 446 834 1836 894; baseline -0.002 -13"><span class='ocrx_word' id='word_1_63' title='bbox 446 837 609 881; x_wconf 89' lang='lat' dir='ltr'>minem</span> <span class='ocrx_word' id='word_1_64' title='bbox 631 835 773 881; x_wconf 91' lang='lat' dir='ltr'>solum</span> <span class='ocrx_word' id='word_1_65' title='bbox 786 834 1023 890; x_wconf 83' lang='lat' dir='ltr'>illuminat,</span> <span class='ocrx_word' id='word_1_66' title='bbox 1042 835 1117 879; x_wconf 88' lang='lat' dir='ltr'>sed</span> <span class='ocrx_word' id='word_1_67' title='bbox 1134 844 1177 878; x_wconf 87' lang='lat' dir='ltr'>et</span> <span class='ocrx_word' id='word_1_68' title='bbox 1191 835 1388 894; x_wconf 87' lang='lat' dir='ltr'>jumenta</span> <span class='ocrx_word' id='word_1_69' title='bbox 1401 843 1444 878; x_wconf 90' lang='lat' dir='ltr'>et</span> <span class='ocrx_word' id='word_1_70' title='bbox 1457 850 1612 894; x_wconf 85' lang='lat' dir='ltr'>pecora</span> <span class='ocrx_word' id='word_1_71' title='bbox 1629 844 1672 879; x_wconf 86' lang='lat' dir='ltr'>et</span> <span class='ocrx_word' id='word_1_72' title='bbox 1689 834 1836 879; x_wconf 88' lang='lat' dir='ltr'>omnia</span> 
     </span>
     <span class='ocr_line' id='line_1_10' title="bbox 445 905 1837 961; baseline -0.001 -10"><span class='ocrx_word' id='word_1_73' title='bbox 445 907 661 952; x_wconf 81' lang='lat' dir='ltr'>animalia.</span> <span class='ocrx_word' id='word_1_74' title='bbox 698 906 829 960; x_wconf 90' lang='lat' dir='ltr'>Quod</span> <span class='ocrx_word' id='word_1_75' title='bbox 860 915 1006 950; x_wconf 86' lang='lat' dir='ltr'>autem</span> <span class='ocrx_word' id='word_1_76' title='bbox 1036 905 1255 949; x_wconf 89' lang='lat' dir='ltr'>illuminat</span> <span class='ocrx_word' id='word_1_77' title='bbox 1284 921 1460 950; x_wconf 91' lang='lat' dir='ltr'>omnem</span> <span class='ocrx_word' id='word_1_78' title='bbox 1492 905 1716 950; x_wconf 92' lang='lat' dir='ltr'>hominem</span> <span class='ocrx_word' id='word_1_79' title='bbox 1736 940 1748 961; x_wconf 89' lang='lat'>,</span> <span class='ocrx_word' id='word_1_80' title='bbox 1790 905 1837 948; x_wconf 92' lang='lat' dir='ltr'>in</span> 
     </span>
     <span class='ocr_line' id='line_1_11' title="bbox 444 976 1569 1033; baseline -0.003 -10"><span class='ocrx_word' id='word_1_81' title='bbox 444 978 576 1024; x_wconf 89' lang='lat' dir='ltr'>corde</span> <span class='ocrx_word' id='word_1_82' title='bbox 598 977 843 1033; x_wconf 79' lang='lat' dir='ltr'>illuminat,</span> <span class='ocrx_word' id='word_1_83' title='bbox 863 977 942 1020; x_wconf 90' lang='lat' dir='ltr'>ubi</span> <span class='ocrx_word' id='word_1_84' title='bbox 965 976 1235 1021; x_wconf 89' lang='lat' dir='ltr'>intellectum</span> <span class='ocrx_word' id='word_1_85' title='bbox 1254 976 1395 1021; x_wconf 89' lang='lat' dir='ltr'>solum</span> <span class='ocrx_word' id='word_1_86' title='bbox 1419 976 1569 1020; x_wconf 83' lang='lat' dir='ltr'>habet.</span> 
     </span>
    </p>

    <p class='ocr_par' dir='ltr' id='par_1_4' title="bbox 444 1045 1840 2099">
     <span class='ocr_line' id='line_1_12' title="bbox 505 1045 1837 1107; baseline -0.003 -14"><span class='ocrx_word' id='word_1_87' title='bbox 505 1052 558 1093; x_wconf 91' lang='lat' dir='ltr'>V.</span> <span class='ocrx_word' id='word_1_88' title='bbox 581 1048 801 1107; x_wconf 79' lang='lat' dir='ltr'>Intelligat</span> <span class='ocrx_word' id='word_1_89' title='bbox 823 1063 926 1106; x_wconf 82' lang='lat' dir='ltr'>ergo</span> <span class='ocrx_word' id='word_1_90' title='bbox 951 1047 1146 1091; x_wconf 83' lang='lat' dir='ltr'>Charitas</span> <span class='ocrx_word' id='word_1_91' title='bbox 1167 1049 1341 1102; x_wconf 84' lang='lat' dir='ltr'>Vestra,</span> <span class='ocrx_word' id='word_1_92' title='bbox 1374 1047 1535 1107; x_wconf 80' lang='lat' dir='ltr'>quibus</span> <span class='ocrx_word' id='word_1_93' title='bbox 1565 1045 1674 1090; x_wconf 78' lang='lat' dir='ltr'>dixit</span> <span class='ocrx_word' id='word_1_94' title='bbox 1695 1049 1837 1105; x_wconf 88' lang='lat' dir='ltr'>Apos-</span> 
     </span>
     <span class='ocr_line' id='line_1_13' title="bbox 446 1115 1838 1178; baseline -0.004 -13"><span class='ocrx_word' id='word_1_95' title='bbox 446 1119 585 1175; x_wconf 78' lang='lat' dir='ltr'>tolus,</span> <span class='ocrx_word' id='word_1_96' title='bbox 611 1139 630 1161; x_wconf 86' lang='lat'>«</span> <span class='ocrx_word' id='word_1_97' title='bbox 657 1122 709 1162; x_wconf 91' lang='lat' dir='ltr'>In</span> <span class='ocrx_word' id='word_1_98' title='bbox 731 1118 908 1162; x_wconf 88' lang='lat' dir='ltr'>natione</span> <span class='ocrx_word' id='word_1_99' title='bbox 928 1127 1124 1162; x_wconf 86' lang='lat' dir='ltr'>tortuosa</span> <span class='ocrx_word' id='word_1_100' title='bbox 1140 1127 1183 1162; x_wconf 88' lang='lat' dir='ltr'>et</span> <span class='ocrx_word' id='word_1_101' title='bbox 1204 1133 1404 1178; x_wconf 87' lang='lat' dir='ltr'>perversa</span> <span class='ocrx_word' id='word_1_102' title='bbox 1419 1153 1430 1173; x_wconf 83' lang='lat'>‚</span> <span class='ocrx_word' id='word_1_103' title='bbox 1454 1117 1501 1162; x_wconf 90' lang='lat' dir='ltr'>id</span> <span class='ocrx_word' id='word_1_104' title='bbox 1521 1127 1606 1172; x_wconf 90' lang='lat' dir='ltr'>est,</span> <span class='ocrx_word' id='word_1_105' title='bbox 1632 1118 1745 1160; x_wconf 90' lang='lat' dir='ltr'>inter</span> <span class='ocrx_word' id='word_1_106' title='bbox 1760 1115 1838 1160; x_wconf 86' lang='lat' dir='ltr'>ini-</span> 
     </span>
     <span class='ocr_line' id='line_1_14' title="bbox 450 1186 1839 1252; baseline -0.002 -19"><span class='ocrx_word' id='word_1_107' title='bbox 450 1210 471 1233; x_wconf 93' lang='lat'>»</span> <span class='ocrx_word' id='word_1_108' title='bbox 495 1206 620 1252; x_wconf 82' lang='lat' dir='ltr'>quos,</span> <span class='ocrx_word' id='word_1_109' title='bbox 640 1190 685 1233; x_wconf 87' lang='lat' dir='ltr'>in</span> <span class='ocrx_word' id='word_1_110' title='bbox 699 1190 860 1249; x_wconf 87' lang='lat' dir='ltr'>quibus</span> <span class='ocrx_word' id='word_1_111' title='bbox 877 1189 1091 1249; x_wconf 84' lang='lat' dir='ltr'>apparetis</span> <span class='ocrx_word' id='word_1_112' title='bbox 1109 1188 1201 1232; x_wconf 86' lang='lat' dir='ltr'>sicu</span> <span class='ocrx_word' id='word_1_113' title='bbox 1214 1188 1468 1232; x_wconf 87' lang='lat' dir='ltr'>tluminaria</span> <span class='ocrx_word' id='word_1_114' title='bbox 1486 1186 1728 1242; x_wconf 80' lang='lat' dir='ltr'>inmundo,</span> <span class='ocrx_word' id='word_1_115' title='bbox 1745 1202 1839 1230; x_wconf 89' lang='lat' dir='ltr'>ver-</span> 
     </span>
     <span class='ocr_line' id='line_1_15' title="bbox 448 1257 1837 1318; baseline -0.002 -14"><span class='ocrx_word' id='word_1_116' title='bbox 448 1282 467 1304; x_wconf 89' lang='lat'>»</span> <span class='ocrx_word' id='word_1_117' title='bbox 490 1263 597 1306; x_wconf 88' lang='lat' dir='ltr'>bum</span> <span class='ocrx_word' id='word_1_118' title='bbox 614 1261 715 1304; x_wconf 83' lang='lat' dir='ltr'>vitae</span> <span class='ocrx_word' id='word_1_119' title='bbox 728 1260 954 1304; x_wconf 85' lang='lat' dir='ltr'>habentes¹</span> <span class='ocrx_word' id='word_1_120' title='bbox 973 1278 982 1304; x_wconf 88' lang='lat'>:</span> <span class='ocrx_word' id='word_1_121' title='bbox 1003 1277 1022 1300; x_wconf 88' lang='lat'>»</span> <span class='ocrx_word' id='word_1_122' title='bbox 1042 1257 1233 1318; x_wconf 87' lang='lat' dir='ltr'>quodam</span> <span class='ocrx_word' id='word_1_123' title='bbox 1249 1258 1381 1302; x_wconf 91' lang='lat' dir='ltr'>modo</span> <span class='ocrx_word' id='word_1_124' title='bbox 1394 1258 1621 1302; x_wconf 85' lang='lat' dir='ltr'>admonuit</span> <span class='ocrx_word' id='word_1_125' title='bbox 1633 1274 1710 1302; x_wconf 89' lang='lat' dir='ltr'>nos</span> <span class='ocrx_word' id='word_1_126' title='bbox 1724 1267 1766 1301; x_wconf 88' lang='lat' dir='ltr'>et</span> <span class='ocrx_word' id='word_1_127' title='bbox 1777 1257 1837 1301; x_wconf 93' lang='lat' dir='ltr'>is-</span> 
     </span>
     <span class='ocr_line' id='line_1_16' title="bbox 446 1329 1838 1390; baseline -0.004 -13"><span class='ocrx_word' id='word_1_128' title='bbox 446 1344 541 1378; x_wconf 88' lang='lat' dir='ltr'>tum</span> <span class='ocrx_word' id='word_1_129' title='bbox 557 1330 777 1376; x_wconf 87' lang='lat' dir='ltr'>Psalmum</span> <span class='ocrx_word' id='word_1_130' title='bbox 797 1330 1057 1390; x_wconf 80' lang='lat' dir='ltr'>intelligere,</span> <span class='ocrx_word' id='word_1_131' title='bbox 1070 1339 1112 1373; x_wconf 85' lang='lat' dir='ltr'>et</span> <span class='ocrx_word' id='word_1_132' title='bbox 1127 1345 1395 1389; x_wconf 81' lang='lat' dir='ltr'>praenoscere</span> <span class='ocrx_word' id='word_1_133' title='bbox 1408 1329 1586 1373; x_wconf 85' lang='lat' dir='ltr'>titulum</span> <span class='ocrx_word' id='word_1_134' title='bbox 1598 1330 1746 1389; x_wconf 89' lang='lat' dir='ltr'>ipsius.</span> <span class='ocrx_word' id='word_1_135' title='bbox 1762 1331 1838 1372; x_wconf 84' lang='lat' dir='ltr'>Ta-</span> 
     </span>
     <span class='ocr_line' id='line_1_17' title="bbox 444 1399 1838 1461; baseline -0.004 -14"><span class='ocrx_word' id='word_1_136' title='bbox 444 1403 506 1448; x_wconf 90' lang='lat' dir='ltr'>les</span> <span class='ocrx_word' id='word_1_137' title='bbox 523 1403 638 1446; x_wconf 90' lang='lat' dir='ltr'>enim</span> <span class='ocrx_word' id='word_1_138' title='bbox 654 1401 790 1445; x_wconf 79' lang='lat' dir='ltr'>sancti</span> <span class='ocrx_word' id='word_1_139' title='bbox 804 1402 850 1444; x_wconf 89' lang='lat' dir='ltr'>in</span> <span class='ocrx_word' id='word_1_140' title='bbox 867 1401 1027 1461; x_wconf 87' lang='lat' dir='ltr'>quibus</span> <span class='ocrx_word' id='word_1_141' title='bbox 1043 1409 1106 1444; x_wconf 88' lang='lat' dir='ltr'>est</span> <span class='ocrx_word' id='word_1_142' title='bbox 1121 1400 1304 1444; x_wconf 89' lang='lat' dir='ltr'>verbum</span> <span class='ocrx_word' id='word_1_143' title='bbox 1317 1401 1433 1455; x_wconf 57' lang='lat' dir='ltr'>vitae,</span> <span class='ocrx_word' id='word_1_144' title='bbox 1450 1399 1504 1444; x_wconf 86' lang='lat' dir='ltr'>de</span> <span class='ocrx_word' id='word_1_145' title='bbox 1514 1400 1838 1444; x_wconf 87' lang='lat' dir='ltr'>conversatione</span> 
     </span>
     <span class='ocr_line' id='line_1_18' title="bbox 446 1470 1839 1536; baseline -0.004 -18"><span class='ocrx_word' id='word_1_146' title='bbox 446 1489 578 1536; x_wconf 84' lang='lat' dir='ltr'>quam</span> <span class='ocrx_word' id='word_1_147' title='bbox 602 1474 768 1517; x_wconf 84' lang='lat' dir='ltr'>habent</span> <span class='ocrx_word' id='word_1_148' title='bbox 789 1473 835 1515; x_wconf 92' lang='lat' dir='ltr'>in</span> <span class='ocrx_word' id='word_1_149' title='bbox 857 1470 992 1526; x_wconf 80' lang='lat' dir='ltr'>coelo,</span> <span class='ocrx_word' id='word_1_150' title='bbox 1011 1470 1255 1530; x_wconf 82' lang='lat' dir='ltr'>despiciunt</span> <span class='ocrx_word' id='word_1_151' title='bbox 1273 1471 1418 1515; x_wconf 79' lang='lat' dir='ltr'>omnia</span> <span class='ocrx_word' id='word_1_152' title='bbox 1438 1470 1586 1531; x_wconf 84' lang='lat' dir='ltr'>iniqua</span> <span class='ocrx_word' id='word_1_153' title='bbox 1605 1486 1703 1530; x_wconf 81' lang='lat' dir='ltr'>quae</span> <span class='ocrx_word' id='word_1_154' title='bbox 1725 1470 1839 1513; x_wconf 87' lang='lat' dir='ltr'>fiunt</span> 
     </span>
     <span class='ocr_line' id='line_1_19' title="bbox 444 1540 1839 1604; baseline -0.004 -15"><span class='ocrx_word' id='word_1_155' title='bbox 444 1546 490 1590; x_wconf 87' lang='lat' dir='ltr'>in</span> <span class='ocrx_word' id='word_1_156' title='bbox 509 1554 621 1589; x_wconf 87' lang='lat' dir='ltr'>terra</span> <span class='ocrx_word' id='word_1_157' title='bbox 647 1563 656 1589; x_wconf 70' lang='grc' dir='ltr'>ε</span> <span class='ocrx_word' id='word_1_158' title='bbox 684 1553 727 1587; x_wconf 88' lang='lat' dir='ltr'>et</span> <span class='ocrx_word' id='word_1_159' title='bbox 754 1542 978 1604; x_wconf 88' lang='lat' dir='ltr'>quomodo</span> <span class='ocrx_word' id='word_1_160' title='bbox 999 1540 1229 1586; x_wconf 87' lang='lat' dir='ltr'>luminaria</span> <span class='ocrx_word' id='word_1_161' title='bbox 1251 1542 1297 1586; x_wconf 92' lang='lat' dir='ltr'>in</span> <span class='ocrx_word' id='word_1_162' title='bbox 1325 1541 1439 1586; x_wconf 87' lang='lat' dir='ltr'>coelo</span> <span class='ocrx_word' id='word_1_163' title='bbox 1461 1557 1538 1602; x_wconf 87' lang='lat' dir='ltr'>per</span> <span class='ocrx_word' id='word_1_164' title='bbox 1560 1541 1676 1585; x_wconf 90' lang='lat' dir='ltr'>diem</span> <span class='ocrx_word' id='word_1_165' title='bbox 1698 1550 1741 1585; x_wconf 90' lang='lat' dir='ltr'>et</span> <span class='ocrx_word' id='word_1_166' title='bbox 1762 1556 1839 1600; x_wconf 89' lang='lat' dir='ltr'>per</span> 
     </span>
     <span class='ocr_line' id='line_1_20' title="bbox 446 1612 1839 1675; baseline -0.004 -14"><span class='ocrx_word' id='word_1_167' title='bbox 446 1626 621 1661; x_wconf 88' lang='lat' dir='ltr'>noctem</span> <span class='ocrx_word' id='word_1_168' title='bbox 655 1615 899 1675; x_wconf 86' lang='lat' dir='ltr'>procedunt</span> <span class='ocrx_word' id='word_1_169' title='bbox 921 1649 932 1669; x_wconf 81' lang='grc'>,</span> <span class='ocrx_word' id='word_1_170' title='bbox 976 1621 1194 1673; x_wconf 82' lang='lat' dir='ltr'>peragunt</span> <span class='ocrx_word' id='word_1_171' title='bbox 1233 1612 1387 1656; x_wconf 86' lang='lat' dir='ltr'>itinera</span> <span class='ocrx_word' id='word_1_172' title='bbox 1421 1628 1519 1668; x_wconf 73' lang='lat' dir='ltr'>sua,</span> <span class='ocrx_word' id='word_1_173' title='bbox 1557 1628 1706 1656; x_wconf 86' lang='lat' dir='ltr'>cursus</span> <span class='ocrx_word' id='word_1_174' title='bbox 1741 1627 1839 1656; x_wconf 90' lang='lat' dir='ltr'>suos</span> 
     </span>
     <span class='ocr_line' id='line_1_21' title="bbox 445 1682 1840 1743; baseline -0.004 -12"><span class='ocrx_word' id='word_1_175' title='bbox 445 1696 585 1732; x_wconf 86' lang='lat' dir='ltr'>certos</span> <span class='ocrx_word' id='word_1_176' title='bbox 607 1686 799 1743; x_wconf 76' lang='lat' dir='ltr'>habent3</span> <span class='ocrx_word' id='word_1_177' title='bbox 824 1695 866 1729; x_wconf 88' lang='lat' dir='ltr'>et</span> <span class='ocrx_word' id='word_1_178' title='bbox 886 1683 1226 1728; x_wconf 85' lang='lat' dir='ltr'>committuntur</span> <span class='ocrx_word' id='word_1_179' title='bbox 1257 1691 1378 1726; x_wconf 86' lang='lat' dir='ltr'>tanta</span> <span class='ocrx_word' id='word_1_180' title='bbox 1401 1682 1536 1738; x_wconf 80' lang='lat' dir='ltr'>mala,</span> <span class='ocrx_word' id='word_1_181' title='bbox 1562 1698 1641 1726; x_wconf 91' lang='lat' dir='ltr'>nec</span> <span class='ocrx_word' id='word_1_182' title='bbox 1663 1682 1840 1726; x_wconf 89' lang='lat' dir='ltr'>deviant</span> 
     </span>
     <span class='ocr_line' id='line_1_22' title="bbox 448 1755 1838 1818; baseline -0.005 -15"><span class='ocrx_word' id='word_1_183' title='bbox 448 1758 636 1818; x_wconf 83' lang='lat' dir='ltr'>desuper</span> <span class='ocrx_word' id='word_1_184' title='bbox 668 1756 803 1800; x_wconf 82' lang='lat' dir='ltr'>stellae</span> <span class='ocrx_word' id='word_1_185' title='bbox 839 1755 934 1800; x_wconf 82' lang='lat' dir='ltr'>fixae</span> <span class='ocrx_word' id='word_1_186' title='bbox 969 1756 1015 1799; x_wconf 90' lang='lat' dir='ltr'>in</span> <span class='ocrx_word' id='word_1_187' title='bbox 1045 1755 1158 1799; x_wconf 87' lang='lat' dir='ltr'>coelo</span> <span class='ocrx_word' id='word_1_188' title='bbox 1186 1775 1197 1812; x_wconf 81' lang='lat'>3</span> <span class='ocrx_word' id='word_1_189' title='bbox 1228 1763 1402 1813; x_wconf 81' lang='lat' dir='ltr'>agentes</span> <span class='ocrx_word' id='word_1_190' title='bbox 1433 1769 1510 1813; x_wconf 89' lang='lat' dir='ltr'>per</span> <span class='ocrx_word' id='word_1_191' title='bbox 1545 1763 1708 1798; x_wconf 84' lang='lat' dir='ltr'>tractus</span> <span class='ocrx_word' id='word_1_192' title='bbox 1745 1769 1838 1797; x_wconf 84' lang='lat' dir='ltr'>coe-</span> 
     </span>
     <span class='ocr_line' id='line_1_23' title="bbox 450 1825 1836 1888; baseline -0.005 -15"><span class='ocrx_word' id='word_1_193' title='bbox 450 1830 580 1873; x_wconf 90' lang='lat' dir='ltr'>lestes</span> <span class='ocrx_word' id='word_1_194' title='bbox 609 1843 708 1888; x_wconf 84' lang='lat' dir='ltr'>quae</span> <span class='ocrx_word' id='word_1_195' title='bbox 730 1826 815 1871; x_wconf 88' lang='lat' dir='ltr'>illis</span> <span class='ocrx_word' id='word_1_196' title='bbox 837 1827 1071 1887; x_wconf 83' lang='lat' dir='ltr'>praestituit</span> <span class='ocrx_word' id='word_1_197' title='bbox 1099 1835 1142 1870; x_wconf 91' lang='lat' dir='ltr'>et</span> <span class='ocrx_word' id='word_1_198' title='bbox 1168 1825 1396 1870; x_wconf 85' lang='lat' dir='ltr'>constituit</span> <span class='ocrx_word' id='word_1_199' title='bbox 1417 1827 1596 1870; x_wconf 88' lang='lat' dir='ltr'>Creator</span> <span class='ocrx_word' id='word_1_200' title='bbox 1619 1825 1836 1884; x_wconf 83' lang='lat' dir='ltr'>ipsarum:</span> 
     </span>
     <span class='ocr_line' id='line_1_24' title="bbox 446 1895 1834 1955; baseline -0.003 -12"><span class='ocrx_word' id='word_1_201' title='bbox 446 1900 507 1944; x_wconf 85' lang='lat' dir='ltr'>sic</span> <span class='ocrx_word' id='word_1_202' title='bbox 541 1898 705 1943; x_wconf 86' lang='lat' dir='ltr'>debent</span> <span class='ocrx_word' id='word_1_203' title='bbox 737 1897 896 1953; x_wconf 83' lang='lat' dir='ltr'>sancti,</span> <span class='ocrx_word' id='word_1_204' title='bbox 931 1897 1006 1941; x_wconf 91' lang='lat' dir='ltr'>sed</span> <span class='ocrx_word' id='word_1_205' title='bbox 1023 1897 1057 1941; x_wconf 91' lang='lat' dir='ltr'>si</span> <span class='ocrx_word' id='word_1_206' title='bbox 1078 1897 1123 1940; x_wconf 91' lang='lat' dir='ltr'>in</span> <span class='ocrx_word' id='word_1_207' title='bbox 1145 1895 1259 1940; x_wconf 84' lang='lat' dir='ltr'>coelo</span> <span class='ocrx_word' id='word_1_208' title='bbox 1282 1896 1473 1955; x_wconf 82' lang='lat' dir='ltr'>figantur</span> <span class='ocrx_word' id='word_1_209' title='bbox 1503 1895 1633 1940; x_wconf 84' lang='lat' dir='ltr'>corda</span> <span class='ocrx_word' id='word_1_210' title='bbox 1655 1910 1807 1939; x_wconf 88' lang='lat' dir='ltr'>eorum</span> <span class='ocrx_word' id='word_1_211' title='bbox 1823 1929 1834 1950; x_wconf 91' lang='lat'>‚</span> 
     </span>
     <span class='ocr_line' id='line_1_25' title="bbox 447 1967 1838 2028; baseline -0.004 -13"><span class='ocrx_word' id='word_1_212' title='bbox 447 1972 482 2016; x_wconf 90' lang='lat' dir='ltr'>si</span> <span class='ocrx_word' id='word_1_213' title='bbox 514 1986 604 2015; x_wconf 87' lang='lat' dir='ltr'>non</span> <span class='ocrx_word' id='word_1_214' title='bbox 635 1969 797 2014; x_wconf 83' lang='lat' dir='ltr'>frustra</span> <span class='ocrx_word' id='word_1_215' title='bbox 826 1968 1005 2013; x_wconf 88' lang='lat' dir='ltr'>audiant</span> <span class='ocrx_word' id='word_1_216' title='bbox 1027 1977 1070 2012; x_wconf 87' lang='lat' dir='ltr'>et</span> <span class='ocrx_word' id='word_1_217' title='bbox 1101 1967 1393 2028; x_wconf 81' lang='lat' dir='ltr'>respondeant</span> <span class='ocrx_word' id='word_1_218' title='bbox 1415 1983 1586 2012; x_wconf 89' lang='lat' dir='ltr'>sursum</span> <span class='ocrx_word' id='word_1_219' title='bbox 1607 1982 1652 2011; x_wconf 87' lang='lat' dir='ltr'>se</span> <span class='ocrx_word' id='word_1_220' title='bbox 1676 1967 1838 2010; x_wconf 88' lang='lat' dir='ltr'>habere</span> 
     </span>
     <span class='ocr_line' id='line_1_26' title="bbox 447 2039 1837 2099; baseline -0.004 -13"><span class='ocrx_word' id='word_1_221' title='bbox 447 2058 544 2097; x_wconf 81' lang='lat' dir='ltr'>cor,</span> <span class='ocrx_word' id='word_1_222' title='bbox 570 2041 603 2085; x_wconf 86' lang='lat' dir='ltr'>si</span> <span class='ocrx_word' id='word_1_223' title='bbox 630 2041 857 2084; x_wconf 87' lang='lat' dir='ltr'>imitentur</span> <span class='ocrx_word' id='word_1_224' title='bbox 888 2055 988 2083; x_wconf 88' lang='lat' dir='ltr'>enm</span> <span class='ocrx_word' id='word_1_225' title='bbox 1020 2039 1096 2099; x_wconf 82' lang='lat' dir='ltr'>qui</span> <span class='ocrx_word' id='word_1_226' title='bbox 1120 2039 1179 2083; x_wconf 89' lang='lat' dir='ltr'>ait</span> <span class='ocrx_word' id='word_1_227' title='bbox 1213 2058 1222 2083; x_wconf 88' lang='lat'>:</span> <span class='ocrx_word' id='word_1_228' title='bbox 1252 2041 1446 2083; x_wconf 89' lang='lat' dir='ltr'>«Nostra</span> <span class='ocrx_word' id='word_1_229' title='bbox 1475 2047 1622 2082; x_wconf 89' lang='lat' dir='ltr'>autem</span> <span class='ocrx_word' id='word_1_230' title='bbox 1655 2053 1837 2082; x_wconf 88' lang='lat' dir='ltr'>conver—</span> 
     </span>
    </p>
   </div>
   <div class='ocr_carea' id='block_1_4' title="bbox 447 2098 1926 2312">
    <p class='ocr_par' dir='ltr' id='par_1_5' title="bbox 447 2098 1926 2312">
     <span class='ocr_line' id='line_1_27' title="bbox 448 2098 1926 2170; baseline -0.003 -14"><span class='ocrx_word' id='word_1_231' title='bbox 448 2133 469 2156; x_wconf 88' lang='lat'>»</span> <span class='ocrx_word' id='word_1_232' title='bbox 505 2114 617 2158; x_wconf 84' lang='lat' dir='ltr'>satio</span> <span class='ocrx_word' id='word_1_233' title='bbox 647 2113 692 2156; x_wconf 93' lang='lat' dir='ltr'>in</span> <span class='ocrx_word' id='word_1_234' title='bbox 723 2111 846 2157; x_wconf 85' lang='lat' dir='ltr'>coelis</span> <span class='ocrx_word' id='word_1_235' title='bbox 870 2113 977 2155; x_wconf 75' lang='lat' dir='ltr'>est3.</span> <span class='ocrx_word' id='word_1_236' title='bbox 1014 2129 1034 2152; x_wconf 91' lang='lat'>»</span> <span class='ocrx_word' id='word_1_237' title='bbox 1068 2111 1180 2164; x_wconf 86' lang='lat' dir='ltr'>Quia</span> <span class='ocrx_word' id='word_1_238' title='bbox 1219 2126 1322 2169; x_wconf 83' lang='lat' dir='ltr'>ergo</span> <span class='ocrx_word' id='word_1_239' title='bbox 1351 2120 1453 2154; x_wconf 86' lang='lat' dir='ltr'>sunt</span> <span class='ocrx_word' id='word_1_240' title='bbox 1478 2110 1523 2153; x_wconf 92' lang='lat' dir='ltr'>in</span> <span class='ocrx_word' id='word_1_241' title='bbox 1545 2109 1765 2170; x_wconf 82' lang='lat' dir='ltr'>supernis,</span> <span class='ocrx_word' id='word_1_242' title='bbox 1795 2117 1838 2152; x_wconf 88' lang='lat' dir='ltr'>et</span> <span class='ocrx_word' id='word_1_243' title='bbox 1903 2098 1926 2154; x_wconf 99' lang='grc' dir='ltr'><em>Ξ</em></span> 
     </span>
     <span class='ocr_line' id='line_1_28' title="bbox 447 2179 1926 2245; baseline -0.003 -15"><span class='ocrx_word' id='word_1_244' title='bbox 447 2185 502 2230; x_wconf 89' lang='lat' dir='ltr'>de</span> <span class='ocrx_word' id='word_1_245' title='bbox 519 2185 716 2245; x_wconf 85' lang='lat' dir='ltr'>supernis</span> <span class='ocrx_word' id='word_1_246' title='bbox 755 2184 970 2242; x_wconf 78' lang='lat' dir='ltr'>cogitant,</span> <span class='ocrx_word' id='word_1_247' title='bbox 996 2183 1107 2227; x_wconf 87' lang='lat' dir='ltr'>sicut</span> <span class='ocrx_word' id='word_1_248' title='bbox 1128 2182 1297 2226; x_wconf 89' lang='lat' dir='ltr'>dictum</span> <span class='ocrx_word' id='word_1_249' title='bbox 1320 2192 1405 2237; x_wconf 77' lang='lat' dir='ltr'>est,</span> <span class='ocrx_word' id='word_1_250' title='bbox 1431 2202 1450 2223; x_wconf 87' lang='lat'>«</span> <span class='ocrx_word' id='word_1_251' title='bbox 1473 2182 1556 2226; x_wconf 85' lang='lat' dir='ltr'>Ubi</span> <span class='ocrx_word' id='word_1_252' title='bbox 1578 2191 1641 2225; x_wconf 87' lang='lat' dir='ltr'>est</span> <span class='ocrx_word' id='word_1_253' title='bbox 1658 2182 1836 2226; x_wconf 91' lang='lat' dir='ltr'>thesau-</span> <span class='ocrx_word' id='word_1_254' title='bbox 1902 2179 1905 2225; x_wconf 72' lang='grc' dir='ltr'>,Ϊ</span> <span class='ocrx_word' id='word_1_255' title='bbox 1924 2191 1926 2202; x_wconf 86' lang='grc'><em>“</em></span> 
     </span>
     <span class='ocr_line' id='line_1_29' title="bbox 451 2251 1903 2312; baseline -0.002 -13"><span class='ocrx_word' id='word_1_256' title='bbox 451 2276 472 2299; x_wconf 94' lang='lat'>»</span> <span class='ocrx_word' id='word_1_257' title='bbox 510 2272 583 2301; x_wconf 88' lang='lat' dir='ltr'>rus</span> <span class='ocrx_word' id='word_1_258' title='bbox 604 2266 706 2300; x_wconf 87' lang='lat' dir='ltr'>tuus</span> <span class='ocrx_word' id='word_1_259' title='bbox 722 2290 733 2310; x_wconf 81' lang='grc'>,</span> <span class='ocrx_word' id='word_1_260' title='bbox 758 2255 819 2298; x_wconf 87' lang='lat' dir='ltr'>ibi</span> <span class='ocrx_word' id='word_1_261' title='bbox 842 2263 906 2299; x_wconf 86' lang='lat' dir='ltr'>est</span> <span class='ocrx_word' id='word_1_262' title='bbox 924 2263 967 2298; x_wconf 94' lang='lat' dir='ltr'>et</span> <span class='ocrx_word' id='word_1_263' title='bbox 993 2270 1067 2298; x_wconf 92' lang='lat' dir='ltr'>cor</span> <span class='ocrx_word' id='word_1_264' title='bbox 1091 2254 1244 2297; x_wconf 72' lang='lat' dir='ltr'>tuum4</span> <span class='ocrx_word' id='word_1_265' title='bbox 1271 2272 1280 2297; x_wconf 90' lang='lat'>:</span> <span class='ocrx_word' id='word_1_266' title='bbox 1309 2271 1328 2294; x_wconf 88' lang='lat'>»</span> <span class='ocrx_word' id='word_1_267' title='bbox 1346 2252 1413 2297; x_wconf 68' lang='lat' dir='ltr'>de</span> <span class='ocrx_word' id='word_1_268' title='bbox 1443 2253 1542 2312; x_wconf 87' lang='lat' dir='ltr'>ipsis</span> <span class='ocrx_word' id='word_1_269' title='bbox 1560 2253 1837 2310; x_wconf 79' lang='lat' dir='ltr'>cogitationi·</span> <span class='ocrx_word' id='word_1_270' title='bbox 1900 2251 1903 2278; x_wconf 76' lang='lat'><em>³</em></span> 
     </span>
    </p>
   </div>
   <div class='ocr_carea' id='block_1_5' title="bbox 442 2323 1904 2672">
    <p class='ocr_par' dir='ltr' id='par_1_6' title="bbox 442 2323 1904 2672">
     <span class='ocr_line' id='line_1_30' title="bbox 442 2323 1904 2387; baseline -0.003 -14"><span class='ocrx_word' id='word_1_271' title='bbox 442 2329 525 2374; x_wconf 87' lang='lat' dir='ltr'>bus</span> <span class='ocrx_word' id='word_1_272' title='bbox 561 2341 850 2387; x_wconf 86' lang='lat' dir='ltr'>supernorum</span> <span class='ocrx_word' id='word_1_273' title='bbox 871 2325 1084 2385; x_wconf 89' lang='lat' dir='ltr'>patientes</span> <span class='ocrx_word' id='word_1_274' title='bbox 1117 2325 1231 2368; x_wconf 86' lang='lat' dir='ltr'>fiunt</span> <span class='ocrx_word' id='word_1_275' title='bbox 1254 2344 1265 2382; x_wconf 80' lang='lat'>3</span> <span class='ocrx_word' id='word_1_276' title='bbox 1305 2333 1348 2368; x_wconf 93' lang='lat' dir='ltr'>et</span> <span class='ocrx_word' id='word_1_277' title='bbox 1380 2323 1598 2384; x_wconf 79' lang='lat' dir='ltr'>quidquid</span> <span class='ocrx_word' id='word_1_278' title='bbox 1639 2325 1685 2368; x_wconf 90' lang='lat' dir='ltr'>in</span> <span class='ocrx_word' id='word_1_279' title='bbox 1719 2333 1835 2369; x_wconf 87' lang='lat' dir='ltr'>terra</span> <span class='ocrx_word' id='word_1_280' title='bbox 1900 2327 1904 2374; x_wconf 76' lang='lat' dir='ltr'>J</span> 
     </span>
     <span class='ocr_line' id='line_1_31' title="bbox 445 2395 1833 2455; baseline -0.003 -11"><span class='ocrx_word' id='word_1_281' title='bbox 445 2398 732 2444; x_wconf 85' lang='lat' dir='ltr'>committitur</span> <span class='ocrx_word' id='word_1_282' title='bbox 747 2431 758 2453; x_wconf 74' lang='grc'>,</span> <span class='ocrx_word' id='word_1_283' title='bbox 779 2397 837 2441; x_wconf 90' lang='lat' dir='ltr'>sic</span> <span class='ocrx_word' id='word_1_284' title='bbox 855 2411 945 2440; x_wconf 89' lang='lat' dir='ltr'>non</span> <span class='ocrx_word' id='word_1_285' title='bbox 977 2404 1154 2451; x_wconf 80' lang='lat' dir='ltr'>curant,</span> <span class='ocrx_word' id='word_1_286' title='bbox 1170 2395 1310 2439; x_wconf 92' lang='lat' dir='ltr'>donec</span> <span class='ocrx_word' id='word_1_287' title='bbox 1333 2405 1544 2455; x_wconf 81' lang='lat' dir='ltr'>peragant</span> <span class='ocrx_word' id='word_1_288' title='bbox 1556 2395 1710 2440; x_wconf 86' lang='lat' dir='ltr'>itinera</span> <span class='ocrx_word' id='word_1_289' title='bbox 1732 2411 1833 2451; x_wconf 86' lang='lat' dir='ltr'>sua,</span> 
     </span>
     <span class='ocr_line' id='line_1_32' title="bbox 445 2465 1837 2532; baseline -0.002 -17"><span class='ocrx_word' id='word_1_290' title='bbox 445 2468 820 2532; x_wconf 80' lang='lat' dir='ltr'>quemadmodum</span> <span class='ocrx_word' id='word_1_291' title='bbox 855 2483 945 2512; x_wconf 93' lang='lat' dir='ltr'>non</span> <span class='ocrx_word' id='word_1_292' title='bbox 980 2475 1136 2512; x_wconf 87' lang='lat' dir='ltr'>curant</span> <span class='ocrx_word' id='word_1_293' title='bbox 1173 2466 1404 2511; x_wconf 84' lang='lat' dir='ltr'>luminaria</span> <span class='ocrx_word' id='word_1_294' title='bbox 1444 2465 1545 2511; x_wconf 87' lang='lat' dir='ltr'>coeli</span> <span class='ocrx_word' id='word_1_295' title='bbox 1565 2502 1576 2522; x_wconf 86' lang='lat'>‚</span> <span class='ocrx_word' id='word_1_296' title='bbox 1610 2467 1692 2511; x_wconf 89' lang='lat' dir='ltr'>nisi</span> <span class='ocrx_word' id='word_1_297' title='bbox 1728 2483 1837 2528; x_wconf 90' lang='lat' dir='ltr'>quo-</span> 
     </span>
     <span class='ocr_line' id='line_1_33' title="bbox 444 2534 1899 2598; baseline -0.003 -12"><span class='ocrx_word' id='word_1_298' title='bbox 444 2541 578 2586; x_wconf 89' lang='lat' dir='ltr'>modo</span> <span class='ocrx_word' id='word_1_299' title='bbox 591 2548 816 2584; x_wconf 84' lang='lat' dir='ltr'>exerceant</span> <span class='ocrx_word' id='word_1_300' title='bbox 829 2537 918 2582; x_wconf 88' lang='lat' dir='ltr'>dies</span> <span class='ocrx_word' id='word_1_301' title='bbox 933 2547 976 2582; x_wconf 92' lang='lat' dir='ltr'>et</span> <span class='ocrx_word' id='word_1_302' title='bbox 992 2547 1155 2593; x_wconf 83' lang='lat' dir='ltr'>noctes,</span> <span class='ocrx_word' id='word_1_303' title='bbox 1176 2538 1372 2598; x_wconf 86' lang='lat' dir='ltr'>quamvis</span> <span class='ocrx_word' id='word_1_304' title='bbox 1389 2547 1509 2582; x_wconf 86' lang='lat' dir='ltr'>tanta</span> <span class='ocrx_word' id='word_1_305' title='bbox 1530 2537 1644 2582; x_wconf 84' lang='lat' dir='ltr'>mala</span> <span class='ocrx_word' id='word_1_306' title='bbox 1659 2538 1838 2582; x_wconf 82' lang='lat' dir='ltr'>videant</span> <span class='ocrx_word' id='word_1_307' title='bbox 1896 2534 1899 2582; x_wconf 69' lang='grc' dir='ltr'>ζ</span> 
     </span>
     <span class='ocr_line' id='line_1_34' title="bbox 445 2603 1898 2672; baseline -0.004 -14"><span class='ocrx_word' id='word_1_308' title='bbox 445 2614 541 2658; x_wconf 82' lang='lat' dir='ltr'>fieri</span> <span class='ocrx_word' id='word_1_309' title='bbox 561 2627 690 2672; x_wconf 85' lang='lat' dir='ltr'>super</span> <span class='ocrx_word' id='word_1_310' title='bbox 711 2619 886 2655; x_wconf 90' lang='lat' dir='ltr'>terram.</span> <span class='ocrx_word' id='word_1_311' title='bbox 915 2608 999 2655; x_wconf 90' lang='lat' dir='ltr'>Sed</span> <span class='ocrx_word' id='word_1_312' title='bbox 1017 2608 1143 2654; x_wconf 88' lang='lat' dir='ltr'>facile</span> <span class='ocrx_word' id='word_1_313' title='bbox 1160 2618 1224 2653; x_wconf 87' lang='lat' dir='ltr'>est</span> <span class='ocrx_word' id='word_1_314' title='bbox 1236 2607 1363 2664; x_wconf 82' lang='lat' dir='ltr'>forte,</span> <span class='ocrx_word' id='word_1_315' title='bbox 1390 2617 1439 2653; x_wconf 91' lang='lat' dir='ltr'>ut</span> <span class='ocrx_word' id='word_1_316' title='bbox 1460 2607 1603 2653; x_wconf 86' lang='lat' dir='ltr'>ferant</span> <span class='ocrx_word' id='word_1_317' title='bbox 1618 2609 1724 2669; x_wconf 86' lang='lat' dir='ltr'>justi</span> <span class='ocrx_word' id='word_1_318' title='bbox 1746 2609 1833 2653; x_wconf 89' lang='lat' dir='ltr'>ini·</span> <span class='ocrx_word' id='word_1_319' title='bbox 1896 2603 1898 2606; x_wconf 58' lang='grc'>’</span> 
     </span>
    </p>
   </div>
   <div class='ocr_carea' id='block_1_6' title="bbox 494 2692 1728 2741">
    <p class='ocr_par' dir='ltr' id='par_1_7' title="bbox 494 2692 1728 2741">
     <span class='ocr_line' id='line_1_35' title="bbox 494 2692 1728 2741; baseline -0.004 -10"><span class='ocrx_word' id='word_1_320' title='bbox 494 2705 506 2722; x_wconf 83' lang='lat'>¹</span> <span class='ocrx_word' id='word_1_321' title='bbox 525 2700 602 2741; x_wconf 78' lang='lat' dir='ltr'>Sap.</span> <span class='ocrx_word' id='word_1_322' title='bbox 619 2709 652 2740; x_wconf 86' lang='lat' dir='ltr'>v,</span> <span class='ocrx_word' id='word_1_323' title='bbox 670 2697 702 2729; x_wconf 80' lang='grc'>6.</span> <span class='ocrx_word' id='word_1_324' title='bbox 723 2712 766 2720; x_wconf 92' lang='lat'>—-</span> <span class='ocrx_word' id='word_1_325' title='bbox 781 2703 794 2719; x_wconf 88' lang='lat'>²</span> <span class='ocrx_word' id='word_1_326' title='bbox 813 2698 908 2728; x_wconf 83' lang='lat' dir='ltr'>Joan.</span> <span class='ocrx_word' id='word_1_327' title='bbox 930 2707 953 2737; x_wconf 83' lang='lat'>1,</span> <span class='ocrx_word' id='word_1_328' title='bbox 968 2698 1001 2727; x_wconf 84' lang='lat'>9.</span> <span class='ocrx_word' id='word_1_329' title='bbox 1018 2712 1060 2719; x_wconf 91' lang='lat'>—-</span> <span class='ocrx_word' id='word_1_330' title='bbox 1080 2693 1093 2718; x_wconf 85' lang='lat'>³</span> <span class='ocrx_word' id='word_1_331' title='bbox 1110 2694 1222 2737; x_wconf 84' lang='lat' dir='ltr'>Philip.</span> <span class='ocrx_word' id='word_1_332' title='bbox 1243 2706 1289 2736; x_wconf 88' lang='lat'>111,</span> <span class='ocrx_word' id='word_1_333' title='bbox 1311 2703 1362 2726; x_wconf 82' lang='lat'>20.</span> <span class='ocrx_word' id='word_1_334' title='bbox 1381 2711 1422 2717; x_wconf 90' lang='lat'><strong>—</strong></span> <span class='ocrx_word' id='word_1_335' title='bbox 1439 2692 1455 2723; x_wconf 76' lang='grc'><strong><em>4</em></strong></span> <span class='ocrx_word' id='word_1_336' title='bbox 1475 2693 1589 2726; x_wconf 84' lang='lat' dir='ltr'>Matth.</span> <span class='ocrx_word' id='word_1_337' title='bbox 1610 2704 1655 2735; x_wconf 77' lang='lat' dir='ltr'>vr,</span> <span class='ocrx_word' id='word_1_338' title='bbox 1674 2702 1728 2726; x_wconf 87' lang='lat'>21.</span> 
     </span>
    </p>
   </div>
  </div>
 </body>
</html>
