1926 3339
490 282 542 321 84
920 290 954 316 5.
995 289 1223 315 auersum
1257 287 1439 314 Emscom

489 356 692 415 gaudium
710 390 720 406 ‚
745 355 820 397 sed
850 354 1007 397 divinae
1030 351 1337 395 admonitionis
1358 349 1620 408 exemplum.
1659 349 1700 392 Si
1723 357 1867 392 autem

488 427 532 470 in
570 425 717 468 futuro
749 422 908 467 saeculo
936 421 1090 466 ultimo
1125 420 1202 464 Dei
1227 419 1393 479 judicio
1424 418 1685 472 vindicatur,
1716 418 1799 462 hoc
1830 418 1869 461 ei

487 495 629 555 placet
651 492 769 553 quod
793 496 909 548 Deo,
934 507 989 534 ne
1018 491 1130 534 bene
1159 489 1214 533 sit
1240 488 1385 544 malis,
1409 505 1464 533 ne
1491 489 1664 548 piorum
1684 487 1871 547 praemiis

489 566 618 609 etiam
639 563 760 622 impii
782 561 1062 622 perfruantur
1082 580 1090 604 :
1117 559 1237 619 quod
1259 561 1411 620 utique
1432 561 1643 619 injustum
1671 568 1762 614 est,
1787 567 1830 602 et
1847 573 1872 602 a

489 634 637 693 regula
659 633 872 686 veritatis,
893 647 1023 691 quam
1037 631 1179 690 justus
1201 629 1365 688 diligit,
1391 629 1594 673 alienum.
1619 631 1729 674 Cum
1756 628 1872 672 enim

489 720 568 748 nos
601 703 656 746 ad
691 701 931 759 diligendos
963 700 1159 744 inimicos
1192 699 1402 744 Dominus
1426 700 1695 755 hortaretur,
1725 713 1873 742 exem-

487 773 609 834 plum
632 772 856 832 proposuit
874 772 1010 816 Patris
1031 771 1166 815 nostri
1186 771 1262 830 qui
1282 770 1329 814 in
1351 770 1471 815 coelis
1493 780 1583 826 est,
1613 789 1631 810 «
1658 769 1742 823 Qui
1769 767 1874 813 facit

491 863 510 885 n
547 843 681 888 solem
703 858 830 886 suum
853 841 955 886 oriri
985 856 1114 901 super
1140 840 1278 884 bonos
1301 849 1344 884 et
1365 840 1521 895 malos,
1550 848 1593 884 et
1612 839 1724 899 pluit
1744 853 1874 898 super

496 936 514 957 »
546 916 685 975 justos
714 923 757 957 et
790 914 1025 973 injustos¹z
1057 930 1076 953 »
1101 909 1319 971 numquid
1353 920 1500 955 tamen
1525 909 1623 955 ideo
1660 908 1731 954 vel
1761 918 1874 953 tem-

487 985 710 1046 poralibus
732 983 1077 1043 correptionibus
1111 998 1202 1026 non
1232 982 1461 1036 emendat,
1497 980 1567 1026 vel
1598 980 1875 1041 pertinaciter

487 1057 618 1101 duros
647 1057 692 1099 in
725 1056 812 1099 fine
842 1069 932 1098 non
960 1053 1166 1097 damnat?
1192 1052 1259 1098 Sic
1289 1067 1391 1111 ergo
1418 1052 1618 1096 inimicus
1641 1049 1871 1109 diligatur,

487 1137 537 1172 ut
558 1143 647 1171 non
670 1125 894 1185 displiceat
911 1124 1083 1169 Domini
1101 1124 1268 1184 justitia
1288 1139 1375 1184 qua
1396 1123 1600 1183 punitur,
1631 1131 1674 1166 et
1693 1122 1751 1166 sic
1777 1120 1874 1181 pla·
1918 1130 1926 1175 1

487 1207 583 1242 ceat
600 1196 767 1257 justitia
801 1211 886 1255 qua
913 1195 1109 1254 punitur,
1144 1203 1195 1238 ut
1217 1210 1305 1238 non
1341 1194 1395 1238 de
1418 1193 1533 1238 malo
1565 1196 1684 1255 ejus,
1715 1192 1790 1237 sed
1821 1192 1876 1236 de
1917 1180 1926 1304 i

489 1270 604 1313 bono
618 1266 766 1327 judice
784 1266 1038 1325 gaudeatur.
1065 1264 1308 1309 Malevolus
1330 1280 1436 1309 vero
1457 1264 1626 1308 animus
1646 1264 1876 1309 contrista-
1919 1302 1921 1307 .

487 1349 573 1392 tur,
600 1338 633 1380 si
661 1337 752 1396 ejus
780 1336 978 1380 inimicus
1005 1344 1223 1379 correctus
1255 1335 1437 1379 evaserit
1463 1350 1643 1394 poenam
1666 1354 1675 1379 :
1701 1343 1744 1378 et
1775 1349 1876 1378 cum

488 1408 633 1468 puniri
657 1422 755 1450 eum
779 1406 915 1461 videt,
941 1405 1148 1450 vindicari
1166 1421 1210 1449 se
1231 1406 1291 1450 ita
1315 1407 1496 1465 gaudet,
1526 1416 1577 1451 ut
1599 1422 1688 1451 non
1711 1405 1877 1466 justitia

486 1479 581 1533 Dei,
601 1493 733 1539 quem
755 1492 845 1521 non
862 1475 1024 1534 diligit,
1049 1475 1125 1520 sed
1146 1475 1260 1520 illius
1276 1511 1287 1532 ,
1305 1491 1438 1537 quem
1462 1477 1555 1521 odit
1570 1512 1580 1532 ,
1606 1476 1775 1521 miseria
1797 1476 1876 1521 de-

488 1549 673 1594 lectetur
695 1568 702 1592 :
734 1557 777 1591 et
804 1563 905 1592 cum
937 1550 1026 1591 Deo
1059 1547 1240 1591 dimittit
1256 1547 1470 1607 judicium
1487 1584 1498 1603 ,
1523 1557 1572 1592 ut
1603 1547 1701 1607 plus
1724 1556 1879 1592 noceat

490 1624 604 1666 Deus
623 1655 633 1674 ,
659 1634 792 1679 quam
814 1619 903 1677 ipse
925 1633 1081 1662 nocere
1107 1627 1251 1676 posset
1266 1653 1277 1673 ,
1303 1627 1478 1678 exoptat
1496 1638 1505 1663 ε
1527 1627 1570 1662 et
1591 1633 1691 1662 cum
1719 1617 1794 1661 dat
1815 1618 1877 1662 ci-

488 1692 595 1736 bum
618 1690 793 1733 inimico
817 1689 1043 1743 esurienti,
1064 1697 1308 1748 potumque
1323 1688 1509 1743 sitienti,
1534 1688 1749 1733 malitiose
1766 1688 1878 1748 sapit

449 1800 455 1803 .
488 1762 610 1823 quod
640 1761 848 1820 seriptum
883 1768 978 1803 est:
1013 1778 1032 1800 α
1058 1761 1151 1803 Hoc
1185 1759 1301 1803 enim
1333 1759 1494 1803 faciens
1525 1759 1735 1803 carbones
1769 1758 1879 1817 ignis

492 1853 512 1876 >›
548 1847 753 1890 congeres
788 1847 917 1891 super
948 1839 1080 1890 eaput
1112 1831 1246 1890 ejus2.
1279 1850 1296 1871 »
1331 1831 1433 1889 Agit
1465 1831 1582 1874 enim
1612 1840 1662 1874 ut
1696 1829 1880 1890 amplius

491 1912 719 1963 aggravet,
744 1911 788 1945 et
805 1902 843 1945 ei
866 1900 1024 1945 excitet
1043 1899 1389 1959 indignationem
1408 1900 1505 1954 Dei,
1529 1915 1660 1960 quam
1683 1899 1879 1945 carboni-

490 1976 572 2019 bus
600 1974 708 2032 ignis
740 1972 971 2030 significari
1001 1980 1150 2031 putat,
1182 1986 1272 2015 non
1302 1969 1548 2029 intelligens
1578 1971 1703 2015 illum
1732 1971 1880 2030 ignem

491 2061 581 2090 esse
595 2043 864 2104 poenitentiae
883 2051 1080 2087 urentem
1105 2041 1301 2086 dolorem
1317 2077 1328 2096 ,
1353 2057 1582 2102 quousque
1604 2052 1736 2102 caput
1757 2058 1879 2087 erec-

492 2126 584 2161 tum
609 2114 811 2174 superbia
834 2112 1054 2157 beneficiis
1075 2112 1238 2156 inimici
1261 2112 1314 2156 ad
1342 2112 1633 2157 humilitatem
1660 2112 1880 2158 salubrem
1905 2130 1916 2315 ξ

1918 984 1926 1130 (ηι-;--.-
1920 902 1926 963 Α...
1921 380 1926 890 —-——.——.—.—————
1924 331 1926 345 M

492 2185 742 2245 deponitur,
764 2193 808 2227 et
824 2184 870 2227 in
891 2184 1008 2227 bono
1029 2182 1146 2227 illius
1175 2183 1304 2243 hujus
1329 2182 1493 2227 malum
1522 2184 1726 2228 vincitur.
1754 2184 1880 2228 Unde

493 2254 726 2316 Apostolus
755 2253 981 2312 vigilanter
1008 2252 1238 2313 adjunxit:
1269 2272 1286 2293 «
1308 2253 1406 2298 Noli
1433 2254 1548 2298 vinci
1579 2270 1601 2298 a
1630 2254 1771 2309 malo,
1805 2252 1881 2298 sed

496 2346 516 2369 n
553 2327 676 2371 vinee
698 2325 744 2369 in
772 2324 890 2369 bono
916 2323 1078 2367 malum
1096 2325 1126 2366 ³.
1153 2341 1172 2364 »
1199 2323 1426 2376 Quomodo
1450 2333 1594 2368 autem
1623 2333 1764 2384 potest
1783 2324 1882 2368 vin·
1904 2318 1913 2386 l

496 2413 591 2443 cere
614 2398 659 2440 in
680 2397 797 2440 bono
815 2394 979 2439 malum
999 2394 1044 2438 in
1066 2394 1292 2452 superficie
1313 2394 1471 2449 honus,
1491 2405 1532 2438 et
1546 2395 1591 2439 in
1607 2395 1694 2440 alto
1715 2394 1878 2453 malus,
1904 2390 1910 2447 Ξ

495 2470 572 2529 qui
594 2483 722 2527 opere
746 2467 903 2527 parcit,
934 2475 978 2510 et
1007 2465 1137 2510 corde
1159 2465 1301 2523 saevit,
1327 2481 1461 2510 mauu
1482 2466 1619 2521 mitis,
1653 2465 1880 2511 voluntate

497 2538 711 2585 crudelis?
737 2539 804 2583 Sic
826 2553 928 2597 ergo
956 2536 1097 2597 specie
1119 2537 1334 2596 poscentis
1353 2536 1399 2580 in
1421 2537 1504 2582 hoc
1538 2537 1708 2583 Psalmo
1731 2537 1881 2582 sutura

546 2632 554 2649 ¹
574 2624 686 2658 matth.
707 2635 739 2666 v,
759 2622 814 2666 45.
835 2640 877 2647 -
899 2630 911 2646 ²
930 2625 1021 2657 Rom.
1047 2633 1104 2665 xn,
1125 2631 1177 2655 20.
1203 2639 1243 2645 -—
1267 2620 1280 2646 3
1300 2621 1381 2654 Ibid.
1402 2630 1455 2654 21.

1897 2590 1906 2873 l

1895 2877 1902 3027 ἔ

1890 3030 1901 3339 l
