1926 3339
347 318 589 347 ENARRA'HO
622 323 664 347 m
699 322 901 348 PsALMUM
934 322 1121 349 Lxxxvu.
1353 313 1431 352 241

55 383 209 437 mines,
234 391 284 426 ut
304 384 595 428 confiteantur
623 384 719 428 tibi.
753 374 815 429 In*
834 385 1010 430 hebraeo
1032 385 1208 446 quidem
1240 387 1363 431 aliter
1395 404 1439 432 se

10 455 13 493 ξ
54 453 212 497 habere
229 453 426 497 firmatur
447 472 455 498 :
476 469 564 498 non
587 454 702 498 enim
721 454 893 509 medici,
919 455 992 499 sed
1013 456 1205 514 gigantes
1229 472 1317 501 esse
1339 473 1440 517 per-

10 574 11 578 *
54 523 275 567 hibentur.
303 527 465 568 Verum
490 525 772 584 Septuaginta
789 525 1059 585 interpretes,
1086 542 1272 587 quorum
1296 537 1442 572 aucto-

9 647 12 654 ,
55 596 153 639 ritas
175 604 297 639 tanta
323 604 408 650 est,
445 605 495 639 ut
522 611 611 639 non
635 596 849 641 immerito
870 607 1047 656 propter
1072 598 1316 642 mirabilem
1344 614 1444 644 con-

9 682 11 687 ’
57 666 297 711 sonantiam
329 666 478 711 divino
509 667 672 726 Spiritu
694 668 965 728 interpretati
989 685 1078 713 esse
1112 669 1361 725 credantur,
1388 670 1443 714 de

8 768 10 775 ν
53 736 169 782 vocis
186 736 492 792 similitudine,
519 753 607 798 qua
636 738 680 781 in
704 738 879 783 hebraea
899 738 1050 798 lingua
1073 740 1264 798 gigantes
1287 750 1330 785 et
1351 756 1445 784 me-

8 820 11 870 j
55 807 137 852 dici
155 823 266 867 pene
293 808 448 852 eodem
476 808 608 852 modo
634 818 818 863 sonant,
844 818 887 853 et·
913 810 1067 868 exigua
1089 811 1334 855 differentia
1357 812 1446 856 dis-

8 892 9 895 ’
56 879 331 937 tinguuntur,
365 894 453 922 non
476 894 647 934 errore,
675 879 750 923 scd
773 880 916 939 potius
943 881 1193 936 occasione,
1221 881 1446 941 quomodo

54 951 133 995 isto
154 949 251 994 loco
271 949 510 1009 accipiendi
527 959 668 993 essent
691 951 884 1009 gigantes
899 986 909 1005 ,
929 951 1168 1009 significare
1191 951 1442 998 voluerunt.

6 1031 9 1065 ,¹
57 1020 98 1066 Si
126 1020 241 1065 enim
266 1020 476 1079 superbos
505 1020 730 1079 gigantum
765 1022 942 1065 nomine
964 1022 1202 1067 insinuatos
1224 1023 1448 1083 intelliga-

7 1106 9 1112 ·
56 1107 171 1145 mus,
188 1092 242 1135 de
264 1091 422 1151 quibus
434 1090 540 1135 dicit
555 1091 786 1151 Apostolus
805 1111 815 1137 2
833 1112 853 1134 «
872 1092 957 1137 Ubi
979 1093 1173 1152 Sapiens?
1193 1094 1270 1138 ubi
1283 1096 1449 1139 scriba?

6 1174 9 1193 ³
58 1180 79 1203 »
115 1162 191 1206 ubi
214 1161 481 1221 conquisitor
508 1162 639 1221 hujus
661 1161 904 1207 saeculi1?»
932 1179 1021 1207 non
1045 1162 1128 1207 fuit
1154 1164 1448 1224 incongruum

6 1244 9 1273 ε
56 1231 226 1278 eosdem
247 1231 436 1277 medicos
459 1233 720 1292 nuncupari,
736 1231 856 1277 velut
871 1249 945 1293 per
962 1242 1098 1278 artem
1121 1236 1344 1294 sapientiae
1360 1253 1450 1281 suae

5 1324 8 1363 ξ
57 1304 357 1364 promittentes
396 1302 640 1347 animarum
677 1303 878 1347 salutem.
919 1306 1081 1349 Contra
1116 1321 1224 1366 quos
1257 1307 1417 1351 dicitur
1437 1326 1446 1352 ε

60 1394 80 1417 «
113 1374 287 1419 Domini
308 1384 373 1419 est
393 1373 506 1418 salus
521 1378 553 1417 ².
585 1395 601 1415 »
623 1374 665 1419 Si
686 1384 833 1418 autem
851 1374 898 1418 in
920 1374 1038 1420 bono
1066 1378 1360 1436 acceperimus
1384 1379 1451 1436 gi-

4 1491 8 1508 ,
57 1454 224 1503 gantes,
246 1445 347 1506 quia
372 1454 415 1489 et
442 1443 497 1488 de
519 1444 612 1504 ipso
643 1445 828 1489 Domino
854 1445 1022 1490 dictum
1050 1456 1114 1491 est
1141 1466 1150 1491 z
1178 1466 1197 1488 »
1225 1448 1450 1492 Exultavit

6 1513 7 1553 ἶ
59 1533 80 1556 »
113 1524 164 1559 ut
187 1515 304 1574 gigas
328 1513 383 1559 ad
400 1514 658 1559 currendam
689 1516 804 1559 viam
820 1517 834 1541 ³
856 1531 865 1556 τ
895 1534 915 1556 »
941 1516 1062 1576 quod
1087 1517 1146 1560 ita
1163 1518 1215 1561 sit
1241 1518 1357 1576 gigas
1380 1519 1447 1577 gi-

4 1607 5 1646 3
59 1597 236 1647 gantum
251 1623 262 1642 ,
289 1603 547 1647 magnorum
569 1587 732 1632 scilicet
750 1597 793 1631 et
816 1587 1170 1643 fortissimorum,
1198 1591 1272 1649 qui
1292 1590 1336 1632 in
1359 1591 1450 1649 ejus

57 1658 247 1703 Ecclesia
272 1656 452 1717 spiritali
474 1657 631 1702 robore
653 1657 898 1716 excellunt,
929 1659 1055 1702 sicuti
1083 1668 1148 1702 est
1175 1675 1300 1703 mons
1324 1675 1452 1703 mon-

4 1764 7 1784 ,
57 1728 183 1784 tium,
209 1728 312 1788 quia
333 1730 388 1771 de
410 1727 485 1772 illo
502 1728 714 1787 scriptum
731 1738 820 1774 est:
851 1747 871 1770 α
896 1730 989 1772 Erit
1011 1728 1057 1771 in
1079 1728 1317 1773 novissimis
1337 1738 1451 1773 tem-

4 1790 6 1823 i
61 1817 81 1840 »
113 1799 293 1858 poribus
317 1796 572 1842 manifestus
594 1813 720 1842 mons
743 1799 932 1854 Domini,
958 1808 1134 1858 paratus
1156 1800 1202 1842 in
1223 1800 1450 1843 cacumine

4 1862 6 1923 ξ
60 1886 81 1910 ))
114 1868 357 1913 montium4
376 1887 384 1912 :
405 1867 548 1912 »sicut
569 1869 696 1912 etiam
714 1878 886 1912 sanctus
901 1878 1176 1913 sanctorum:
1194 1884 1282 1912 non
1298 1878 1361 1912 est
1377 1869 1450 1913 ab·

4 1930 6 1984 ἷ
57 1939 238 1984 surdum
255 1948 305 1983 ut
327 1939 457 1982 iidem
478 1939 556 1998 ipsi
577 1940 722 1997 magni
750 1949 793 1983 et
815 1938 947 1983 fortes
972 1939 1099 1983 etiam
1118 1938 1273 1983 medici
1294 1955 1451 1984 vocen-

4 2041 5 2066 2
57 2020 142 2056 tur.
169 2010 295 2055 Unde
311 2009 417 2054 dicit
434 2010 655 2069 apostolus
679 2010 863 2054 Paulus:
884 2030 903 2051 «
926 2011 966 2054 Si
986 2026 1074 2070 quo
1095 2010 1227 2054 modo
1251 2009 1449 2055 aemulari

4 2129 6 2136 k
60 2100 80 2124 »
115 2092 266 2141 potero
284 2097 458 2125 carnem
470 2097 627 2135 meam,
644 2091 693 2125 ut
711 2081 849 2125 salvos
863 2081 1017 2126 faciam
1042 2081 1210 2142 aliquos
1223 2098 1273 2126 ex
1288 2082 1406 2126 illis⁵.
1423 2101 1443 2123 n

4 2150 7 2181 ÷
61 2152 142 2199 Sed
164 2153 292 2197 etiam
311 2151 416 2196 tales
438 2152 611 2207 medici,
632 2153 829 2213 quamvis
849 2168 938 2197 non
961 2152 1016 2196 de
1039 2169 1118 2197 suo
1141 2162 1320 2208 curent,
1345 2153 1448 2213 quia

58 2239 138 2268 nec
164 2223 321 2267 medici
342 2223 533 2282 corporis
556 2232 710 2267 curant
733 2222 787 2267 de
817 2239 895 2268 suo
917 2243 926 2267 ι
956 2232 1100 2267 tamen
1121 2223 1448 2283 quantumlibet

4 2294 5 2297 ’
57 2309 134 2354 per
154 2293 283 2338 fidele
300 2293 587 2337 ministerium
610 2293 882 2353 opitulentur
907 2292 1057 2348 saluti,
1081 2293 1274 2337 viventes
1297 2308 1449 2337 curare

4 2379 6 2410 ῖ
58 2373 259 2424 possunt,
294 2380 383 2408 non
414 2374 609 2408 mortuos
631 2364 843 2408 excitare:
883 2364 937 2407 de
966 2363 1125 2424 quibus
1159 2363 1326 2408 dictum
1348 2373 1445 2408 est:

4 2458 6 2463 =
63 2454 81 2476 v>
114 2434 340 2494 Numquid
362 2434 543 2478 mortuis
557 2433 684 2478 facies
700 2433 941 2477 mirabilia?
958 2453 976 2474 »
996 2434 1129 2478 Nimis
1144 2434 1257 2478 enim
1276 2433 1450 2478 occulta

59 2505 131 2549 Dei
153 2504 288 2564 gratia
307 2514 396 2561 est,
416 2504 517 2565 quia
535 2504 764 2548 hominum
782 2513 947 2548 mentes
970 2503 1163 2564 quodam
1181 2504 1312 2549 modo
1335 2505 1449 2549 revi-

106 2608 115 2625 ¹
140 2613 152 2634 1
174 2604 247 2635 Cor.
268 2613 299 2642 1,
330 2610 383 2633 20.
405 2617 446 2624 -·
470 2607 483 2623 ²
503 2600 580 2632 Psal.
606 2610 699 2641 xxxx,
722 2611 755 2643 9.
783 2617 824 2622 —
845 2598 858 2623 ³
876 2599 923 2631 Id.
945 2611 1038 2642 xvul,
1056 2600 1091 2633 6.
1119 2617 1151 2624 -ο
1174 2599 1276 2633 όΙειιῑ.
1295 2612 1332 2642 11,
1349 2610 1380 2632 2.
1406 2617 1449 2623 -—

61 2653 76 2679 ⁵
95 2659 185 2690 Rom.
204 2668 248 2699 xi,
267 2654 318 2698 14.

271 2721 412 2752 cxvn.
1238 2711 1284 2749 16
