1926 3339
393 326 634 356 munaum
667 328 712 356 nv
746 327 948 359 ,rsALMUM
982 331 1096 357 xcix.
1390 324 1470 362 517

86 395 222 439 nescit
238 394 341 455 quia
363 394 574 438 Dominus
590 393 681 451 ipse
701 401 764 437 est
791 394 930 436 Deus?
954 392 1039 437 Sed
1056 392 1111 436 de
1134 395 1319 440 Domino
1337 397 1440 442 dicit
1458 434 1469 453 ,

84 481 218 526 quem
247 481 337 510 non
369 464 584 524 putabant
604 463 803 508 homines
827 466 966 507 Deum
990 482 999 508 :
1040 483 1060 506 «
1088 464 1247 509 Scitote
1264 468 1471 525 quoniam

85 554 106 578 »
142 535 351 581 Dominus
372 535 464 595 ipse
485 543 548 579 est
569 537 699 578 Deus.
723 551 743 576 »
765 533 977 578 Dominus
997 532 1071 578 ille
1091 549 1182 579 non
1202 535 1325 580 vobis
1345 535 1473 581 viles-

82 614 180 663 cat,
205 604 494 661 crucifixistis,
518 603 783 663 flagellastis,
809 603 945 664 sputis
969 603 1176 659 illinistis,
1200 604 1332 664 spinis
1353 621 1475 652 coro·

80 676 234 731 nastis,
264 684 382 721 veste
415 674 704 734 ignominiosa
725 674 909 720 vestistis
923 709 935 730 ,
960 673 1007 718 in
1029 673 1150 733 ligno
1172 675 1470 735 suspendistis,

79 746 210 791 clavis
221 745 471 801 confixistis,
486 745 636 790 lancea
650 745 931 804 percussistis,
942 745 1143 789 custodes
1154 745 1209 790 ad
1221 747 1471 806 sepulcrum

77 817 301 876 posuistis3
324 817 415 876 ipse
438 825 503 860 est
519 819 648 860 Deus.
672 834 692 858 «
723 815 884 861 Scitote
909 815 1117 875 quoniam
1145 817 1356 861 Dominus
1376 817 1468 877 ipse

79 905 101 928 »
136 896 200 932 est
229 891 359 932 Deus.
388 890 485 947 Ipse
510 886 615 931 fecit
639 901 741 942 nos,
771 896 814 931 et
838 902 928 931 non
953 902 1047 931 nos.
1086 890 1182 946 Ipse
1215 886 1318 932 fecit
1353 904 1431 933 nos
1458 908 1466 933 :

78 975 100 999 »
134 959 291 1003 Omnia
321 974 398 1018 per
425 959 570 1018 ipsum
590 957 706 1003 facta
728 967 853 1013 sunt,
893 967 937 1002 et
974 959 1066 1002 sine
1095 958 1189 1017 ipso
1216 959 1384 1004 tactum
1404 968 1469 1005 est

76 1046 98 1070 »
134 1028 289 1073 nihil1.
318 1047 340 1070 »
366 1030 483 1082 Quid
500 1038 564 1073 est
575 1028 697 1089 quod
715 1028 944 1073 exultatis?
964 1027 1074 1088 quid
1096 1038 1160 1073 est
1180 1028 1300 1089 quod
1322 1045 1470 1089 super-

73 1098 205 1143 bitis?
226 1098 349 1143 Alius
369 1113 445 1143 vos
467 1098 588 1154 fecit,
614 1108 658 1143 et
674 1099 751 1159 qui
768 1114 844 1144 vos
860 1098 980 1154 fecit,
995 1099 1087 1158 ipse
1105 1114 1129 1143 a
1146 1099 1270 1143 vobis
1283 1100 1464 1159 patitur,

74 1169 160 1214 Sed
182 1185 257 1214 vos
279 1170 338 1214 sic
360 1186 436 1214 vos
452 1170 625 1230 jactatis
643 1206 654 1226 ,
679 1180 722 1214 et
745 1170 1006 1229 gloriamini,
1035 1179 1079 1214 et
1099 1169 1320 1225 extollitis,
1346 1172 1469 1231 quasi

72 1254 97 1284 a
117 1239 239 1284 vobis
262 1241 363 1299 ipsis
386 1238 488 1284 sacti
523 1241 627 1284 sitis.
655 1242 827 1284 Bonum
853 1249 916 1284 est
937 1239 1062 1284 vobis
1084 1249 1135 1284 ut
1151 1241 1227 1300 qui
1252 1239 1354 1284 fecit
1370 1257 1464 1296 vos,

71 1309 267 1368 perficiat
279 1326 372 1354 vos.
397 1329 417 1352 «
438 1313 534 1370 Ipse
558 1309 662 1354 fecit
684 1326 777 1364 nos,
804 1319 847 1354 et
869 1325 959 1354 non
976 1325 1069 1354 nos.
1102 1330 1120 1351 »
1142 1312 1241 1354 Non
1256 1309 1468 1355 debemus

70 1380 296 1439 superbire
317 1400 325 1425 :
353 1380 497 1425 totum
524 1381 691 1426 bonum
715 1381 835 1441 quod
857 1380 1085 1435 habemus,
1105 1380 1160 1424 ab
1183 1381 1346 1425 artifice
1367 1397 1471 1426 nos-

71 1457 139 1493 tro
157 1444 372 1494 habemus
400 1469 408 1494 :
431 1450 552 1510 quod
582 1451 627 1494 in
653 1450 780 1494 nobis
802 1465 880 1494 nos
901 1449 1083 1494 fecimus
1104 1486 1115 1505 ,
1148 1450 1252 1494 inde
1285 1451 1469 1495 damna-

70 1533 197 1576 1nur3
223 1519 344 1579 quod
366 1520 411 1562 in
430 1519 556 1563 nobis
577 1518 650 1562 ille
673 1518 791 1574 fecit,
817 1519 919 1563 inde
942 1535 1218 1564 coronamur.
1245 1539 1265 1562 «
1288 1523 1385 1579 Ipse
1399 1519 1467 1564 fe-

71 1606 93 1629 »
128 1589 188 1633 cit
206 1605 299 1644 nOS,
325 1598 369 1633 et
396 1605 486 1633 non
514 1605 607 1633 nos.
634 1592 720 1634 Nos
750 1599 895 1633 autem
923 1589 1114 1649 populus
1140 1591 1231 1649 ejus
1248 1623 1259 1643 ,
1295 1599 1338 1634 ct
1367 1606 1467 1635 oves

71 1676 92 1699 »
127 1674 301 1717 pascuae
321 1659 427 1718 ejus.
457 1677 477 1699 »
504 1660 616 1702 Oves
644 1668 688 1703 et
719 1659 809 1704 ovis
835 1679 844 1704 t
883 1659 988 1718 ipsae
1018 1674 1119 1704 oves
1157 1674 1244 1702 una
1268 1660 1372 1703 ovis.
1410 1663 1468 1705 Et

68 1744 201 1788 quam
225 1728 570 1773 amantissimum
600 1729 735 1773 nostri
767 1738 986 1788 pastorem
1023 1728 1262 1782 habemus!
1300 1729 1468 1773 Dimisit

68 1799 307 1857 nonaginta
319 1814 498 1854 novem,
520 1797 744 1843 descendit
771 1814 967 1859 quaerere
1001 1814 1133 1843 unam
1150 1833 1161 1853 ,
1193 1807 1386 1857 reportat
1418 1799 1464 1842 in

69 1868 262 1912 humeris
286 1869 372 1912 suis
391 1868 664 1928 redemptam
687 1869 896 1926 sanguine
918 1872 1037 1913 suo2.
1066 1870 1250 1913 Securus
1267 1877 1466 1912 mortuus

70 1947 134 1982 est
149 1948 294 1998 pastor
309 1955 389 1998 pro
407 1954 504 1994 ove,
526 1940 601 1999 qui
618 1954 845 1998 resurgens
858 1939 1051 1998 possidet
1065 1953 1206 1983 ovem.
1232 1957 1252 1980 «
1277 1941 1363 1983 Nos
1386 1954 1467 1982 au-

71 2026 92 2050 »
128 2018 215 2053 tem
239 2009 429 2068 populus
452 2010 542 2068 ejus
567 2044 577 2063 ,
599 2019 642 2053 et
663 2025 763 2053 oves
785 2025 957 2068 pascuae
975 2010 1081 2068 ejus.
1112 2027 1131 2050 »

128 2081 249 2122 XVI.
276 2098 296 2120 «
323 2082 488 2123 Intrate
510 2079 555 2122 in
570 2088 716 2138 portas
739 2080 830 2139 ejus
847 2080 893 2122 in
915 2078 1183 2122 confessione
1198 2080 1229 2121 3.
1252 2098 1269 2119 »
1295 2081 1346 2122 In
1364 2093 1467 2137 por-

69 2149 121 2194 tis
144 2149 317 2192 initium
351 2159 443 2206 est,
474 2166 496 2193 a
533 2148 803 2194 confessione
831 2150 1023 2208 incipite.
1058 2148 1165 2192 Inde
1196 2148 1391 2192 Psalmus
1421 2149 1467 2195 in

69 2218 354 2274 confessione,
382 2219 443 2263 ibi
455 2220 657 2278 jubilate.
679 2220 959 2265 Confitemini
982 2236 1056 2264 vos
1079 2235 1168 2262 non
1184 2219 1322 2263 factos
1346 2235 1370 2263 a
1391 2234 1463 2264 vo-

68 2289 151 2344 bis,
190 2289 366 2334 laudate
389 2305 489 2333 eum
522 2306 545 2334 a
587 2306 676 2350 quo
718 2289 821 2334 facti
850 2290 963 2333 estis.
999 2289 1068 2333 Ab
1101 2289 1176 2333 illo
1207 2289 1262 2333 sit
1296 2289 1463 2333 bonum

70 2368 196 2403 tuum
214 2394 225 2414 ,
258 2375 280 2402 a
303 2375 393 2419 quo
415 2359 620 2404 recedens
647 2359 785 2403 fecisti
812 2359 977 2403 malum
999 2369 1141 2403 tuum.
1172 2378 1192 2400 «
1218 2362 1384 2402 Intrate
1416 2359 1462 2402 in

72 2446 93 2470 »
128 2438 274 2488 portas
297 2431 388 2489 ejus
409 2431 455 2473 in
477 2430 760 2475 confessione.
791 2448 810 2470 »
838 2433 977 2473 Intret
995 2445 1094 2488 grex
1121 2430 1164 2472 in
1187 2438 1347 2488 portas,
1372 2444 1462 2472 non

71 2499 174 2544 foris
196 2509 418 2544 remaneat
431 2499 485 2544 ad
504 2499 644 2559 lupos.
671 2503 728 2544 Et
746 2499 969 2560 quomodo
987 2500 1151 2542 intret?
1173 2518 1192 2540 «
1221 2502 1269 2541 In
1289 2497 1463 2541 confes-

74 2587 94 2610 »
129 2569 263 2614 sione.
293 2589 313 2611 »
339 2574 484 2625 Porta,
511 2569 555 2614 id
576 2581 654 2626 est,
678 2570 873 2625 initium,
899 2568 1111 2614 confessio
1134 2568 1213 2613 tibi
1239 2568 1306 2613 sit.
1336 2566 1461 2629 Unde

120 2661 129 2677 ¹
150 2656 240 2687 Joan.
262 2666 284 2696 1,
312 2656 340 2688 3.
361 2672 401 2679 -
421 2663 434 2678 ²
455 2658 532 2690 Luc.
552 2667 605 2697 xv,
627 2655 659 2698 4,
682 2673 723 2681 --
745 2654 757 2680 3
777 2655 858 2689 Psal.
881 2654 1014 2697 xc1x,4.
