1926 3339
461 238 544 275 416
895 245 926 272 S·
965 246 1193 273 Accusnm
1229 247 1405 273 Episcom

460 310 648 370 gendum
672 310 876 354 affectum
898 309 1093 353 dicentis.
1121 308 1227 353 Inde
1250 319 1311 353 cst
1333 309 1452 369 quod
1473 309 1578 352 dicit
1603 309 1834 352 Dominus:

465 401 484 424 «
518 385 679 437 Amen,
707 396 833 425 amen
861 380 959 424 dico
991 379 1153 424 vobis1.
1182 398 1201 421 »
1232 379 1484 424 Sufficiebat
1502 381 1640 422 Amen
1662 393 1803 421 unum
1826 396 1836 421 ε

459 467 615 512 quare,
643 470 663 493 «
687 454 828 495 Amen
844 485 855 504 ,
891 465 1018 493 amen
1033 484 1044 504 ,
1068 467 1088 489 »
1114 449 1193 493 nisi
1215 449 1316 509 quia
1348 450 1438 508 ipsa
1461 448 1660 507 repetitio
1681 448 1842 492 confir·

460 522 595 567 matio
618 522 711 565 est?
737 523 819 564 «In
844 519 1021 563 Psalmis
1039 533 1165 576 ergo,
1191 519 1359 578 inquit,
1379 519 1615 578 jubilemus
1632 518 1711 562 illi.
1740 536 1760 559 »
1786 520 1843 561 Et

460 609 560 653 quae
578 593 769 636 dicemus
785 591 831 633 in
850 589 1057 634 Psalmis?
1078 591 1186 642 Quae
1209 589 1416 644 dicemus,
1434 590 1501 633 vel
1522 590 1665 649 potius
1683 589 1842 633 sentie-

460 679 558 707 mus
584 663 628 705 in
646 659 940 721 jubilatione?
962 662 1070 712 Quae
1097 668 1199 703 sunt
1225 675 1324 719 quae
1350 659 1570 718 pertinent
1593 658 1648 703 ad
1668 658 1844 703 laudem

461 732 618 777 cantici
640 732 767 791 hujus
782 732 800 774 P
818 732 915 774 Jam
938 729 1085 773 audite
1108 748 1116 773 ;
1153 748 1172 771 «
1193 730 1409 782 Quoniam
1433 734 1545 774 Deus
1576 744 1759 788 magnus
1782 737 1846 772 est

465 822 485 845 »
521 802 804 856 Dominus‚et
820 816 893 844 rex
915 815 1099 859 magnus
1120 815 1250 859 super
1271 815 1420 844 omnes
1437 799 1539 844 deos
1557 819 1565 844 :
1587 808 1847 858 »propterea

463 888 567 932 ergo
583 871 820 932 jubilemus
838 869 915 914 illi.
936 890 957 913 «
983 869 1199 923 Quoniam
1222 885 1311 914 non
1334 868 1513 928 repellet
1530 869 1739 913 Dominus
1760 867 1849 928 ple-

467 962 488 986 »
522 944 624 988 bem
652 959 805 987 suam:
833 961 853 983 »
882 941 1119 1002 jubilemus
1137 940 1215 984 illi.
1246 960 1265 983 «
1291 941 1505 994 Quoniam
1528 941 1572 984 in
1601 956 1734 984 manu
1757 940 1849 998 ejus

467 1032 487 1056 ³)
525 1015 632 1058 fines
653 1022 794 1068 terrae,
815 1021 857 1056 et
873 1011 1125 1055 altitudines
1148 1011 1362 1055 montium
1385 1011 1515 1070 ipsius
1539 1019 1640 1054 sunt
1658 1029 1667 1055 2
1687 1028 1706 1050 »
1724 1009 1768 1053 in
1785 1009 1849 1052 his

467 1084 669 1129 omnibus
682 1081 920 1142 jubilemus
939 1080 1015 1124 illi.
1037 1081 1287 1133 «Quoniam
1308 1081 1439 1139 ipsius
1458 1090 1521 1124 est
1539 1096 1671 1134 mare,
1697 1088 1739 1123 et
1760 1079 1850 1138 ipse

471 1172 490 1196 »
525 1154 628 1198 fecit
649 1153 781 1207 illud,
807 1162 850 1196 et
868 1151 1034 1196 aridam
1059 1161 1216 1195 terram
1234 1167 1385 1195 manus
1408 1153 1499 1211 ejus
1522 1152 1773 1194 finxerunt²
1792 1169 1801 1194 2
1826 1168 1846 1190 »

460 1227 699 1287 jubilemus
732 1224 809 1268 illi.
847 1224 932 1269 Sed
964 1225 1058 1268 haec
1080 1224 1224 1268 omnia
1254 1222 1359 1284 quid
1385 1223 1466 1266 sibi
1489 1222 1649 1277 velint,
1681 1221 1715 1265 si
1744 1237 1851 1266 con-

469 1305 672 1354 gruenter
690 1294 1000 1348 discutiantur,
1028 1304 1198 1353 tempus
1221 1294 1333 1338 forte
1350 1308 1438 1337 uon
1460 1292 1640 1336 sufficit:
1657 1290 1733 1335 sed
1755 1306 1852 1334 rur-

469 1382 539 1411 sus
560 1367 594 1410 si
617 1365 790 1425 penitus
816 1363 1117 1422 negligantur,
1142 1363 1360 1408 debitores
1383 1363 1716 1407 remanebimus.
1749 1364 1854 1405 Bre-

469 1437 579 1482 viter
601 1437 748 1496 itaque
765 1450 844 1494 pro
867 1444 1084 1494 tempore,
1112 1444 1327 1494 quantum
1347 1434 1635 1493 perstringere
1658 1432 1853 1492 potueri-

473 1522 566 1551 mus
581 1542 592 1562 ,
618 1506 824 1566 accipite:
849 1506 950 1565 quia
973 1514 1016 1549 et
1038 1520 1175 1564 pauca
1198 1505 1361 1548 semina
1384 1491 1652 1547 uberrimam
1673 1517 1855 1547 messem

471 1578 692 1633 referunt,
718 1578 752 1622 si
772 1578 826 1621 sit
846 1585 959 1620 terra
977 1575 1216 1620 fructifera.

530 1652 607 1693 VI.
630 1648 821 1693 Primum
841 1663 975 1708 quare
987 1646 1241 1707 jubilemus,
1263 1661 1396 1706 quare
1414 1644 1662 1699 laudemus,
1682 1644 1766 1688 hoc
1782 1658 1858 1702 po-

472 1721 557 1765 suit
578 1740 586 1765 :
608 1740 628 1762 «
654 1719 869 1773 Quoniam
894 1722 1006 1762 Deus
1030 1733 1210 1775 magnus
1233 1726 1297 1761 est
1325 1716 1530 1760 Dominus
1546 1751 1556 1771 ,
1579 1724 1622 1759 et
1645 1730 1716 1758 rex
1732 1730 1856 1773 mag-

474 1809 495 1832 »
531 1806 612 1834 nus
635 1804 762 1848 super
794 1803 943 1832 omnes
980 1787 1098 1831 deos.
1123 1806 1142 1828 »
1172 1789 1282 1832 Sunt
1313 1802 1415 1845 ergo
1437 1785 1495 1829 dii
1519 1800 1648 1844 super
1671 1800 1780 1845 quos
1803 1784 1859 1828 sit

472 1876 654 1919 magnus
681 1863 793 1903 Deus
818 1867 985 1913 noster,
1021 1857 1092 1901 cui
1114 1856 1376 1917 jubilamus,
1402 1856 1472 1900 cui
1496 1855 1762 1909 exultamus,
1787 1854 1858 1898 cui

472 1929 622 1974 laudes
655 1928 810 1973 cantici
834 1927 1016 1972 dicimus
1042 1947 1050 1971 :
1079 1936 1207 1981 sunt,
1239 1926 1424 1970 sednon
1458 1925 1597 1970 nobis.
1625 1924 1858 1984 Apostolus

473 2001 589 2044 enim
612 2001 671 2044 ait
691 2019 698 2043 :
725 2019 744 2040 «
762 2002 870 2043 Nam
891 1997 969 2041 etsi
992 2007 1094 2041 sunt
1115 1997 1190 2057 qui
1211 1997 1420 2041 dicuntur
1437 1994 1520 2050 dii,
1543 1995 1631 2039 sive
1652 1995 1698 2038 in
1719 1994 1855 2049 coelo,

477 2090 497 2113 »
532 2071 619 2115 sive
642 2070 687 2113 in
712 2079 824 2113 terra
839 2104 849 2124 ,
873 2067 1246 2128 quemadmodum
1277 2075 1379 2111 sunt
1404 2066 1463 2110 dii
1480 2065 1607 2110 multi
1629 2075 1672 2109 et
1692 2064 1860 2110 domini

478 2160 498 2182 »
533 2141 660 2185 multi
681 2159 689 2184 ε
716 2140 843 2183 nobis
865 2148 1012 2182 tamen
1040 2154 1152 2182 unus
1176 2141 1311 2191 Deus,
1338 2152 1388 2180 ex
1407 2152 1495 2196 quo
1520 2136 1686 2190 omnia,
1717 2144 1761 2180 et
1782 2149 1861 2179 nos

480 2232 497 2253 »
532 2227 609 2271 per
631 2211 774 2270 ipsum
792 2230 802 2266 3
827 2219 870 2253 et
887 2225 999 2253 unus
1018 2209 1226 2253 Dominus
1248 2216 1393 2251 noster
1411 2209 1534 2250 Jesus
1556 2206 1768 2260 Christus,
1784 2221 1862 2265 per

479 2299 499 2322 n
534 2297 666 2342 quem
688 2281 849 2334 omnia,
871 2289 914 2323 et
931 2294 1008 2323 nos
1026 2279 1071 2322 in
1096 2278 1188 2338 ipso
1203 2279 1234 2321 3.
1252 2296 1272 2318 »
1292 2277 1334 2322 Si
1358 2292 1459 2335 ergo
1481 2292 1570 2321 non
1591 2276 1733 2331 nobis,
1760 2275 1861 2336 qui-

476 2353 582 2396 bus?
610 2353 725 2397 Audi
756 2367 808 2395 ex
831 2351 914 2395 alio
937 2350 1109 2394 Psalmo
1135 2369 1143 2393 :
1180 2368 1199 2390 «
1226 2349 1443 2402 Quoniam
1465 2348 1524 2392 dii
1547 2347 1743 2406 gentium
1776 2346 1863 2390 dae-

479 2442 499 2464 »
532 2423 702 2478 monia,
728 2422 938 2466 Dominus
961 2430 1104 2465 autem
1130 2419 1264 2465 coelos
1288 2419 1435 2464 fecit&
1470 2438 1489 2460 n
1515 2418 1862 2476 Magnificentius

477 2504 520 2540 et
552 2495 726 2548 brevius
747 2494 825 2537 tibi
849 2491 1155 2537 commendare
1177 2507 1265 2535 non
1294 2491 1436 2550 potuit
1476 2490 1655 2549 Spiritus
1689 2497 1862 2533 sanctus

525 2580 740 2620 ¹J011n.1,:'›1
780 2596 817 2601 -—
835 2586 846 2600 ²
869 2577 1188 2617 Psa1‚mv,3-5.--
1207 2575 1220 2599 3
1244 2579 1341 2608 1(]01·.
1365 2587 1437 2607 τω.
1458 2575 1489 2615 5,
1504 2575 1535 2606 (3.
1557 2592 1593 2597 ω
1611 2573 1624 2603 x,
1641 2575 1718 2606 Psal.
1739 2584 1810 2614 xvc,
1828 2574 1857 2605 5.
