1926 3339
463 258 516 296 56
898 263 930 290 s.
969 260 1191 288 Acous'rim
1226 261 1403 286 izviscom

460 349 548 378 non
579 335 637 376 sol
647 346 717 374 um
750 330 804 373 ad
827 326 1069 388 puniendos
1090 324 1224 367 malos
1241 359 1251 378 ,
1276 323 1401 367 sicuti
1428 323 1473 366 in
1496 323 1584 367 istis
1602 322 1806 367 omnibus
1821 356 1833 378 ,

458 404 513 447 de
534 402 693 462 quibus
716 399 910 458 loquitur
932 394 1148 448 psalmus,
1173 393 1284 437 sicut
1303 394 1348 437 in
1366 409 1465 451 rege
1492 393 1643 439 Achab
1662 427 1672 446 ‚
1705 407 1837 452 quem

458 472 639 516 fallaciae
666 471 837 530 spiritus
870 483 922 511 ex
958 465 1034 510 Dei
1069 463 1293 507 voluntate
1319 463 1487 506 seduxit
1508 473 1559 507 ut
1589 462 1764 507 caderet
1791 462 1837 506 in

457 543 594 587 bello¹
620 562 629 586 ;
655 539 937 586 verumetiam
960 536 1015 580 ad
1047 533 1294 594 probandos
1317 543 1360 577 et
1392 533 1732 578 manifestandos
1757 533 1838 577 bo-

456 629 561 668 nos,
587 613 712 657 sicuti
746 610 848 654 fecit
879 610 924 652 in
950 607 1047 651 Job.
1078 605 1207 658 Quod
1236 614 1381 649 autem
1410 605 1598 664 pertinet
1631 604 1686 648 ad
1709 605 1838 648 istam

455 684 675 728 materiam
698 678 965 739 corporalem
981 676 1215 721 visibilium
1236 676 1567 729 elementorum,
1589 684 1697 734 puto
1717 675 1839 734 quod

456 769 504 797 ea
524 759 704 811 possunt
721 750 784 793 uti
798 747 950 806 Angeli
966 755 1008 790 et
1031 745 1136 790 boni
1158 754 1201 789 et
1219 744 1338 799 mali,
1351 754 1563 804 quantum
1588 745 1747 805 cuique
1763 759 1839 803 po-

454 832 582 868 testas
604 831 691 866 est:
708 817 1079 880 quemadmodum
1098 825 1141 860 ct
1162 815 1358 859 homines
1382 815 1483 859 boni
1504 815 1692 875 malique
1710 823 1839 858 utun-

454 903 526 938 tur
547 892 722 946 talibus,
743 899 956 951 quantum
973 895 1152 948 possunt
1168 901 1246 946 pro
1268 884 1448 929 modulo
1470 885 1731 929 infirmitatis
1754 886 1839 928 hu-

453 980 609 1008 manae.
635 965 742 1008 Nam
772 970 814 1004 et
840 969 951 1004 terra
976 959 1139 1002 utimur
1161 967 1203 1001 et
1225 972 1337 1016 aqua
1360 965 1404 1000 et
1423 959 1519 1000 aere
1542 965 1584 999 et
1606 956 1728 1014 igne,
1748 971 1838 1000 non

454 1033 595 1079 solum
616 1034 662 1077 in
684 1030 930 1076 necessariis
953 1030 1082 1073 rebus
1104 1027 1426 1072 sustentationis
1449 1035 1607 1071 nostrae
1623 1061 1633 1080 ,
1658 1041 1838 1070 verum-

455 1104 585 1149 etiam
606 1103 651 1148 in
672 1101 818 1147 multis
840 1099 1068 1160 superfluis
1096 1107 1138 1142 et
1158 1097 1335 1142 ludicris
1360 1106 1402 1141 et
1427 1096 1681 1141 mirabiliter
1703 1097 1840 1140 artifi-

453 1173 576 1219 ciosis
594 1172 811 1232 operibus.
837 1173 946 1215 Nam
971 1166 1304 1213 innumerabilia
1321 1183 1421 1228 quae
1441 1165 1716 1226 appellantur
1733 1186 1838 1219 μηχα-

453 1252 604 1297 νήματα,
636 1243 700 1286 his
726 1240 949 1285 elementis
980 1248 1071 1282 arte
1102 1238 1293 1282 tractatis
1321 1237 1642 1281 modificantur.
1677 1235 1761 1281 Sed
1793 1236 1839 1280 in

455 1316 548 1359 haec
565 1311 739 1370 Angelis
756 1311 886 1368 longe
903 1308 1086 1368 amplior
1107 1317 1170 1351 est
1192 1316 1395 1367 potestas,
1417 1316 1460 1351 et
1477 1307 1602 1351 bonis
1623 1315 1666 1350 et
1687 1306 1810 1351 malis
1824 1341 1836 1361 ‚

452 1383 648 1445 quamvis
670 1381 823 1440 utique
844 1380 981 1438 major
999 1377 1146 1435 bonis3
1166 1377 1241 1421 sed
1256 1386 1471 1437 quantum
1487 1377 1564 1421 Dei
1581 1385 1694 1421 nutu
1708 1386 1840 1437 atque

451 1453 602 1499 ordine
621 1452 803 1512 jubetur
826 1458 899 1493 aut
927 1449 1104 1503 sinitur,
1126 1448 1237 1491 sicut
1264 1457 1306 1491 et
1322 1447 1462 1490 nobis.
1484 1449 1636 1506 Neque
1658 1447 1771 1490 enim
1793 1447 1839 1490 in

450 1525 518 1569 his
533 1523 677 1568 omnia
699 1537 798 1581 quae
814 1520 1015 1564 volumus
1035 1533 1278 1578 possumus.
1297 1520 1348 1561 In
1369 1516 1483 1561 libro
1506 1527 1652 1562 autem
1675 1517 1839 1561 fidelis-

451 1595 560 1640 simo
582 1593 765 1652 legimus
788 1590 1012 1635 diabolum
1034 1589 1225 1649 potuisse
1247 1588 1375 1632 etiam
1394 1587 1447 1632 de
1460 1586 1574 1632 coelo
1595 1588 1740 1646 ignem
1761 1588 1841 1631 im-

453 1667 647 1719 mittere,
674 1663 729 1707 ad
752 1663 887 1707 sancti
915 1662 995 1706 viri
1018 1670 1191 1705 tantum
1216 1675 1425 1719 pecorum
1453 1674 1686 1703 numerum
1708 1659 1840 1703 mira-

454 1736 532 1780 bili
565 1744 608 1779 et
637 1732 856 1778 horrendo
884 1733 1052 1791 impetu
1086 1729 1432 1774 consumendum
1452 1763 1462 1783 ,
1506 1728 1627 1789 quod
1662 1728 1839 1774 diabolo

454 1807 644 1852 tribuere
659 1819 785 1848 nemo
799 1802 995 1847 fidelium
1007 1801 1196 1846 fortassis
1215 1801 1409 1855 auderet,
1422 1800 1502 1843 nisi
1523 1809 1682 1844 sanctae
1701 1802 1839 1860 Scrip-

454 1886 563 1922 turae
593 1875 847 1919 auctoritate
879 1872 1110 1932 legeretur.
1145 1870 1230 1916 Sed
1248 1870 1321 1914 ille
1343 1871 1431 1925 vir,
1457 1870 1534 1915 Dei
1557 1869 1674 1915 douo
1694 1871 1838 1930 justus

454 1957 497 1990 et
524 1945 646 1990 fortis
669 1954 711 1988 et
743 1943 812 2003 pie
835 1943 998 2002 peritus
1015 1977 1026 1996 ,
1051 1957 1140 1986 non
1166 1941 1225 1985 ait
1245 1960 1254 1986 :
1279 1941 1489 1985 Dominus
1511 1940 1654 1996 dedit,
1679 1950 1723 1985 et
1744 1940 1839 1985 dia-

453 2018 580 2062 bolus
603 2015 799 2060 abstulit:
818 2014 908 2067 sed,
925 2014 1165 2057 «Dominus
1188 2011 1324 2068 dedit,
1340 2012 1548 2056 Dominus
1567 2011 1771 2057 abstulit²
1789 2032 1798 2058 :
1813 2031 1834 2054 »

452 2088 614 2148 optime
646 2087 782 2130 sciens
810 2084 1036 2128 diabolum
1070 2085 1201 2127 etiam
1225 2082 1346 2142 quod
1379 2082 1520 2127 faeere
1552 2082 1606 2127 de
1627 2083 1717 2128 istis
1745 2083 1836 2127 ele-

451 2157 605 2201 mentis
634 2164 827 2216 poterat,
863 2170 952 2198 non
974 2164 1121 2197 tamen
1149 2169 1270 2197 servo
1292 2153 1392 2207 Dei,
1424 2153 1507 2197 nisi
1529 2154 1620 2214 ejus
1650 2155 1836 2198 Domino

450 2228 622 2271 volente
644 2243 692 2270 ac
711 2225 989 2285 permittente
1010 2223 1142 2268 fuisse
1167 2222 1386 2268 facturum
1405 2241 1415 2275 3
1441 2224 1648 2268 malitiam
1673 2224 1836 2268 diaboli

451 2296 776 2349 confundebat,
798 2295 1003 2356 quoniam
1028 2294 1122 2354 quis
1140 2293 1212 2337 illa
1235 2294 1279 2337 in
1297 2308 1340 2337 se
1363 2293 1591 2353 probando
1614 2304 1832 2349 uteretur,

451 2367 625 2411 sciebat.
654 2369 704 2409 In
733 2365 830 2408 filiis
855 2380 956 2409 vero
980 2363 1235 2407 diffidentiae
1262 2372 1470 2423 tanquam
1495 2366 1540 2407 in
1562 2364 1649 2408 suis
1671 2365 1836 2408 manci-

451 2438 531 2496 piis
567 2445 770 2495 operatur
793 2437 807 2460 3
831 2470 841 2489 ,
887 2433 1258 2494 quemadmodum
1296 2435 1493 2478 homines
1528 2434 1572 2477 in
1607 2436 1835 2494 pecoribus

449 2507 534 2550 suis
550 2527 560 2563 3
578 2516 619 2549 et
641 2505 728 2549 illie
751 2514 894 2548 tamen
914 2513 1127 2564 quantum
1148 2504 1222 2547 Dei
1238 2504 1532 2564 justojudicio
1553 2505 1720 2549 sinitur.
1750 2505 1833 2550 Sed

499 2598 505 2612 ¹
529 2590 546 2622 3
565 2593 638 2629 fleg
659 2601 739 2630 xxu,
753 2597 807 2621 529.
832 2606 873 2611 ψ-
893 2596 905 2611 ²
925 2590 998 2621 ι101»,
1021 2601 1039 2625 ι,
1066 2590 1290 2621 1‹5et21.--
1310 2588 1323 2612 ³
1343 2588 1446 2630 Ephm
1479 2600 1514 2625 11.
1529 2598 1560 2620 ¹2.
