<?xml version="1.0" encoding="UTF-8"?>
<!DOCTYPE html PUBLIC "-//W3C//DTD XHTML 1.0 Transitional//EN"
    "http://www.w3.org/TR/xhtml1/DTD/xhtml1-transitional.dtd">
<html xmlns="http://www.w3.org/1999/xhtml" xml:lang="en" lang="en">
 <head>
  <title>
</title>
<meta http-equiv="Content-Type" content="text/html;charset=utf-8" />
  <meta name='ocr-system' content='tesseract 3.04.00' />
  <meta name='ocr-capabilities' content='ocr_page ocr_carea ocr_par ocr_line ocrx_word'/>
</head>
<body>
  <div class='ocr_page' id='page_1' title='image "./operaomniaaccura10auguuoft_0140.png"; bbox 0 0 1926 3339; ppageno 0'>
   <div class='ocr_carea' id='block_1_1' title="bbox 480 348 1423 388">
    <p class='ocr_par' dir='ltr' id='par_1_1' title="bbox 480 348 1423 388">
     <span class='ocr_line' id='line_1_1' title="bbox 480 348 1423 388; baseline -0.008 -2"><span class='ocrx_word' id='word_1_1' title='bbox 480 348 563 388; x_wconf 87' lang='lat'>106</span> <span class='ocrx_word' id='word_1_2' title='bbox 911 355 943 384; x_wconf 83' lang='lat' dir='ltr'>s.</span> <span class='ocrx_word' id='word_1_3' title='bbox 982 355 1210 382; x_wconf 68' lang='lat' dir='ltr'>Auous‘nm</span> <span class='ocrx_word' id='word_1_4' title='bbox 1243 353 1423 379; x_wconf 81' lang='lat' dir='ltr'>EPISCOPI</span> 
     </span>
    </p>
   </div>
   <div class='ocr_carea' id='block_1_2' title="bbox 474 416 1870 2532">
    <p class='ocr_par' dir='ltr' id='par_1_2' title="bbox 474 416 1869 1399">
     <span class='ocr_line' id='line_1_2' title="bbox 475 416 1855 484; baseline -0.006 -15"><span class='ocrx_word' id='word_1_5' title='bbox 475 425 550 484; x_wconf 89' lang='lat' dir='ltr'>qui</span> <span class='ocrx_word' id='word_1_6' title='bbox 583 424 652 468; x_wconf 92' lang='lat' dir='ltr'>vel</span> <span class='ocrx_word' id='word_1_7' title='bbox 682 439 770 468; x_wconf 90' lang='lat' dir='ltr'>non</span> <span class='ocrx_word' id='word_1_8' title='bbox 804 422 1062 474; x_wconf 84' lang='lat' dir='ltr'>audierunt,</span> <span class='ocrx_word' id='word_1_9' title='bbox 1095 419 1165 462; x_wconf 83' lang='lat' dir='ltr'>vel</span> <span class='ocrx_word' id='word_1_10' title='bbox 1196 433 1284 461; x_wconf 90' lang='lat' dir='ltr'>non</span> <span class='ocrx_word' id='word_1_11' title='bbox 1318 419 1639 471; x_wconf 83' lang='lat' dir='ltr'>meminerunt,</span> <span class='ocrx_word' id='word_1_12' title='bbox 1674 416 1855 461; x_wconf 82' lang='lat' dir='ltr'><strong>discant.</strong></span> 
     </span>
     <span class='ocr_line' id='line_1_3' title="bbox 477 487 1862 549; baseline -0.006 -9"><span class='ocrx_word' id='word_1_13' title='bbox 477 499 664 540; x_wconf 88' lang='lat' dir='ltr'>Istorum</span> <span class='ocrx_word' id='word_1_14' title='bbox 689 496 878 538; x_wconf 88' lang='lat' dir='ltr'>duorum</span> <span class='ocrx_word' id='word_1_15' title='bbox 901 505 1164 549; x_wconf 80' lang='lat' dir='ltr'>organorum</span> <span class='ocrx_word' id='word_1_16' title='bbox 1197 489 1485 542; x_wconf 88' lang='lat' dir='ltr'>musicorum,</span> <span class='ocrx_word' id='word_1_17' title='bbox 1518 498 1562 532; x_wconf 90' lang='lat' dir='ltr'>et</span> <span class='ocrx_word' id='word_1_18' title='bbox 1593 487 1782 547; x_wconf 86' lang='lat' dir='ltr'>psalterii</span> <span class='ocrx_word' id='word_1_19' title='bbox 1819 496 1862 531; x_wconf 91' lang='lat' dir='ltr'>ct</span> 
     </span>
     <span class='ocr_line' id='line_1_4' title="bbox 475 557 1862 619; baseline -0.007 -8"><span class='ocrx_word' id='word_1_20' title='bbox 475 567 650 611; x_wconf 75' lang='lat' dir='ltr'>citharae</span> <span class='ocrx_word' id='word_1_21' title='bbox 675 566 765 609; x_wconf 86' lang='lat' dir='ltr'>haec</span> <span class='ocrx_word' id='word_1_22' title='bbox 781 562 1027 607; x_wconf 83' lang='lat' dir='ltr'>differentia</span> <span class='ocrx_word' id='word_1_23' title='bbox 1047 569 1109 604; x_wconf 90' lang='lat' dir='ltr'>est</span> <span class='ocrx_word' id='word_1_24' title='bbox 1129 595 1139 614; x_wconf 84' lang='lat'>‚</span> <span class='ocrx_word' id='word_1_25' title='bbox 1166 559 1285 619; x_wconf 88' lang='lat' dir='ltr'>quod</span> <span class='ocrx_word' id='word_1_26' title='bbox 1307 559 1554 618; x_wconf 80' lang='lat' dir='ltr'>psalterium</span> <span class='ocrx_word' id='word_1_27' title='bbox 1570 558 1738 618; x_wconf 82' lang='lat' dir='ltr'>lignum</span> <span class='ocrx_word' id='word_1_28' title='bbox 1751 557 1862 602; x_wconf 86' lang='lat' dir='ltr'>illud</span> 
     </span>
     <span class='ocr_line' id='line_1_5' title="bbox 476 629 1862 689; baseline -0.006 -8"><span class='ocrx_word' id='word_1_29' title='bbox 476 651 715 681; x_wconf 85' lang='lat' dir='ltr'>concavum</span> <span class='ocrx_word' id='word_1_30' title='bbox 729 670 739 689; x_wconf 82' lang='lat'>‚</span> <span class='ocrx_word' id='word_1_31' title='bbox 766 634 886 678; x_wconf 89' lang='lat' dir='ltr'>unde</span> <span class='ocrx_word' id='word_1_32' title='bbox 908 648 1077 676; x_wconf 65' lang='lat' dir='ltr'>canorae</span> <span class='ocrx_word' id='word_1_33' title='bbox 1100 631 1276 675; x_wconf 65' lang='lat' dir='ltr'>chordae</span> <span class='ocrx_word' id='word_1_34' title='bbox 1290 629 1550 684; x_wconf 80' lang='lat' dir='ltr'>redduntur,</span> <span class='ocrx_word' id='word_1_35' title='bbox 1577 631 1621 673; x_wconf 88' lang='lat' dir='ltr'>in</span> <span class='ocrx_word' id='word_1_36' title='bbox 1643 629 1862 689; x_wconf 82' lang='lat' dir='ltr'>superiore</span> 
     </span>
     <span class='ocr_line' id='line_1_6' title="bbox 474 700 1863 766; baseline -0.004 -16"><span class='ocrx_word' id='word_1_37' title='bbox 474 716 596 766; x_wconf 89' lang='lat' dir='ltr'>parte</span> <span class='ocrx_word' id='word_1_38' title='bbox 624 705 756 749; x_wconf 87' lang='lat' dir='ltr'>habet</span> <span class='ocrx_word' id='word_1_39' title='bbox 777 723 785 748; x_wconf 90' lang='lat'>:</span> <span class='ocrx_word' id='word_1_40' title='bbox 807 704 1009 747; x_wconf 89' lang='lat' dir='ltr'>deorsum</span> <span class='ocrx_word' id='word_1_41' title='bbox 1042 701 1259 746; x_wconf 83' lang='lat' dir='ltr'>feriuntur</span> <span class='ocrx_word' id='word_1_42' title='bbox 1286 701 1462 746; x_wconf 85' lang='lat' dir='ltr'>chordae</span> <span class='ocrx_word' id='word_1_43' title='bbox 1480 736 1491 755; x_wconf 84' lang='lat'>‚</span> <span class='ocrx_word' id='word_1_44' title='bbox 1516 710 1567 745; x_wconf 91' lang='lat' dir='ltr'>ut</span> <span class='ocrx_word' id='word_1_45' title='bbox 1584 700 1770 760; x_wconf 80' lang='lat' dir='ltr'>desuper</span> <span class='ocrx_word' id='word_1_46' title='bbox 1791 716 1863 744; x_wconf 89' lang='lat' dir='ltr'>so-</span> 
     </span>
     <span class='ocr_line' id='line_1_7' title="bbox 475 771 1865 831; baseline -0.002 -12"><span class='ocrx_word' id='word_1_47' title='bbox 475 785 596 820; x_wconf 85' lang='lat' dir='ltr'>nent.</span> <span class='ocrx_word' id='word_1_48' title='bbox 629 778 678 818; x_wconf 88' lang='lat' dir='ltr'>In</span> <span class='ocrx_word' id='word_1_49' title='bbox 700 775 862 818; x_wconf 81' lang='lat' dir='ltr'>cithara</span> <span class='ocrx_word' id='word_1_50' title='bbox 888 789 991 818; x_wconf 86' lang='lat' dir='ltr'>vero</span> <span class='ocrx_word' id='word_1_51' title='bbox 1018 773 1111 817; x_wconf 83' lang='lat' dir='ltr'>haec</span> <span class='ocrx_word' id='word_1_52' title='bbox 1135 772 1285 817; x_wconf 87' lang='lat' dir='ltr'>eadem</span> <span class='ocrx_word' id='word_1_53' title='bbox 1309 772 1552 817; x_wconf 81' lang='lat' dir='ltr'>concavitas</span> <span class='ocrx_word' id='word_1_54' title='bbox 1576 771 1680 830; x_wconf 85' lang='lat' dir='ltr'>ligni</span> <span class='ocrx_word' id='word_1_55' title='bbox 1698 780 1865 831; x_wconf 85' lang='lat' dir='ltr'>partem</span> 
     </span>
     <span class='ocr_line' id='line_1_8' title="bbox 474 841 1862 903; baseline -0.004 -13"><span class='ocrx_word' id='word_1_56' title='bbox 474 845 722 890; x_wconf 88' lang='lat' dir='ltr'>inferiorem</span> <span class='ocrx_word' id='word_1_57' title='bbox 739 853 858 888; x_wconf 86' lang='lat' dir='ltr'>tenet</span> <span class='ocrx_word' id='word_1_58' title='bbox 884 863 893 889; x_wconf 73' lang='grc' dir='ltr'>ε</span> <span class='ocrx_word' id='word_1_59' title='bbox 913 852 1123 903; x_wconf 83' lang='lat' dir='ltr'>tanquam</span> <span class='ocrx_word' id='word_1_60' title='bbox 1141 841 1252 887; x_wconf 83' lang='lat' dir='ltr'>illud</span> <span class='ocrx_word' id='word_1_61' title='bbox 1273 844 1326 887; x_wconf 84' lang='lat' dir='ltr'>sit</span> <span class='ocrx_word' id='word_1_62' title='bbox 1340 844 1394 888; x_wconf 86' lang='lat' dir='ltr'>de</span> <span class='ocrx_word' id='word_1_63' title='bbox 1413 842 1540 896; x_wconf 84' lang='lat' dir='ltr'>coelo,</span> <span class='ocrx_word' id='word_1_64' title='bbox 1564 843 1646 886; x_wconf 91' lang='lat' dir='ltr'>hoc</span> <span class='ocrx_word' id='word_1_65' title='bbox 1663 841 1718 885; x_wconf 86' lang='lat' dir='ltr'>de</span> <span class='ocrx_word' id='word_1_66' title='bbox 1734 850 1862 885; x_wconf 87' lang='lat' dir='ltr'>terra.</span> 
     </span>
     <span class='ocr_line' id='line_1_9' title="bbox 476 912 1867 974; baseline -0.004 -13"><span class='ocrx_word' id='word_1_67' title='bbox 476 916 673 961; x_wconf 80' lang='lat' dir='ltr'>Coelestis</span> <span class='ocrx_word' id='word_1_68' title='bbox 689 916 804 959; x_wconf 89' lang='lat' dir='ltr'>enim</span> <span class='ocrx_word' id='word_1_69' title='bbox 829 924 891 959; x_wconf 89' lang='lat' dir='ltr'>est</span> <span class='ocrx_word' id='word_1_70' title='bbox 910 914 1164 974; x_wconf 79' lang='lat' dir='ltr'>praedicatio</span> <span class='ocrx_word' id='word_1_71' title='bbox 1186 914 1306 958; x_wconf 88' lang='lat' dir='ltr'>verbi</span> <span class='ocrx_word' id='word_1_72' title='bbox 1321 914 1412 958; x_wconf 87' lang='lat' dir='ltr'>Dei.</span> <span class='ocrx_word' id='word_1_73' title='bbox 1437 913 1521 958; x_wconf 87' lang='lat' dir='ltr'>Sed</span> <span class='ocrx_word' id='word_1_74' title='bbox 1537 912 1570 956; x_wconf 85' lang='lat' dir='ltr'>si</span> <span class='ocrx_word' id='word_1_75' title='bbox 1593 920 1867 971; x_wconf 83' lang='lat' dir='ltr'>expectamus</span> 
     </span>
     <span class='ocr_line' id='line_1_10' title="bbox 475 981 1868 1043; baseline -0.004 -12"><span class='ocrx_word' id='word_1_76' title='bbox 475 986 688 1040; x_wconf 83' lang='lat' dir='ltr'>coelestia,</span> <span class='ocrx_word' id='word_1_77' title='bbox 705 1002 795 1029; x_wconf 91' lang='lat' dir='ltr'>non</span> <span class='ocrx_word' id='word_1_78' title='bbox 812 986 943 1030; x_wconf 90' lang='lat' dir='ltr'>simus</span> <span class='ocrx_word' id='word_1_79' title='bbox 959 984 1070 1043; x_wconf 81' lang='lat' dir='ltr'>pigri</span> <span class='ocrx_word' id='word_1_80' title='bbox 1084 984 1137 1028; x_wconf 86' lang='lat' dir='ltr'>ad</span> <span class='ocrx_word' id='word_1_81' title='bbox 1153 983 1371 1043; x_wconf 86' lang='lat' dir='ltr'>operanda</span> <span class='ocrx_word' id='word_1_82' title='bbox 1387 994 1556 1028; x_wconf 85' lang='lat' dir='ltr'>terrena</span> <span class='ocrx_word' id='word_1_83' title='bbox 1572 1004 1582 1041; x_wconf 77' lang='lat'><em>3</em></span> <span class='ocrx_word' id='word_1_84' title='bbox 1597 983 1698 1043; x_wconf 85' lang='lat' dir='ltr'>quia</span> <span class='ocrx_word' id='word_1_85' title='bbox 1715 1002 1734 1025; x_wconf 87' lang='lat'>«</span> <span class='ocrx_word' id='word_1_86' title='bbox 1747 981 1868 1027; x_wconf 88' lang='lat' dir='ltr'>Psal-</span> 
     </span>
     <span class='ocr_line' id='line_1_11' title="bbox 481 1053 1867 1118; baseline -0.002 -18"><span class='ocrx_word' id='word_1_87' title='bbox 481 1077 501 1100; x_wconf 84' lang='lat'>»</span> <span class='ocrx_word' id='word_1_88' title='bbox 537 1059 694 1103; x_wconf 87' lang='lat' dir='ltr'>terium</span> <span class='ocrx_word' id='word_1_89' title='bbox 720 1057 969 1118; x_wconf 87' lang='lat' dir='ltr'>jucundum</span> <span class='ocrx_word' id='word_1_90' title='bbox 990 1092 1001 1111; x_wconf 85' lang='lat'>‚</span> <span class='ocrx_word' id='word_1_91' title='bbox 1039 1054 1114 1100; x_wconf 91' lang='lat' dir='ltr'>sed</span> <span class='ocrx_word' id='word_1_92' title='bbox 1143 1071 1242 1099; x_wconf 87' lang='lat' dir='ltr'>cum</span> <span class='ocrx_word' id='word_1_93' title='bbox 1266 1055 1445 1100; x_wconf 85' lang='lat' dir='ltr'>cithara.</span> <span class='ocrx_word' id='word_1_94' title='bbox 1473 1075 1489 1096; x_wconf 89' lang='lat'>»</span> <span class='ocrx_word' id='word_1_95' title='bbox 1516 1057 1609 1098; x_wconf 90' lang='lat' dir='ltr'>Hoc</span> <span class='ocrx_word' id='word_1_96' title='bbox 1628 1054 1712 1099; x_wconf 86' lang='lat' dir='ltr'>alio</span> <span class='ocrx_word' id='word_1_97' title='bbox 1735 1053 1867 1097; x_wconf 90' lang='lat' dir='ltr'>modo</span> 
     </span>
     <span class='ocr_line' id='line_1_12' title="bbox 480 1124 1868 1189; baseline -0.005 -15"><span class='ocrx_word' id='word_1_98' title='bbox 480 1130 646 1174; x_wconf 82' lang='lat' dir='ltr'>dictum</span> <span class='ocrx_word' id='word_1_99' title='bbox 671 1138 735 1173; x_wconf 90' lang='lat' dir='ltr'>cst</span> <span class='ocrx_word' id='word_1_100' title='bbox 748 1128 866 1189; x_wconf 84' lang='lat' dir='ltr'>quod</span> <span class='ocrx_word' id='word_1_101' title='bbox 891 1143 1019 1187; x_wconf 81' lang='lat' dir='ltr'>supra</span> <span class='ocrx_word' id='word_1_102' title='bbox 1046 1146 1055 1171; x_wconf 87' lang='lat'>:</span> <span class='ocrx_word' id='word_1_103' title='bbox 1085 1127 1312 1186; x_wconf 78' lang='lat' dir='ltr'>«Accipite</span> <span class='ocrx_word' id='word_1_104' title='bbox 1334 1126 1571 1185; x_wconf 81' lang='lat' dir='ltr'>psalmum,</span> <span class='ocrx_word' id='word_1_105' title='bbox 1586 1134 1629 1169; x_wconf 91' lang='lat' dir='ltr'>et</span> <span class='ocrx_word' id='word_1_106' title='bbox 1641 1124 1739 1168; x_wconf 81' lang='lat' dir='ltr'>date</span> <span class='ocrx_word' id='word_1_107' title='bbox 1753 1133 1868 1182; x_wconf 81' lang='lat' dir='ltr'>tym-</span> 
     </span>
     <span class='ocr_line' id='line_1_13' title="bbox 482 1196 1868 1260; baseline -0.002 -19"><span class='ocrx_word' id='word_1_108' title='bbox 482 1219 502 1241; x_wconf 90' lang='lat'>»</span> <span class='ocrx_word' id='word_1_109' title='bbox 538 1216 702 1260; x_wconf 82' lang='lat' dir='ltr'>panum</span> <span class='ocrx_word' id='word_1_110' title='bbox 740 1219 748 1244; x_wconf 70' lang='lat' dir='ltr'><strong><em>z</em></strong></span> <span class='ocrx_word' id='word_1_111' title='bbox 789 1217 809 1241; x_wconf 88' lang='lat'>»</span> <span class='ocrx_word' id='word_1_112' title='bbox 838 1199 909 1243; x_wconf 89' lang='lat' dir='ltr'>hic</span> <span class='ocrx_word' id='word_1_113' title='bbox 934 1214 1014 1258; x_wconf 88' lang='lat' dir='ltr'>pro</span> <span class='ocrx_word' id='word_1_114' title='bbox 1041 1196 1208 1257; x_wconf 83' lang='lat' dir='ltr'>psalmo</span> <span class='ocrx_word' id='word_1_115' title='bbox 1248 1197 1521 1256; x_wconf 83' lang='lat' dir='ltr'>psalterium,</span> <span class='ocrx_word' id='word_1_116' title='bbox 1549 1212 1628 1256; x_wconf 91' lang='lat' dir='ltr'>pro</span> <span class='ocrx_word' id='word_1_117' title='bbox 1659 1204 1868 1254; x_wconf 88' lang='lat' dir='ltr'>tympano</span> 
     </span>
     <span class='ocr_line' id='line_1_14' title="bbox 478 1265 1869 1330; baseline -0.004 -16"><span class='ocrx_word' id='word_1_118' title='bbox 478 1272 642 1315; x_wconf 82' lang='lat' dir='ltr'>cithara</span> <span class='ocrx_word' id='word_1_119' title='bbox 666 1271 804 1330; x_wconf 87' lang='lat' dir='ltr'>posita</span> <span class='ocrx_word' id='word_1_120' title='bbox 823 1279 901 1314; x_wconf 83' lang='lat' dir='ltr'>est.</span> <span class='ocrx_word' id='word_1_121' title='bbox 927 1272 1020 1313; x_wconf 90' lang='lat' dir='ltr'>Hoc</span> <span class='ocrx_word' id='word_1_122' title='bbox 1043 1278 1190 1312; x_wconf 84' lang='lat' dir='ltr'>tamen</span> <span class='ocrx_word' id='word_1_123' title='bbox 1207 1267 1418 1312; x_wconf 79' lang='lat' dir='ltr'>admoniti</span> <span class='ocrx_word' id='word_1_124' title='bbox 1440 1282 1609 1322; x_wconf 87' lang='lat' dir='ltr'>sumus,</span> <span class='ocrx_word' id='word_1_125' title='bbox 1636 1276 1684 1311; x_wconf 91' lang='lat' dir='ltr'>ut</span> <span class='ocrx_word' id='word_1_126' title='bbox 1707 1265 1869 1325; x_wconf 83' lang='lat' dir='ltr'>praedi-</span> 
     </span>
     <span class='ocr_line' id='line_1_15' title="bbox 477 1338 1805 1399; baseline -0.004 -13"><span class='ocrx_word' id='word_1_127' title='bbox 477 1343 638 1386; x_wconf 84' lang='lat' dir='ltr'>cationi</span> <span class='ocrx_word' id='word_1_128' title='bbox 661 1342 783 1386; x_wconf 88' lang='lat' dir='ltr'>verbi</span> <span class='ocrx_word' id='word_1_129' title='bbox 807 1341 885 1385; x_wconf 90' lang='lat' dir='ltr'>Dei</span> <span class='ocrx_word' id='word_1_130' title='bbox 907 1340 1204 1399; x_wconf 81' lang='lat' dir='ltr'>corporalibus</span> <span class='ocrx_word' id='word_1_131' title='bbox 1226 1338 1563 1399; x_wconf 85' lang='lat' dir='ltr'>respondeamus</span> <span class='ocrx_word' id='word_1_132' title='bbox 1586 1338 1805 1398; x_wconf 87' lang='lat' dir='ltr'>operibus.</span> 
     </span>
    </p>

    <p class='ocr_par' dir='ltr' id='par_1_3' title="bbox 479 1408 1870 2160">
     <span class='ocr_line' id='line_1_16' title="bbox 537 1408 1869 1467; baseline -0.003 -12"><span class='ocrx_word' id='word_1_133' title='bbox 537 1413 614 1455; x_wconf 90' lang='lat' dir='ltr'>VI.</span> <span class='ocrx_word' id='word_1_134' title='bbox 645 1431 664 1454; x_wconf 92' lang='lat'>«</span> <span class='ocrx_word' id='word_1_135' title='bbox 693 1411 817 1455; x_wconf 85' lang='lat' dir='ltr'>Tuba</span> <span class='ocrx_word' id='word_1_136' title='bbox 837 1411 1020 1455; x_wconf 82' lang='lat' dir='ltr'>canite1.</span> <span class='ocrx_word' id='word_1_137' title='bbox 1043 1429 1064 1452; x_wconf 75' lang='lat' dir='ltr'>n</span> <span class='ocrx_word' id='word_1_138' title='bbox 1091 1414 1183 1455; x_wconf 88' lang='lat' dir='ltr'>Hoc</span> <span class='ocrx_word' id='word_1_139' title='bbox 1206 1420 1270 1454; x_wconf 88' lang='lat' dir='ltr'>est</span> <span class='ocrx_word' id='word_1_140' title='bbox 1287 1445 1297 1464; x_wconf 80' lang='grc'>,</span> <span class='ocrx_word' id='word_1_141' title='bbox 1318 1408 1474 1454; x_wconf 85' lang='lat' dir='ltr'>clarius</span> <span class='ocrx_word' id='word_1_142' title='bbox 1492 1418 1534 1452; x_wconf 88' lang='lat' dir='ltr'>et</span> <span class='ocrx_word' id='word_1_143' title='bbox 1549 1408 1752 1452; x_wconf 83' lang='lat' dir='ltr'>fidentius</span> <span class='ocrx_word' id='word_1_144' title='bbox 1763 1423 1869 1467; x_wconf 80' lang='lat' dir='ltr'>prae-</span> 
     </span>
     <span class='ocr_line' id='line_1_17' title="bbox 479 1477 1866 1538; baseline -0.003 -13"><span class='ocrx_word' id='word_1_145' title='bbox 479 1480 621 1525; x_wconf 85' lang='lat' dir='ltr'>dicate</span> <span class='ocrx_word' id='word_1_146' title='bbox 636 1516 647 1536; x_wconf 81' lang='lat'>‚</span> <span class='ocrx_word' id='word_1_147' title='bbox 680 1497 735 1525; x_wconf 91' lang='lat' dir='ltr'>ne</span> <span class='ocrx_word' id='word_1_148' title='bbox 758 1481 1005 1525; x_wconf 86' lang='lat' dir='ltr'>terreamini</span> <span class='ocrx_word' id='word_1_149' title='bbox 1032 1499 1041 1525; x_wconf 68' lang='grc' dir='ltr'>ι</span> <span class='ocrx_word' id='word_1_150' title='bbox 1072 1481 1184 1525; x_wconf 87' lang='lat' dir='ltr'>sicut</span> <span class='ocrx_word' id='word_1_151' title='bbox 1211 1481 1270 1524; x_wconf 89' lang='lat' dir='ltr'>ait</span> <span class='ocrx_word' id='word_1_152' title='bbox 1285 1480 1500 1538; x_wconf 83' lang='lat' dir='ltr'>Propheta</span> <span class='ocrx_word' id='word_1_153' title='bbox 1519 1478 1710 1538; x_wconf 83' lang='lat' dir='ltr'>quodam</span> <span class='ocrx_word' id='word_1_154' title='bbox 1733 1477 1830 1522; x_wconf 90' lang='lat' dir='ltr'>loco</span> <span class='ocrx_word' id='word_1_155' title='bbox 1857 1497 1866 1521; x_wconf 91' lang='lat'><strong>:</strong></span> 
     </span>
     <span class='ocr_line' id='line_1_18' title="bbox 483 1548 1869 1606; baseline -0.001 -12"><span class='ocrx_word' id='word_1_156' title='bbox 483 1570 504 1594; x_wconf 87' lang='lat'>«</span> <span class='ocrx_word' id='word_1_157' title='bbox 538 1550 740 1595; x_wconf 83' lang='lat' dir='ltr'>Exclama</span> <span class='ocrx_word' id='word_1_158' title='bbox 754 1587 769 1606; x_wconf 84' lang='grc'>,</span> <span class='ocrx_word' id='word_1_159' title='bbox 789 1561 833 1595; x_wconf 90' lang='lat' dir='ltr'>et</span> <span class='ocrx_word' id='word_1_160' title='bbox 853 1550 991 1595; x_wconf 85' lang='lat' dir='ltr'>exalta</span> <span class='ocrx_word' id='word_1_161' title='bbox 1013 1551 1124 1595; x_wconf 89' lang='lat' dir='ltr'>sicut</span> <span class='ocrx_word' id='word_1_162' title='bbox 1147 1550 1250 1595; x_wconf 83' lang='lat' dir='ltr'>tuba</span> <span class='ocrx_word' id='word_1_163' title='bbox 1272 1565 1422 1594; x_wconf 89' lang='lat' dir='ltr'>vocem</span> <span class='ocrx_word' id='word_1_164' title='bbox 1447 1552 1610 1593; x_wconf 72' lang='lat' dir='ltr'>tuam2.</span> <span class='ocrx_word' id='word_1_165' title='bbox 1639 1548 1762 1592; x_wconf 86' lang='lat' dir='ltr'>Tuba</span> <span class='ocrx_word' id='word_1_166' title='bbox 1795 1563 1869 1592; x_wconf 84' lang='lat' dir='ltr'>ca-</span> 
     </span>
     <span class='ocr_line' id='line_1_19' title="bbox 484 1619 1869 1679; baseline -0.001 -17"><span class='ocrx_word' id='word_1_167' title='bbox 484 1639 503 1662; x_wconf 87' lang='lat'>»</span> <span class='ocrx_word' id='word_1_168' title='bbox 539 1621 629 1665; x_wconf 86' lang='lat' dir='ltr'>nite</span> <span class='ocrx_word' id='word_1_169' title='bbox 646 1621 691 1665; x_wconf 89' lang='lat' dir='ltr'>in</span> <span class='ocrx_word' id='word_1_170' title='bbox 704 1621 826 1666; x_wconf 86' lang='lat' dir='ltr'>initio</span> <span class='ocrx_word' id='word_1_171' title='bbox 843 1622 1002 1666; x_wconf 89' lang='lat' dir='ltr'>mensis</span> <span class='ocrx_word' id='word_1_172' title='bbox 1024 1621 1158 1665; x_wconf 82' lang='lat' dir='ltr'>tubae.</span> <span class='ocrx_word' id='word_1_173' title='bbox 1188 1640 1207 1662; x_wconf 69' lang='grc' dir='ltr'><strong>η</strong></span> <span class='ocrx_word' id='word_1_174' title='bbox 1230 1624 1502 1679; x_wconf 81' lang='lat' dir='ltr'>Praeceptum</span> <span class='ocrx_word' id='word_1_175' title='bbox 1524 1620 1730 1663; x_wconf 85' lang='lat' dir='ltr'>eratutin</span> <span class='ocrx_word' id='word_1_176' title='bbox 1746 1619 1869 1662; x_wconf 84' lang='lat' dir='ltr'>initio</span> 
     </span>
     <span class='ocr_line' id='line_1_20' title="bbox 480 1689 1869 1750; baseline -0.001 -15"><span class='ocrx_word' id='word_1_177' title='bbox 480 1693 639 1736; x_wconf 87' lang='lat' dir='ltr'>mensis</span> <span class='ocrx_word' id='word_1_178' title='bbox 661 1692 769 1736; x_wconf 87' lang='lat' dir='ltr'>tuba</span> <span class='ocrx_word' id='word_1_179' title='bbox 790 1701 1019 1737; x_wconf 84' lang='lat' dir='ltr'>caneretur</span> <span class='ocrx_word' id='word_1_180' title='bbox 1040 1712 1048 1737; x_wconf 88' lang='lat'>:</span> <span class='ocrx_word' id='word_1_181' title='bbox 1070 1699 1113 1736; x_wconf 81' lang='lat' dir='ltr'>et</span> <span class='ocrx_word' id='word_1_182' title='bbox 1131 1693 1215 1736; x_wconf 92' lang='lat' dir='ltr'>hoc</span> <span class='ocrx_word' id='word_1_183' title='bbox 1248 1706 1387 1750; x_wconf 86' lang='lat' dir='ltr'>usque</span> <span class='ocrx_word' id='word_1_184' title='bbox 1409 1700 1527 1734; x_wconf 85' lang='lat' dir='ltr'>nunc</span> <span class='ocrx_word' id='word_1_185' title='bbox 1549 1689 1690 1734; x_wconf 80' lang='lat' dir='ltr'>Judaei</span> <span class='ocrx_word' id='word_1_186' title='bbox 1711 1704 1869 1748; x_wconf 84' lang='lat' dir='ltr'>corpo-</span> 
     </span>
     <span class='ocr_line' id='line_1_21' title="bbox 480 1760 1868 1822; baseline -0.003 -15"><span class='ocrx_word' id='word_1_187' title='bbox 480 1761 627 1807; x_wconf 80' lang='lat' dir='ltr'>raliter</span> <span class='ocrx_word' id='word_1_188' title='bbox 647 1763 842 1818; x_wconf 80' lang='lat' dir='ltr'>faciunt,</span> <span class='ocrx_word' id='word_1_189' title='bbox 869 1763 1119 1822; x_wconf 87' lang='lat' dir='ltr'>spiritaliter</span> <span class='ocrx_word' id='word_1_190' title='bbox 1140 1779 1230 1807; x_wconf 93' lang='lat' dir='ltr'>non</span> <span class='ocrx_word' id='word_1_191' title='bbox 1263 1761 1528 1820; x_wconf 80' lang='lat' dir='ltr'>intelligunt.</span> <span class='ocrx_word' id='word_1_192' title='bbox 1551 1760 1731 1804; x_wconf 89' lang='lat' dir='ltr'>Initium</span> <span class='ocrx_word' id='word_1_193' title='bbox 1755 1761 1868 1804; x_wconf 89' lang='lat' dir='ltr'>enim</span> 
     </span>
     <span class='ocr_line' id='line_1_22' title="bbox 479 1831 1870 1888; baseline -0.002 -11"><span class='ocrx_word' id='word_1_194' title='bbox 479 1834 636 1878; x_wconf 87' lang='lat' dir='ltr'>mensis</span> <span class='ocrx_word' id='word_1_195' title='bbox 651 1869 661 1888; x_wconf 85' lang='lat'>‚</span> <span class='ocrx_word' id='word_1_196' title='bbox 683 1849 794 1878; x_wconf 88' lang='lat' dir='ltr'>nova</span> <span class='ocrx_word' id='word_1_197' title='bbox 816 1833 922 1878; x_wconf 83' lang='lat' dir='ltr'>luna</span> <span class='ocrx_word' id='word_1_198' title='bbox 944 1844 1009 1878; x_wconf 87' lang='lat' dir='ltr'>est</span> <span class='ocrx_word' id='word_1_199' title='bbox 1034 1853 1042 1878; x_wconf 91' lang='lat'>:</span> <span class='ocrx_word' id='word_1_200' title='bbox 1065 1850 1177 1878; x_wconf 87' lang='lat' dir='ltr'>nova</span> <span class='ocrx_word' id='word_1_201' title='bbox 1198 1833 1302 1877; x_wconf 85' lang='lat' dir='ltr'>luna</span> <span class='ocrx_word' id='word_1_202' title='bbox 1317 1868 1327 1886; x_wconf 78' lang='grc'>,</span> <span class='ocrx_word' id='word_1_203' title='bbox 1345 1848 1456 1876; x_wconf 87' lang='lat' dir='ltr'>nova</span> <span class='ocrx_word' id='word_1_204' title='bbox 1472 1833 1559 1876; x_wconf 85' lang='lat' dir='ltr'>vita</span> <span class='ocrx_word' id='word_1_205' title='bbox 1575 1840 1651 1876; x_wconf 85' lang='lat' dir='ltr'>est.</span> <span class='ocrx_word' id='word_1_206' title='bbox 1678 1831 1794 1884; x_wconf 85' lang='lat' dir='ltr'>Quid</span> <span class='ocrx_word' id='word_1_207' title='bbox 1807 1839 1870 1874; x_wconf 89' lang='lat' dir='ltr'>est</span> 
     </span>
     <span class='ocr_line' id='line_1_23' title="bbox 479 1903 1865 1965; baseline -0.004 -17"><span class='ocrx_word' id='word_1_208' title='bbox 479 1919 591 1948; x_wconf 87' lang='lat' dir='ltr'>nova</span> <span class='ocrx_word' id='word_1_209' title='bbox 621 1904 751 1949; x_wconf 82' lang='lat' dir='ltr'>luna?</span> <span class='ocrx_word' id='word_1_210' title='bbox 774 1905 858 1951; x_wconf 89' lang='lat' dir='ltr'>«Si</span> <span class='ocrx_word' id='word_1_211' title='bbox 886 1921 973 1965; x_wconf 88' lang='lat' dir='ltr'>qua</span> <span class='ocrx_word' id='word_1_212' title='bbox 1005 1905 1139 1963; x_wconf 79' lang='lat' dir='ltr'>igitur</span> <span class='ocrx_word' id='word_1_213' title='bbox 1164 1905 1209 1948; x_wconf 90' lang='lat' dir='ltr'>in</span> <span class='ocrx_word' id='word_1_214' title='bbox 1232 1904 1403 1949; x_wconf 87' lang='lat' dir='ltr'>Christo</span> <span class='ocrx_word' id='word_1_215' title='bbox 1439 1903 1815 1946; x_wconf 66' lang='lat' dir='ltr'>nova&#39;creaturass.</span> <span class='ocrx_word' id='word_1_216' title='bbox 1845 1920 1865 1942; x_wconf 93' lang='lat'>»</span> 
     </span>
     <span class='ocr_line' id='line_1_24' title="bbox 481 1972 1868 2028; baseline -0.002 -10"><span class='ocrx_word' id='word_1_217' title='bbox 481 1973 594 2028; x_wconf 88' lang='lat' dir='ltr'>Quid</span> <span class='ocrx_word' id='word_1_218' title='bbox 627 1983 694 2019; x_wconf 76' lang='lat' dir='ltr'>cst</span> <span class='ocrx_word' id='word_1_219' title='bbox 716 1993 724 2020; x_wconf 94' lang='lat'>:</span> <span class='ocrx_word' id='word_1_220' title='bbox 755 1994 774 2017; x_wconf 77' lang='grc' dir='ltr'>α</span> <span class='ocrx_word' id='word_1_221' title='bbox 803 1976 926 2019; x_wconf 84' lang='lat' dir='ltr'>Tuba</span> <span class='ocrx_word' id='word_1_222' title='bbox 951 1976 1093 2019; x_wconf 86' lang='lat' dir='ltr'>canite</span> <span class='ocrx_word' id='word_1_223' title='bbox 1113 1975 1159 2018; x_wconf 88' lang='lat' dir='ltr'>in</span> <span class='ocrx_word' id='word_1_224' title='bbox 1181 1974 1304 2018; x_wconf 87' lang='lat' dir='ltr'>initio</span> <span class='ocrx_word' id='word_1_225' title='bbox 1327 1973 1484 2017; x_wconf 86' lang='lat' dir='ltr'>mensis</span> <span class='ocrx_word' id='word_1_226' title='bbox 1508 1972 1685 2017; x_wconf 68' lang='lat' dir='ltr'>tubae4?</span> <span class='ocrx_word' id='word_1_227' title='bbox 1710 1990 1731 2013; x_wconf 72' lang='lat' dir='ltr'>n</span> <span class='ocrx_word' id='word_1_228' title='bbox 1757 1974 1868 2017; x_wconf 88' lang='lat' dir='ltr'>Cum</span> 
     </span>
     <span class='ocr_line' id='line_1_25' title="bbox 480 2044 1869 2105; baseline -0.002 -15"><span class='ocrx_word' id='word_1_229' title='bbox 480 2054 571 2090; x_wconf 89' lang='lat' dir='ltr'>tota</span> <span class='ocrx_word' id='word_1_230' title='bbox 594 2045 754 2090; x_wconf 86' lang='lat' dir='ltr'>fiducia</span> <span class='ocrx_word' id='word_1_231' title='bbox 777 2061 936 2090; x_wconf 85' lang='lat' dir='ltr'>novam</span> <span class='ocrx_word' id='word_1_232' title='bbox 953 2047 1086 2091; x_wconf 85' lang='lat' dir='ltr'>vitam</span> <span class='ocrx_word' id='word_1_233' title='bbox 1103 2045 1338 2105; x_wconf 84' lang='lat' dir='ltr'>praedicate</span> <span class='ocrx_word' id='word_1_234' title='bbox 1355 2080 1365 2099; x_wconf 91' lang='lat'>‚</span> <span class='ocrx_word' id='word_1_235' title='bbox 1390 2044 1620 2104; x_wconf 86' lang='lat' dir='ltr'>strepitum</span> <span class='ocrx_word' id='word_1_236' title='bbox 1638 2044 1738 2089; x_wconf 86' lang='lat' dir='ltr'>vitae</span> <span class='ocrx_word' id='word_1_237' title='bbox 1748 2052 1869 2088; x_wconf 83' lang='lat' dir='ltr'>vete-</span> 
     </span>
     <span class='ocr_line' id='line_1_26' title="bbox 480 2116 919 2160; baseline 0.002 -1"><span class='ocrx_word' id='word_1_238' title='bbox 480 2116 536 2160; x_wconf 90' lang='lat' dir='ltr'>ris</span> <span class='ocrx_word' id='word_1_239' title='bbox 555 2116 689 2159; x_wconf 87' lang='lat' dir='ltr'>nolite</span> <span class='ocrx_word' id='word_1_240' title='bbox 710 2125 919 2160; x_wconf 88' lang='lat' dir='ltr'>metuere.</span> 
     </span>
    </p>

    <p class='ocr_par' dir='ltr' id='par_1_4' title="bbox 479 2184 1870 2532">
     <span class='ocr_line' id='line_1_27' title="bbox 538 2184 1869 2246; baseline -0.001 -17"><span class='ocrx_word' id='word_1_241' title='bbox 538 2188 635 2230; x_wconf 86' lang='lat' dir='ltr'>VII.</span> <span class='ocrx_word' id='word_1_242' title='bbox 667 2205 686 2228; x_wconf 87' lang='lat'>«</span> <span class='ocrx_word' id='word_1_243' title='bbox 712 2187 823 2240; x_wconf 88' lang='lat' dir='ltr'>Quia</span> <span class='ocrx_word' id='word_1_244' title='bbox 846 2196 1115 2246; x_wconf 66' lang='lat' dir='ltr'>praeceptum</span> <span class='ocrx_word' id='word_1_245' title='bbox 1131 2186 1211 2246; x_wconf 88' lang='lat' dir='ltr'>ipsi</span> <span class='ocrx_word' id='word_1_246' title='bbox 1230 2186 1361 2230; x_wconf 73' lang='lat' dir='ltr'>Israel</span> <span class='ocrx_word' id='word_1_247' title='bbox 1384 2194 1469 2240; x_wconf 81' lang='lat' dir='ltr'>est7</span> <span class='ocrx_word' id='word_1_248' title='bbox 1490 2193 1532 2228; x_wconf 91' lang='lat' dir='ltr'>et</span> <span class='ocrx_word' id='word_1_249' title='bbox 1550 2184 1765 2245; x_wconf 88' lang='lat' dir='ltr'>judicium</span> <span class='ocrx_word' id='word_1_250' title='bbox 1779 2187 1869 2229; x_wconf 88' lang='lat' dir='ltr'>Deo</span> 
     </span>
     <span class='ocr_line' id='line_1_28' title="bbox 483 2256 1868 2318; baseline 0.001 -20"><span class='ocrx_word' id='word_1_251' title='bbox 483 2276 504 2299; x_wconf 73' lang='lat' dir='ltr'>n</span> <span class='ocrx_word' id='word_1_252' title='bbox 540 2258 720 2302; x_wconf 83' lang='lat' dir='ltr'>Jacob⁵.</span> <span class='ocrx_word' id='word_1_253' title='bbox 750 2277 769 2300; x_wconf 90' lang='lat'>»</span> <span class='ocrx_word' id='word_1_254' title='bbox 803 2259 885 2303; x_wconf 90' lang='lat' dir='ltr'>Ubi</span> <span class='ocrx_word' id='word_1_255' title='bbox 907 2268 1172 2318; x_wconf 74' lang='lat' dir='ltr'>praeceptum</span> <span class='ocrx_word' id='word_1_256' title='bbox 1191 2293 1201 2311; x_wconf 89' lang='lat'><strong>‚</strong></span> <span class='ocrx_word' id='word_1_257' title='bbox 1226 2257 1530 2318; x_wconf 86' lang='lat' dir='ltr'>ibijudicium.</span> <span class='ocrx_word' id='word_1_258' title='bbox 1568 2257 1654 2310; x_wconf 88' lang='lat' dir='ltr'>Qui</span> <span class='ocrx_word' id='word_1_259' title='bbox 1682 2257 1797 2300; x_wconf 89' lang='lat' dir='ltr'>enim</span> <span class='ocrx_word' id='word_1_260' title='bbox 1824 2256 1868 2300; x_wconf 90' lang='lat' dir='ltr'>in</span> 
     </span>
     <span class='ocr_line' id='line_1_29' title="bbox 482 2328 1870 2390; baseline -0.001 -18"><span class='ocrx_word' id='word_1_261' title='bbox 482 2331 593 2386; x_wconf 83' lang='lat' dir='ltr'>Lege</span> <span class='ocrx_word' id='word_1_262' title='bbox 622 2339 913 2388; x_wconf 86' lang='lat' dir='ltr'>peccaverunt</span> <span class='ocrx_word' id='word_1_263' title='bbox 929 2365 940 2385; x_wconf 79' lang='lat'>‚</span> <span class='ocrx_word' id='word_1_264' title='bbox 976 2346 1054 2390; x_wconf 85' lang='lat' dir='ltr'>per</span> <span class='ocrx_word' id='word_1_265' title='bbox 1086 2333 1244 2387; x_wconf 78' lang='lat' dir='ltr'>Legem</span> <span class='ocrx_word' id='word_1_266' title='bbox 1276 2328 1594 2389; x_wconf 88' lang='lat' dir='ltr'>judicabuntur</span> <span class='ocrx_word' id='word_1_267' title='bbox 1614 2330 1646 2371; x_wconf 69' lang='grc'>6.</span> <span class='ocrx_word' id='word_1_268' title='bbox 1686 2331 1744 2372; x_wconf 89' lang='lat' dir='ltr'>Et</span> <span class='ocrx_word' id='word_1_269' title='bbox 1779 2328 1870 2387; x_wconf 86' lang='lat' dir='ltr'>ipse</span> 
     </span>
     <span class='ocr_line' id='line_1_30' title="bbox 479 2398 1864 2459; baseline 0.001 -17"><span class='ocrx_word' id='word_1_270' title='bbox 479 2400 684 2459; x_wconf 85' lang='lat' dir='ltr'>praecepti</span> <span class='ocrx_word' id='word_1_271' title='bbox 706 2400 832 2444; x_wconf 88' lang='lat' dir='ltr'>dator</span> <span class='ocrx_word' id='word_1_272' title='bbox 854 2401 1062 2445; x_wconf 89' lang='lat' dir='ltr'>Dominus</span> <span class='ocrx_word' id='word_1_273' title='bbox 1085 2401 1302 2454; x_wconf 72' lang='lat' dir='ltr'>Christus,</span> <span class='ocrx_word' id='word_1_274' title='bbox 1332 2399 1522 2442; x_wconf 88' lang='lat' dir='ltr'>Verbum</span> <span class='ocrx_word' id='word_1_275' title='bbox 1545 2414 1645 2443; x_wconf 86' lang='lat' dir='ltr'>caro</span> <span class='ocrx_word' id='word_1_276' title='bbox 1670 2398 1833 2443; x_wconf 84' lang='lat' dir='ltr'>factum</span> <span class='ocrx_word' id='word_1_277' title='bbox 1856 2417 1864 2443; x_wconf 92' lang='lat'>:</span> 
     </span>
     <span class='ocr_line' id='line_1_31' title="bbox 483 2469 1868 2532; baseline 0.001 -21"><span class='ocrx_word' id='word_1_278' title='bbox 483 2488 504 2511; x_wconf 89' lang='lat'>«</span> <span class='ocrx_word' id='word_1_279' title='bbox 540 2473 589 2513; x_wconf 91' lang='lat' dir='ltr'>In</span> <span class='ocrx_word' id='word_1_280' title='bbox 610 2470 850 2530; x_wconf 86' lang='lat' dir='ltr'>judicium,</span> <span class='ocrx_word' id='word_1_281' title='bbox 887 2471 1056 2532; x_wconf 86' lang='lat' dir='ltr'>inquit,</span> <span class='ocrx_word' id='word_1_282' title='bbox 1082 2471 1180 2514; x_wconf 91' lang='lat' dir='ltr'>veni</span> <span class='ocrx_word' id='word_1_283' title='bbox 1209 2471 1253 2514; x_wconf 89' lang='lat' dir='ltr'>in</span> <span class='ocrx_word' id='word_1_284' title='bbox 1290 2471 1408 2515; x_wconf 91' lang='lat' dir='ltr'>hunc</span> <span class='ocrx_word' id='word_1_285' title='bbox 1442 2470 1682 2525; x_wconf 87' lang='lat' dir='ltr'>mundum,</span> <span class='ocrx_word' id='word_1_286' title='bbox 1720 2478 1770 2513; x_wconf 92' lang='lat' dir='ltr'>ut</span> <span class='ocrx_word' id='word_1_287' title='bbox 1791 2469 1868 2529; x_wconf 87' lang='lat' dir='ltr'>qui</span> 
     </span>
    </p>
   </div>
   <div class='ocr_carea' id='block_1_3' title="bbox 479 2574 1868 2736">
    <p class='ocr_par' dir='ltr' id='par_1_5' title="bbox 479 2574 1868 2736">
     <span class='ocr_line' id='line_1_32' title="bbox 527 2574 1868 2624; baseline -0.001 -12"><span class='ocrx_word' id='word_1_288' title='bbox 527 2587 536 2603; x_wconf 78' lang='lat'>¹</span> <span class='ocrx_word' id='word_1_289' title='bbox 556 2581 633 2613; x_wconf 75' lang='lat' dir='ltr'>psal.</span> <span class='ocrx_word' id='word_1_290' title='bbox 656 2593 750 2623; x_wconf 68' lang='lat' dir='ltr'>mxx,</span> <span class='ocrx_word' id='word_1_291' title='bbox 771 2580 802 2623; x_wconf 75' lang='grc'>4</span> <span class='ocrx_word' id='word_1_292' title='bbox 833 2600 874 2605; x_wconf 81' lang='lat'>-</span> <span class='ocrx_word' id='word_1_293' title='bbox 898 2590 910 2605; x_wconf 85' lang='lat'>²</span> <span class='ocrx_word' id='word_1_294' title='bbox 928 2583 998 2614; x_wconf 81' lang='lat' dir='ltr'>Isai‘.</span> <span class='ocrx_word' id='word_1_295' title='bbox 1018 2595 1114 2624; x_wconf 70' lang='lat' dir='ltr'>Lvm,</span> <span class='ocrx_word' id='word_1_296' title='bbox 1140 2595 1167 2614; x_wconf 90' lang='lat'>1.</span> <span class='ocrx_word' id='word_1_297' title='bbox 1200 2600 1242 2605; x_wconf 91' lang='lat'><strong>—</strong></span> <span class='ocrx_word' id='word_1_298' title='bbox 1264 2580 1276 2604; x_wconf 84' lang='lat'><em>³</em></span> <span class='ocrx_word' id='word_1_299' title='bbox 1295 2591 1313 2614; x_wconf 76' lang='lat'><em>2</em></span> <span class='ocrx_word' id='word_1_300' title='bbox 1331 2585 1402 2616; x_wconf 87' lang='lat' dir='ltr'>Cor.</span> <span class='ocrx_word' id='word_1_301' title='bbox 1431 2594 1470 2620; x_wconf 87' lang='lat' dir='ltr'>v,</span> <span class='ocrx_word' id='word_1_302' title='bbox 1496 2593 1546 2624; x_wconf 65' lang='grc' dir='ltr'>ις.</span> <span class='ocrx_word' id='word_1_303' title='bbox 1567 2599 1608 2604; x_wconf 92' lang='lat'>-—</span> <span class='ocrx_word' id='word_1_304' title='bbox 1629 2580 1645 2611; x_wconf 77' lang='grc'><strong>4</strong></span> <span class='ocrx_word' id='word_1_305' title='bbox 1665 2574 1753 2614; x_wconf 73' lang='lat' dir='ltr'>H&#39;anc</span> <span class='ocrx_word' id='word_1_306' title='bbox 1770 2581 1868 2613; x_wconf 75' lang='lat' dir='ltr'>versi-</span> 
     </span>
     <span class='ocr_line' id='line_1_33' title="bbox 479 2636 1863 2682; baseline -0.001 -13"><span class='ocrx_word' id='word_1_307' title='bbox 479 2636 542 2669; x_wconf 90' lang='lat' dir='ltr'>culi</span> <span class='ocrx_word' id='word_1_308' title='bbox 569 2636 587 2679; x_wconf 72' lang='grc'>4</span> <span class='ocrx_word' id='word_1_309' title='bbox 613 2644 736 2680; x_wconf 80' lang='lat' dir='ltr'>partem</span> <span class='ocrx_word' id='word_1_310' title='bbox 766 2639 905 2681; x_wconf 78' lang='lat' dir='ltr'>omittit,</span> <span class='ocrx_word' id='word_1_311' title='bbox 934 2640 975 2671; x_wconf 87' lang='lat' dir='ltr'>In</span> <span class='ocrx_word' id='word_1_312' title='bbox 999 2639 1126 2682; x_wconf 74' lang='lat' dir='ltr'>insigni</span> <span class='ocrx_word' id='word_1_313' title='bbox 1150 2637 1203 2671; x_wconf 79' lang='lat' dir='ltr'>die</span> <span class='ocrx_word' id='word_1_314' title='bbox 1231 2639 1454 2671; x_wconf 77' lang='lat' dir='ltr'>solemnitatis</span> <span class='ocrx_word' id='word_1_315' title='bbox 1484 2646 1626 2670; x_wconf 70' lang='lat' dir='ltr'>vesu-ce.</span> <span class='ocrx_word' id='word_1_316' title='bbox 1660 2655 1702 2661; x_wconf 91' lang='lat'><em>-</em></span> <span class='ocrx_word' id='word_1_317' title='bbox 1738 2636 1752 2660; x_wconf 85' lang='lat'><em>5</em></span> <span class='ocrx_word' id='word_1_318' title='bbox 1783 2638 1863 2669; x_wconf 77' lang='lat' dir='ltr'>Psal.</span> 
     </span>
     <span class='ocr_line' id='line_1_34' title="bbox 480 2692 965 2736; baseline 0.006 -11"><span class='ocrx_word' id='word_1_319' title='bbox 480 2704 572 2735; x_wconf 71' lang='lat' dir='ltr'>Lux,</span> <span class='ocrx_word' id='word_1_320' title='bbox 589 2694 618 2726; x_wconf 87' lang='grc'>5.</span> <span class='ocrx_word' id='word_1_321' title='bbox 641 2710 682 2716; x_wconf 87' lang='grc'>-</span> <span class='ocrx_word' id='word_1_322' title='bbox 701 2692 715 2715; x_wconf 74' lang='lat'><em>⁶</em></span> <span class='ocrx_word' id='word_1_323' title='bbox 734 2696 825 2727; x_wconf 84' lang='lat' dir='ltr'>Rom.</span> <span class='ocrx_word' id='word_1_324' title='bbox 853 2706 889 2736; x_wconf 85' lang='lat'>11,</span> <span class='ocrx_word' id='word_1_325' title='bbox 914 2703 965 2728; x_wconf 78' lang='lat'>12.</span> 
     </span>
    </p>
   </div>
  </div>
 </body>
</html>
