1926 3339
397 212 639 243 ENARnAno
672 215 716 242 m
750 213 952 242 PsALMtJM
986 216 1152 242 Lxxvu.
1372 207 1420 244 31

45 300 65 323 »
100 297 218 326 nunc
239 282 330 325 sine
342 284 455 340 Lege
463 281 627 341 justitia
645 280 723 324 Dei
736 278 1007 324 manifestata
1025 289 1103 324 est.
1122 279 1205 324 Sed
1221 282 1425 340 quoniam

44 370 64 393 »
99 351 392 396 testimonium
414 350 585 394 habeta
608 352 720 407 Lege
735 359 775 393 et
792 350 1021 409 Prophetis
1039 352 1051 376 ¹
1070 385 1080 402 ,
1109 367 1128 390 »
1154 349 1254 394 ideo
1280 369 1300 392 «
1324 353 1428 396 Sus-

43 439 63 462 »
99 421 245 465 citavit
277 420 590 464 Testimonium
613 420 659 464 in
680 420 840 475 Jacob,
868 429 911 463 et
933 423 1094 479 Legem
1119 421 1264 479 posuit
1285 421 1332 464 in
1364 424 1429 465 Is-

43 510 63 533 »
99 491 202 536 rael.
229 510 250 533 »
274 494 385 537 Nam
420 499 462 534 et
483 490 595 535 illud
622 490 743 552 quod
776 501 863 535 tam
887 491 1047 551 insigni
1075 500 1118 535 et
1145 491 1277 551 pleno
1298 493 1429 536 tantis

40 562 427 622 significationibus
460 577 589 621 opere
626 562 961 607 tabernaculum
1001 562 1289 607 constitutum
1324 571 1387 607 est
1415 598 1426 618 ,

39 632 373 678 tabernaculum
397 633 649 677 Testimonii
680 633 980 689 nominatur2,
1012 634 1058 677 in
1081 649 1171 694 quo
1197 643 1289 677 erat
1311 633 1431 678 vela-

40 718 141 747 men
177 713 327 747 contra
361 719 504 748 arcam
540 704 693 763 Legis,
731 704 842 748 sicut
872 703 1071 748 velamen
1103 713 1252 748 contra
1276 703 1431 748 faciem

40 774 226 818 ministri
247 775 372 834 Legis
389 796 400 833 3
419 775 521 835 quia
543 775 588 818 in
603 774 676 818 illa
699 774 1020 834 dispensatione
1039 773 1259 834 parabolae
1271 783 1314 818 et
1335 789 1431 833 pro-

40 845 275 905 positiones
288 855 425 890 erant.
443 849 505 890 Ea
527 845 690 905 quippe
706 861 806 905 quae
823 844 1175 904 praedicabantur
1191 853 1234 888 et
1248 845 1428 899 fiebant,

41 916 190 960 velatis
227 916 615 975 significationibus
653 915 959 959 condebantur
977 951 988 971 ,
1030 924 1074 959 et
1112 931 1202 960 non
1234 915 1432 959 revelatis

40 985 464 1031 manifestationibus
484 987 791 1031 cernebantur.
816 1006 835 1028 «
852 989 965 1032 Cum
983 993 1130 1031 autem
1147 986 1365 1031 transieris
1378 986 1433 1031 ad

42 1075 66 1099 »
99 1057 320 1102 Christum
337 1093 348 1112 ,
370 1057 429 1102 ait
449 1057 682 1117 Apostolus
698 1093 709 1114 ,
730 1055 953 1102 aufe-retur
969 1057 1171 1102 velamen
1185 1059 1217 1101 3.
1245 1078 1262 1099 »
1289 1060 1433 1111 Quot-

41 1137 149 1188 quot
165 1129 279 1172 enim
293 1137 394 1172 sunt
410 1129 712 1188 promissiones
725 1128 802 1172 Dei
818 1164 827 1183 ‚
848 1128 894 1172 in
911 1127 986 1172 illo
1005 1148 1023 1169 «
1041 1128 1184 1172 Etiam
1195 1163 1204 1171 .
1223 1129 1429 1172 Amen4.»

42 1199 246 1260 Quisquis
259 1201 391 1258 igitur
402 1200 569 1244 Christo
585 1201 777 1244 adhaeret
789 1236 799 1254 ,
818 1210 962 1244 totum
982 1200 1150 1244 bonum
1168 1199 1289 1260 quod
1303 1199 1435 1243 etiam

42 1272 89 1315 in
109 1271 261 1316 litteris
286 1272 412 1331 Legis
434 1288 524 1317 non
546 1271 750 1330 intelligit
775 1272 911 1316 habet
937 1292 946 1317 ε
971 1272 1167 1332 quisquis
1196 1280 1260 1315 est
1288 1280 1435 1315 autem

43 1342 210 1388 alienus
231 1360 254 1388 a
283 1344 456 1388 Christo
472 1379 484 1398 ,
511 1358 592 1387 nec
618 1342 848 1402 intelligit,
881 1359 962 1388 nee
983 1343 1131 1387 habet.
1162 1361 1180 1383 ‹<
1205 1342 1437 1388 Suscitavit

45 1432 66 1455 »
101 1429 204 1473 ergo
220 1414 533 1475 Testimonium
553 1413 600 1457 in
613 1413 773 1468 Jacob,
789 1422 833 1457 et
850 1416 1009 1472 Legem
1028 1414 1175 1473 posuit
1188 1413 1233 1457 in
1254 1412 1432 1457 Israel.»

42 1487 165 1530 More
195 1500 274 1529 suo
306 1484 477 1544 repetit.
508 1486 619 1529 Nam
647 1483 768 1544 quod
795 1493 883 1539 est,
917 1503 937 1525 «
966 1484 1198 1528 Suscitavit
1224 1483 1437 1528 Testimo-

46 1573 67 1597 »
102 1557 251 1615 nium3
275 1574 295 1597 »
321 1556 406 1600 hoc
425 1564 516 1611 est,
546 1574 565 1597 «
586 1558 748 1615 Legem
769 1555 916 1615 posuit
940 1574 949 1600 :
980 1573 1000 1596 »
1023 1564 1067 1600 et
1085 1554 1208 1616 quod
1229 1564 1293 1599 est
1309 1590 1319 1610 ,
1349 1573 1370 1597 (t
1385 1557 1437 1599 In

45 1644 68 1669 »
101 1627 262 1685 Jacob3
288 1645 308 1668 »
334 1627 418 1672 hoc
441 1635 526 1682 est,
551 1645 571 1669 «
594 1630 644 1671 In
663 1625 810 1671 Israel.
837 1645 859 1668 >›
884 1630 994 1672 Nam
1012 1627 1124 1671 sicut
1143 1627 1220 1671 ista
1244 1625 1336 1671 duo
1356 1641 1439 1670 no-

43 1698 161 1742 mina
197 1707 299 1742 sunt
319 1698 509 1743 hominis
543 1697 700 1753 unius,
730 1699 790 1742 ita
819 1700 909 1742 Lex
931 1707 975 1742 et
1003 1698 1318 1742 Testimonium
1348 1698 1439 1742 duo

43 1777 147 1813 sunt
167 1768 344 1813 nomina
358 1769 420 1812 rei
436 1768 581 1815 unius.
603 1771 788 1813 Interest
802 1767 984 1829 aliquid,
1005 1768 1063 1813 ait
1079 1768 1310 1829 quispiam,
1327 1769 1440 1812 inter

49 1858 70 1883 «
107 1840 336 1885 Suscitavit
349 1848 391 1884 et
403 1839 573 1900 posuit?
593 1857 615 1880 »
635 1843 701 1883 Ita
720 1854 822 1883 sane
837 1875 848 1896 ,
873 1838 1244 1900 quemadmodum
1262 1839 1443 1884 interest

45 1911 175 1956 etiam
194 1911 309 1955 inter
334 1930 354 1953 «
379 1911 515 1955 Jacob
538 1919 581 1954 et
603 1909 737 1954 Israel
761 1926 770 1952 :
808 1928 829 1951 »
854 1925 944 1955 non
966 1910 1069 1970 quia
1091 1919 1216 1954 erant
1245 1910 1336 1954 duo
1354 1910 1439 1954 ho-

45 1982 208 2038 mines,
234 1981 311 2027 sed
331 1981 483 2026 eadem
505 1981 598 2026 duo
617 1981 794 2026 nomina
816 1980 994 2026 diversis
1013 1983 1151 2026 causis
1172 1982 1248 2026 uni
1272 1982 1441 2026 homini

46 2062 150 2098 sunt
168 2052 397 2112 imposita3
422 2052 559 2096 Jacob
580 2061 760 2112 propter
782 2051 1204 2111 supplantationem,
1231 2052 1440 2113 quoniam

45 2125 260 2169 nascentis
282 2123 425 2168 tenuit
444 2123 640 2184 plantam
660 2122 828 2168 fratris:
854 2123 987 2169 Israel
1009 2134 1154 2168 autem
1175 2133 1352 2183 propter
1372 2123 1440 2167 vi-

46 2195 211 2242 sionem
237 2194 359 2239 Dei5.
375 2194 444 2240 Sic
468 2193 588 2239 aliud
609 2203 688 2249 est,
706 2214 725 2236 «
745 2194 976 2240 Suscitavit
991 2229 1002 2249 ,
1018 2211 1038 2235 »
1052 2193 1188 2249 aliud,
1207 2213 1226 2235 «
1244 2193 1440 2238 Posuit.»

47 2269 183 2322 Nam,
218 2285 239 2308 «
276 2265 507 2311 Suscitavit
546 2266 881 2321 Testimonium,
926 2284 947 2307 »
973 2274 1189 2325 quantum
1214 2265 1439 2319 existimo,

50 2338 216 2383 dictum
240 2347 324 2391 est,
343 2337 464 2399 quod
486 2337 561 2382 illo
581 2337 747 2398 aliquid
770 2337 1024 2382 suscitatum
1048 2347 1140 2395 est,
1164 2356 1183 2379 «
1211 2337 1310 2382 Sine
1328 2339 1443 2396 Lege

53 2427 74 2451 »
109 2409 225 2453 enim
241 2444 252 2465 ,
278 2410 337 2453 ait
358 2409 616 2469 Apostolus,
641 2418 870 2469 peccatum
894 2418 1119 2453 mortuum
1138 2417 1201 2452 est
1227 2428 1237 2454 ι
1263 2424 1341 2466 ego
1364 2424 1443 2452 au=

100 2513 109 2529 “
137 2509 228 2539 Rom.
260 2518 293 2538 ιιι
307 2532 315 2541 .
334 2515 389 2539 21.
414 2523 456 2528 —
472 2513 486 2528 ²
504 2507 604 2539 Exod.
622 2518 675 2545 XL,
695 2515 726 2538 2.
754 2523 791 2528 ——
813 2504 826 2529 3
849 2515 868 2538 2
884 2508 954 2539 Cor.
974 2517 1023 2547 ιιι,
1047 2505 1096 2537 15.
1121 2522 1164 2528 —
1180 2504 1303 2547 41d.1‚
1319 2514 1373 2538 20.
1401 2522 1442 2527 —

54 2561 68 2586 5
87 2565 166 2595 Gen.
191 2573 266 2604 xxv,
285 2562 340 2604 25,
361 2566 394 2594 et
410 2573 509 2604 xxxii,
530 2562 584 2595 28.
