1926 3339
485 305 540 343 62
919 312 952 337 s.
988 308 1218 335 AUGUSTlNI
1250 307 1430 334 Emscom

542 378 747 423 XXXVI.
776 395 794 415 «
821 378 877 419 Et
893 371 1066 418 tradidit
1083 372 1127 414 in
1145 370 1437 429 captivitatem
1459 370 1666 415 virtutem
1681 384 1858 424 eorum,

488 469 506 491 »
541 458 584 492 et
605 445 975 507 pulchritudinem
997 456 1148 487 eorum
1177 441 1224 483 in
1245 456 1397 485 manus
1425 440 1632 484 inimici1.
1672 458 1692 481 »
1720 443 1865 499 Ipsam

481 522 638 562 Arcam
665 515 781 560 unde
804 514 884 558 sibi
906 513 1166 557 videbantur
1194 510 1343 554 invicti
1371 519 1415 554 et
1435 510 1553 554 unde
1575 510 1657 554 sibi
1678 508 1864 569 plaude-

480 589 613 642 bant,
637 587 843 631 virtutem
865 592 908 626 et
936 580 1305 641 pulchritudinem
1329 595 1480 624 eorum
1512 581 1633 624 dicit.
1669 580 1864 640 Denique

480 666 523 700 et
543 665 688 716 postea
709 653 822 698 male
843 653 1035 696 viventes
1050 685 1060 704 ‚
1086 659 1129 693 et
1151 648 1204 692 de
1227 648 1390 708 templo
1411 649 1584 693 Domini
1604 648 1834 707 gloriantes
1849 683 1860 703 ,

480 735 611 770 terret
633 740 707 783 per
725 722 985 781 Prophetam
999 755 1009 775 ‚
1031 720 1178 764 dicens
1199 737 1208 763 :
1234 738 1254 760 «
1278 719 1434 763 Videte
1457 718 1566 779 quid
1582 718 1668 763 feci
1695 718 1860 775 Selom,

483 812 503 836 »
539 794 616 838 ubi
633 803 723 837 erat
745 789 1078 837 tabernaculum
1099 791 1291 833 meum&
1316 806 1336 830 »

538 865 767 908 XXXVII.
799 881 821 903 «
847 863 903 904 Et
928 859 1139 904 conclusit
1166 859 1211 902 in
1233 857 1376 917 gladio
1399 857 1614 918 populum
1644 873 1795 914 suum,
1821 867 1866 903 et

487 956 505 977 »
537 933 833 978 haereditatem
869 946 990 975 suam
1030 929 1204 989 sprevit.
1249 931 1439 973 Juvenes
1481 944 1633 973 eorum
1674 927 1866 973 comedit

489 1026 506 1047 »
541 1005 651 1064 ignis
685 1024 695 1049 :
734 1003 779 1048 id
810 1012 892 1058 est,
929 1002 1005 1046 ira.
1044 1004 1100 1045 Et
1127 1000 1314 1059 virgines
1349 1016 1500 1044 eorum
1530 1016 1620 1045 non
1666 1009 1768 1044 sunt
1798 999 1866 1044 la-

490 1096 508 1117 »
542 1077 788 1119 mentataess.
816 1092 835 1116 »
861 1074 971 1126 Quia
994 1086 1137 1131 neque
1159 1071 1243 1115 hoc
1276 1070 1457 1116 vacabat
1489 1070 1536 1114 in
1558 1069 1702 1115 hostili
1727 1079 1864 1116 metu.

543 1147 791 1189 XXXVIII.
823 1163 842 1186 «
865 1143 1116 1188 Sacerdotes
1134 1156 1285 1186 eorum
1306 1141 1350 1184 in
1364 1140 1509 1199 gladio
1526 1139 1799 1196 ceciderunt,
1824 1150 1868 1185 et

486 1234 507 1257 >›
540 1214 684 1260 viduae
705 1229 856 1258 eorum
883 1229 973 1257 non
995 1212 1278 1272 plorabantur
1291 1213 1323 1255 4.
1352 1230 1373 1252 »
1398 1211 1662 1256 Ceciderunt
1682 1211 1800 1255 enim
1821 1212 1867 1255 in
1889 1238 1891 1240 -

484 1286 626 1343 gladio
653 1285 730 1329 filii
758 1284 878 1338 Heli,
904 1298 1094 1343 quorum
1115 1283 1244 1326 unius
1265 1297 1374 1326 uxor
1393 1282 1593 1337 viduata,
1617 1292 1660 1325 et
1689 1297 1792 1326 mox
1822 1281 1869 1325 in

483 1364 613 1415 partu
649 1364 841 1409 mortua5
873 1363 1050 1413 propter
1081 1352 1278 1397 eamdem
1311 1351 1685 1411 perturbationem
1716 1351 1866 1411 plangi

486 1441 576 1470 non
592 1426 736 1484 potuit
750 1425 917 1469 honore
934 1422 1140 1468 funeris⁵.
1863 1425 1865 1427 ’

542 1497 748 1539 XXXIX.
779 1514 799 1536 «
826 1497 882 1538 Et
907 1495 1112 1537 excitatus
1140 1503 1203 1537 est
1233 1502 1443 1553 tanquam
1465 1493 1684 1537 dormiens
1714 1493 1866 1537 Domi-

488 1584 508 1607 »
542 1581 640 1609 nus.
668 1583 688 1606 »
714 1564 899 1609 Videtur
923 1564 1039 1607 enim
1059 1563 1273 1619 dormire,
1298 1564 1476 1623 quando
1498 1563 1712 1623 populum
1738 1578 1867 1608 suum

486 1635 561 1680 dat
583 1636 629 1678 in
650 1650 803 1678 manus
825 1649 976 1678 eorum
998 1650 1108 1694 quos
1136 1635 1229 1678 odit
1250 1634 1328 1678 ubi
1349 1635 1408 1679 eis
1432 1634 1601 1679 dicatur
1621 1653 1630 1679 ι
1654 1653 1674 1676 «
1700 1634 1782 1679 Ubi
1804 1642 1868 1679 est

488 1725 509 1748 »
544 1709 658 1750 Deus
677 1706 827 1749 tuuss’?
851 1706 1073 1749 Excitatus
1087 1720 1190 1764 ergo
1211 1714 1274 1749 est
1286 1714 1494 1766 tanquam
1509 1704 1745 1760 dormiens,
1766 1714 1867 1749 tan-

488 1794 509 1818 »
543 1791 675 1836 quam
702 1784 856 1835 potens
877 1775 1126 1835 crapulatus
1148 1791 1172 1819 a
1191 1776 1294 1820 vino
1307 1777 1338 1819 ⁷.
1367 1796 1384 1817 »
1407 1774 1562 1820 Nullus
1583 1775 1666 1819 hoc
1699 1774 1754 1819 de
1775 1778 1867 1820 Deo

485 1846 626 1891 dicere
649 1845 850 1900 auderet,
873 1845 953 1890 nisi
978 1845 1160 1905 Spiritus
1183 1847 1287 1906 ejus.
1314 1845 1428 1889 Dixit
1447 1845 1585 1900 enim,
1611 1845 1723 1890 sicut
1742 1844 1866 1890 vide-

486 1928 556 1962 tur
581 1919 722 1978 impiis
744 1917 1075 1972 insultantibus,
1105 1918 1226 1977 quod
1251 1916 1374 1961 velut
1394 1916 1540 1961 ebrius
1557 1916 1634 1961 diu
1653 1916 1862 1973 dormiat,

486 1990 663 2050 quando
685 2005 774 2033 non
795 1999 883 2032 tam
906 1989 992 2032 cito
1009 2004 1141 2048 quam
1162 1997 1320 2048 putant
1338 1989 1556 2044 homines,
1580 1988 1799 2033 subvenit.

542 2063 634 2103 XL.
662 2077 680 2099 «
701 2062 757 2103 Et
779 2059 989 2119 percussit
1008 2060 1202 2104 inimicos
1224 2075 1322 2104 suos
1342 2060 1389 2103 in
1402 2060 1666 2119 posteriora⁸
1689 2079 1698 2105 2
1720 2078 1740 2101 »
1765 2058 1862 2104 illos

482 2131 633 2190 utique
655 2130 730 2189 qui
753 2128 1002 2188 gaudebant
1023 2129 1144 2190 quod
1167 2133 1323 2174 Aream
1348 2130 1439 2189 ejus
1470 2130 1684 2190 captivare
1706 2139 1865 2190 potue-

483 2209 587 2244 runt
605 2219 614 2244 2
635 2200 823 2259 percussi
844 2200 959 2243 enim
982 2199 1141 2244 suntin
1163 2198 1336 2243 sedibus
1353 2200 1436 2244 suis
1450 2201 1482 2243 ⁹.
1514 2200 1641 2253 Quod
1661 2200 1754 2260 ejus
1771 2216 1865 2260 poe-

481 2287 550 2314 nse
571 2272 740 2328 signum
765 2270 870 2314 mihi
890 2269 1087 2325 videtur,
1119 2286 1206 2330 qua
1232 2270 1419 2331 quisque
1445 2271 1732 2326 cruciabitur,
1756 2272 1791 2315 si
1817 2271 1864 2316 in

481 2341 718 2400 posteriora
734 2341 988 2400 respexerit3
1013 2356 1112 2400 quae
1125 2375 1136 2396 ‚
1162 2340 1273 2384 sicut
1292 2340 1526 2399 Apostolus
1538 2375 1549 2396 ‚
1570 2341 1780 2385 aestimare
1793 2343 1864 2386 de-

481 2411 557 2455 bet
568 2420 618 2454 ut
632 2413 879 2455 stercorass'.
890 2410 973 2464 Qui
986 2411 1102 2454 enim
1115 2410 1175 2455 sic
1189 2410 1429 2470 suscipiunt
1445 2419 1753 2456 testamentum
1767 2413 1860 2467 Dei,

528 2530 539 2547 ¹
570 2524 651 2555 psal.
673 2534 798 2564 uxvu,
822 2524 878 2556 61.
905 2541 946 2546 —
970 2530 983 2546 ²
1007 2525 1128 2556 Jerem.
1148 2535 1213 2563 vn,
1235 2532 1284 2556 1‘2.
1310 2542 1351 2547 —
1374 2522 1388 2548 ³
1412 2524 1492 2557 Psal.
1511 2536 1638 2566 Lxxvn‚
1657 2525 1714 2567 62,
1743 2525 1800 2558 63.
1821 2543 1864 2550 —-

481 2579 596 2612 41hid.
618 2578 675 2621 64.
705 2596 747 2602 —-
773 2577 789 2603 ⁵
811 2591 824 2611 1
846 2582 923 2621 Reg.
944 2590 989 2620 iv,
1013 2591 1065 2622 19,
1082 2588 1135 2612 20.
1152 2596 1194 2602 —
1210 2577 1226 2602 6
1241 2580 1322 2612 Psal.
1341 2591 1406 2619 xm,
1427 2592 1477 2613 11.
1497 2598 1540 2605 —
1559 2588 1572 2614 7
1592 2582 1639 2614 Id.
1656 2593 1780 2624 Lxxvu,
1797 2581 1854 2614 65.

481 2652 522 2658 -
541 2633 654 2667 81bid.
677 2635 731 2667 66.
748 2651 788 2657 —-
808 2642 824 2667 9
842 2645 855 2666 1
874 2636 952 2677 Reg.
979 2645 1010 2677 v,
1033 2635 1067 2667 6.
1090 2651 1132 2658 -—
1152 2641 1182 2660 ¹0
1197 2634 1311 2678 Philip.
1326 2647 1372 2678 ui,
1390 2636 1422 2669 8.
