1926 3339
386 248 627 277 ENARRATIO
660 251 704 276 IN
737 249 940 277 PSALMUM
973 251 1063 278 xcv.
1333 242 1406 280 431

29 322 92 358 est
112 313 309 357 clausum
330 311 391 356 illi
407 312 482 373 qui
502 312 623 372 ligno
639 322 820 373 pugnat.
847 315 1058 358 Dominus
1079 317 1194 358 enim
1222 318 1418 375 regnavit

31 400 56 429 a
75 383 209 442 ligno.
231 382 335 436 Quis
356 391 420 426 est
440 383 516 442 qui
535 382 656 441 ligno
673 384 867 443 pugnat?
883 385 1093 428 Christus.
1107 388 1168 428 De
1191 401 1319 429 cruce
1341 402 1417 430 sua

30 454 132 499 vicit
149 468 290 512 reges⁷
317 462 359 497 et
380 453 619 513 subjugatis
646 453 782 513 ipsam
799 468 973 497 crucem
996 455 1040 497 in
1063 453 1207 498 fronte
1230 455 1349 512 fixit3
1375 464 1419 498 et

31 523 269 583 gloriantur
294 523 348 567 de
370 522 444 566 illa
461 559 473 578 ,
498 523 600 584 quia
629 523 686 567 ibi
709 532 773 568 cst
793 523 907 568 salus
929 539 1095 569 eorum.
1125 527 1218 569 Hoc
1247 525 1389 584 agitur
1404 559 1415 580 ‚

30 595 90 639 sic
112 594 264 638 crescit
283 593 454 649 domus,
470 594 529 638 sic
551 593 793 639 aedificatur
813 613 822 638 t
844 604 887 639 et
911 604 959 639 ut
981 595 1201 648 noveritis,
1228 610 1417 656 sequen-

32 666 89 710 tia
111 665 268 709 Psalmi
290 665 454 720 audite,
470 664 614 709 videte
636 676 863 726 operantes
881 676 923 710 et
941 664 1198 710 fabricantes
1218 666 1414 710 domum.

37 755 59 779 (t
89 737 273 780 Caritate
295 737 479 781 Domino
501 737 720 781 canticum
742 753 920 794 novum,
938 746 1108 782 cantate
1126 737 1310 781 Domino
1328 751 1420 781 om-

35 825 56 849 »
91 807 156 850 nis
179 816 308 851 terra.
339 826 358 847 »

91 881 173 922 ΙΙΙ.
199 897 219 920 «
239 880 422 923 Caritate
453 879 666 937 Domin03
702 878 946 923 benedicite
977 892 1138 922 nomen
1166 878 1282 936 ejus,
1308 878 1420 922 bene

37 967 57 990 υ
91 949 290 993 nuntiate
307 949 362 992 de
384 948 455 992 die
475 949 521 992 in
543 949 656 992 diem
681 949 868 993 salutare
890 950 1015 1008 ejus².
1031 948 1296 1001 »Quomodo
1312 963 1422 992 cres-

34 1021 91 1065 cit
113 1018 377 1063 aedificium?
403 1039 423 1061 «
448 1022 563 1063 Bene
579 1055 589 1074 ,
613 1020 758 1080 inquit
778 1055 788 1073 ,
824 1020 1023 1063 nuntiate
1055 1018 1110 1063 de
1133 1019 1203 1062 die
1230 1020 1274 1062 iu
1304 1018 1420 1062 diem

36 1110 58 1131 n
92 1089 276 1134 salutare
307 1091 413 1150 ejus.
442 1109 462 1130 »
490 1093 551 1134 De
572 1090 642 1134 die
676 1091 720 1134 in
752 1090 867 1134 diem
891 1090 1182 1149 praedicetur3
1207 1089 1261 1132 de
1283 1088 1353 1132 die
1376 1089 1422 1132 in

8 1163 11 1165 ’
33 1160 147 1204 diem
163 1195 174 1215 ‚
202 1160 373 1220 inquit,
410 1160 680 1217 aedificetur3
707 1170 891 1215 crescat,
924 1159 1068 1220 inquit
1092 1163 1206 1204 Deus
1222 1195 1231 1213 ‚
1265 1158 1422 1202 domus

34 1234 213 1275 mea.Et
229 1231 350 1291 quasi
368 1231 585 1276 diceretur
608 1231 663 1275 ab
687 1231 913 1291 operariis:
934 1231 1014 1275 Ulii
1032 1231 1159 1291 jubes
1183 1229 1422 1273 aedificari?

34 1301 111 1344 ubi
132 1301 196 1345 vis
215 1317 405 1345 crescere
421 1302 603 1346 domum
626 1304 773 1345 tuam?
787 1301 911 1360 Elige
928 1301 1052 1345 nobis
1070 1300 1259 1360 aliquem
1277 1299 1424 1343 locum

34 1371 243 1432 aequalem
262 1408 272 1426 ‚
297 1371 486 1432 aliquem
510 1371 656 1416 locum
678 1373 912 1432 spatiosum
934 1408 944 1427 ‚
970 1373 1003 1416 si
1027 1372 1107 1415 tibi
1130 1369 1318 1430 amplam
1341 1369 1423 1414 do-

35 1457 155 1485 mum
190 1442 252 1486 vis
288 1441 508 1486 aedificari.
536 1442 619 1486 Ubi
645 1443 774 1499 J'ubes
795 1451 846 1486 ut
867 1442 978 1486 bene
1001 1443 1254 1486 nuntiemus
1277 1440 1331 1485 de
1355 1440 1426 1484 die

34 1512 80 1556 in
101 1511 217 1556 diem
235 1515 252 1554 ἶ)
274 1512 476 1557 Ostendit
497 1512 645 1557 locum
671 1532 679 1556 :
710 1531 730 1554 «
750 1513 1021 1556 Annuntiate
1045 1513 1090 1556 in
1109 1512 1313 1570 gentibus
1337 1511 1430 1570 glo-

40 1602 60 1624 »
94 1583 202 1627 riam
240 1584 345 1643 ejus.
379 1583 600 1638 Gloriam,
625 1584 792 1644 inquit,
819 1585 910 1644 ejus
937 1583 1194 1627 annuntiate
1217 1583 1262 1626 in
1287 1583 1428 1641 genti-

40 1673 59 1695 »
94 1654 227 1698 bus²:
247 1654 427 1712 gloriam
449 1655 556 1714 ejus,
578 1670 668 1698 non
691 1654 871 1713 gloriam
894 1663 1095 1697 vestram.
1112 1655 1150 1697 O
1174 1662 1425 1708 structores,

39 1725 220 1784 gloriam
255 1727 346 1786 ejus
370 1726 482 1769 bene
505 1725 705 1769 nuntiate
726 1725 771 1769 in
795 1725 1011 1783 gentibus.
1042 1725 1085 1769 Si
1122 1724 1302 1782 gloriam
1331 1739 1430 1768 ves-

38 1806 149 1841 tram
177 1797 436 1841 annuntiare
463 1796 706 1850 volueritis,
749 1796 912 1840 cadetis
944 1815 952 1840 ε
978 1796 1012 1840 si
1037 1797 1152 1855 ejus,
1188 1794 1428 1839 aedificabi-

39 1867 170 1922 mini,
201 1883 304 1911 cum
332 1867 570 1911 aedificatis.
598 1866 704 1910 Ideo
724 1867 800 1927 qui
825 1866 1005 1925 gloriam
1029 1882 1153 1910 suam
1172 1866 1431 1910 annuntiare

39 1937 297 1993 voluerunt,
318 1937 558 1981 noluerunt
579 1953 669 1981 esse
690 1938 733 1981 in
756 1937 836 1981 ista
858 1937 1012 1982 domo:
1029 1947 1072 1980 et
1091 1945 1319 1996 propterea
1341 1951 1431 1980 non

41 2018 219 2053 cantant
234 2008 454 2052 canticum
477 2023 640 2052 novum
658 2022 758 2052 cum
779 2008 899 2052 omni
916 2017 1041 2052 terra.
1059 2011 1157 2051 Non
1179 2007 1294 2050 enim
1316 2021 1433 2050 com-

41 2078 269 2123 municant
288 2079 490 2123 universo
520 2077 615 2122 orbi
639 2087 868 2123 terrarum.
898 2081 955 2122 Et
971 2078 1070 2121 ideo
1093 2092 1183 2121 non
1200 2086 1301 2120 sunt
1322 2076 1431 2120 aedi-

43 2151 220 2195 ficantes
258 2151 305 2195 in
336 2151 468 2195 domo
494 2186 504 2205 ,
543 2150 619 2195 sed
655 2151 863 2210 parietem
898 2149 1151 2193 dealbatum
1184 2156 1428 2192 erexerunt.

44 2223 217 2274 Quanta
247 2222 438 2266 minatur
465 2224 580 2266 Deus
617 2221 769 2280 parieti
790 2219 1022 2264 dealbato?
1058 2222 1170 2264 Sunt
1188 2219 1433 2263 testimonia

46 2293 363 2351 Prophetarum
379 2292 624 2346 innumera,
640 2291 758 2334 unde
776 2289 997 2334 maledicit
1016 2291 1168 2349 parieti
1186 2289 1434 2333 dealbatoss?

47 2362 160 2417 Quid
182 2373 245 2408 est
265 2364 402 2423 paries
425 2362 654 2406 dealbatus
668 2397 679 2417 ‚
704 2363 784 2405 nisi
806 2362 1044 2421 hypocrisis
1061 2397 1071 2416 ,
1089 2361 1132 2404 id
1151 2371 1237 2414 est,
1264 2360 1437 2404 simula-

47 2435 138 2479 tio?
160 2435 282 2479 Foris
309 2434 454 2488 lucet,
494 2433 611 2477 intus
644 2432 788 2476 lutum
816 2442 895 2476 est.
927 2432 1054 2485 Quod
1090 2431 1285 2476 dicturus
1313 2447 1430 2486 sum,

44 2508 136 2567 J‘am
156 2505 320 2549 dictum
342 2513 405 2550 est
420 2503 520 2550 :sed
537 2504 638 2564 quia
660 2519 712 2548 eo
737 2504 899 2563 Spiritu
915 2503 1082 2547 dictum
1103 2512 1182 2558 est,
1207 2518 1339 2562 quem
1357 2517 1435 2546 no-

98 2597 106 2613 ¹
128 2589 207 2622 Psal.
225 2600 296 2632 xcv,
314 2598 345 2622 2.
374 2606 415 2612 -
443 2595 456 2611 ²
471 2588 553 2621 Ibid.
571 2588 602 2621 3.
624 2601 672 2611 —m
692 2587 706 2612 3
723 2588 842 2621 Ezech.
859 2598 926 2619 xm.
