<?xml version="1.0" encoding="UTF-8"?>
<!DOCTYPE html PUBLIC "-//W3C//DTD XHTML 1.0 Transitional//EN"
    "http://www.w3.org/TR/xhtml1/DTD/xhtml1-transitional.dtd">
<html xmlns="http://www.w3.org/1999/xhtml" xml:lang="en" lang="en">
 <head>
  <title>
</title>
<meta http-equiv="Content-Type" content="text/html;charset=utf-8" />
  <meta name='ocr-system' content='tesseract 3.04.00' />
  <meta name='ocr-capabilities' content='ocr_page ocr_carea ocr_par ocr_line ocrx_word'/>
</head>
<body>
  <div class='ocr_page' id='page_1' title='image "./operaomniaaccura10auguuoft_0373.png"; bbox 0 0 1926 3339; ppageno 0'>
   <div class='ocr_carea' id='block_1_1' title="bbox 370 313 1447 350">
    <p class='ocr_par' dir='ltr' id='par_1_1' title="bbox 370 313 1447 350">
     <span class='ocr_line' id='line_1_1' title="bbox 370 313 1447 350; baseline 0.002 -2"><span class='ocrx_word' id='word_1_1' title='bbox 370 321 611 348; x_wconf 62' lang='lat' dir='ltr'>munuum</span> <span class='ocrx_word' id='word_1_2' title='bbox 644 321 689 348; x_wconf 78' lang='lat' dir='ltr'>m</span> <span class='ocrx_word' id='word_1_3' title='bbox 721 319 923 347; x_wconf 67' lang='lat' dir='ltr'>rsALMUM</span> <span class='ocrx_word' id='word_1_4' title='bbox 957 321 1122 348; x_wconf 75' lang='lat' dir='ltr'>Lxxx1X.</span> <span class='ocrx_word' id='word_1_5' title='bbox 1364 313 1447 350; x_wconf 76' lang='lat'>297</span> 
     </span>
    </p>
   </div>
   <div class='ocr_carea' id='block_1_2' title="bbox 67 385 1465 2561">
    <p class='ocr_par' dir='ltr' id='par_1_2' title="bbox 67 385 1465 2561">
     <span class='ocr_line' id='line_1_2' title="bbox 70 385 1449 446; baseline 0 -15"><span class='ocrx_word' id='word_1_6' title='bbox 70 387 198 431; x_wconf 90' lang='lat' dir='ltr'>nullis</span> <span class='ocrx_word' id='word_1_7' title='bbox 226 386 386 446; x_wconf 83' lang='lat' dir='ltr'>legitur</span> <span class='ocrx_word' id='word_1_8' title='bbox 415 387 521 430; x_wconf 84' lang='lat' dir='ltr'>alius</span> <span class='ocrx_word' id='word_1_9' title='bbox 548 385 726 429; x_wconf 88' lang='lat' dir='ltr'>ultimus</span> <span class='ocrx_word' id='word_1_10' title='bbox 752 400 899 429; x_wconf 82' lang='lat' dir='ltr'>versus</span> <span class='ocrx_word' id='word_1_11' title='bbox 926 405 934 430; x_wconf 94' lang='lat'>:</span> <span class='ocrx_word' id='word_1_12' title='bbox 970 404 990 427; x_wconf 76' lang='grc' dir='ltr'>(ι</span> <span class='ocrx_word' id='word_1_13' title='bbox 1014 389 1072 429; x_wconf 87' lang='lat' dir='ltr'>Et</span> <span class='ocrx_word' id='word_1_14' title='bbox 1107 401 1214 445; x_wconf 89' lang='lat' dir='ltr'>opus</span> <span class='ocrx_word' id='word_1_15' title='bbox 1240 401 1449 431; x_wconf 87' lang='lat' dir='ltr'>manuum</span> 
     </span>
     <span class='ocr_line' id='line_1_3' title="bbox 73 454 1450 515; baseline 0.001 -16"><span class='ocrx_word' id='word_1_16' title='bbox 73 475 94 499; x_wconf 88' lang='lat'>»</span> <span class='ocrx_word' id='word_1_17' title='bbox 128 467 370 501; x_wconf 89' lang='lat' dir='ltr'>nostrarum</span> <span class='ocrx_word' id='word_1_18' title='bbox 394 456 546 514; x_wconf 80' lang='lat' dir='ltr'>dirige.</span> <span class='ocrx_word' id='word_1_19' title='bbox 572 474 591 496; x_wconf 89' lang='lat'>»</span> <span class='ocrx_word' id='word_1_20' title='bbox 616 455 698 500; x_wconf 88' lang='lat' dir='ltr'>Cui</span> <span class='ocrx_word' id='word_1_21' title='bbox 719 455 861 499; x_wconf 89' lang='lat' dir='ltr'>versui</span> <span class='ocrx_word' id='word_1_22' title='bbox 880 454 1106 514; x_wconf 79' lang='lat' dir='ltr'>dili-gentes</span> <span class='ocrx_word' id='word_1_23' title='bbox 1128 465 1172 500; x_wconf 88' lang='lat' dir='ltr'>et</span> <span class='ocrx_word' id='word_1_24' title='bbox 1192 456 1309 500; x_wconf 90' lang='lat' dir='ltr'>docti</span> <span class='ocrx_word' id='word_1_25' title='bbox 1337 473 1450 515; x_wconf 87' lang='lat' dir='ltr'>prae-</span> 
     </span>
     <span class='ocr_line' id='line_1_4' title="bbox 69 526 1454 587; baseline -0.001 -15"><span class='ocrx_word' id='word_1_26' title='bbox 69 537 224 573; x_wconf 90' lang='lat' dir='ltr'>notant</span> <span class='ocrx_word' id='word_1_27' title='bbox 240 527 406 571; x_wconf 90' lang='lat' dir='ltr'>stellam</span> <span class='ocrx_word' id='word_1_28' title='bbox 420 562 431 581; x_wconf 85' lang='lat'>‚</span> <span class='ocrx_word' id='word_1_29' title='bbox 457 542 565 586; x_wconf 90' lang='lat' dir='ltr'>quos</span> <span class='ocrx_word' id='word_1_30' title='bbox 587 526 808 570; x_wconf 80' lang='lat' dir='ltr'>asteriscos</span> <span class='ocrx_word' id='word_1_31' title='bbox 824 535 1003 582; x_wconf 84' lang='lat' dir='ltr'>vocant,</span> <span class='ocrx_word' id='word_1_32' title='bbox 1032 526 1193 587; x_wconf 89' lang='lat' dir='ltr'>quibus</span> <span class='ocrx_word' id='word_1_33' title='bbox 1207 527 1454 586; x_wconf 85' lang='lat' dir='ltr'>significant</span> 
     </span>
     <span class='ocr_line' id='line_1_5' title="bbox 70 596 1454 658; baseline -0.001 -16"><span class='ocrx_word' id='word_1_34' title='bbox 70 614 118 642; x_wconf 91' lang='lat' dir='ltr'>ea</span> <span class='ocrx_word' id='word_1_35' title='bbox 141 614 239 658; x_wconf 83' lang='lat' dir='ltr'>quae</span> <span class='ocrx_word' id='word_1_36' title='bbox 257 597 301 640; x_wconf 90' lang='lat' dir='ltr'>in</span> <span class='ocrx_word' id='word_1_37' title='bbox 324 597 500 641; x_wconf 83' lang='lat' dir='ltr'>hebraeo</span> <span class='ocrx_word' id='word_1_38' title='bbox 516 596 584 641; x_wconf 88' lang='lat' dir='ltr'>vel</span> <span class='ocrx_word' id='word_1_39' title='bbox 607 596 698 640; x_wconf 86' lang='lat' dir='ltr'>aliis</span> <span class='ocrx_word' id='word_1_40' title='bbox 725 596 1032 656; x_wconf 78' lang='lat' dir='ltr'>interpretibus</span> <span class='ocrx_word' id='word_1_41' title='bbox 1054 598 1202 657; x_wconf 84' lang='lat' dir='ltr'>graecis</span> <span class='ocrx_word' id='word_1_42' title='bbox 1232 598 1454 657; x_wconf 86' lang='lat' dir='ltr'>reperiun-</span> 
     </span>
     <span class='ocr_line' id='line_1_6' title="bbox 69 668 1453 727; baseline -0.001 -14"><span class='ocrx_word' id='word_1_43' title='bbox 69 678 155 721; x_wconf 80' lang='lat' dir='ltr'>tur,</span> <span class='ocrx_word' id='word_1_44' title='bbox 181 669 227 712; x_wconf 90' lang='lat' dir='ltr'>in</span> <span class='ocrx_word' id='word_1_45' title='bbox 257 668 537 727; x_wconf 80' lang='lat' dir='ltr'>Septuaginta</span> <span class='ocrx_word' id='word_1_46' title='bbox 559 683 662 713; x_wconf 86' lang='lat' dir='ltr'>vero</span> <span class='ocrx_word' id='word_1_47' title='bbox 683 668 1038 727; x_wconf 77' lang='lat' dir='ltr'>interpretatione</span> <span class='ocrx_word' id='word_1_48' title='bbox 1060 684 1149 713; x_wconf 92' lang='lat' dir='ltr'>non</span> <span class='ocrx_word' id='word_1_49' title='bbox 1170 679 1286 713; x_wconf 92' lang='lat' dir='ltr'>sunt.</span> <span class='ocrx_word' id='word_1_50' title='bbox 1312 671 1453 722; x_wconf 89' lang='lat' dir='ltr'>Quem</span> 
     </span>
     <span class='ocr_line' id='line_1_7' title="bbox 68 739 1456 798; baseline 0.001 -15"><span class='ocrx_word' id='word_1_51' title='bbox 68 755 239 784; x_wconf 89' lang='lat' dir='ltr'>versum</span> <span class='ocrx_word' id='word_1_52' title='bbox 263 740 296 783; x_wconf 90' lang='lat' dir='ltr'>si</span> <span class='ocrx_word' id='word_1_53' title='bbox 313 739 495 784; x_wconf 90' lang='lat' dir='ltr'>velimus</span> <span class='ocrx_word' id='word_1_54' title='bbox 521 755 755 798; x_wconf 74' lang='lat' dir='ltr'>exponere,</span> <span class='ocrx_word' id='word_1_55' title='bbox 778 739 824 783; x_wconf 93' lang='lat' dir='ltr'>id</span> <span class='ocrx_word' id='word_1_56' title='bbox 847 740 953 783; x_wconf 90' lang='lat' dir='ltr'>mihi</span> <span class='ocrx_word' id='word_1_57' title='bbox 973 740 1146 784; x_wconf 88' lang='lat' dir='ltr'>videtur</span> <span class='ocrx_word' id='word_1_58' title='bbox 1172 740 1332 784; x_wconf 86' lang='lat' dir='ltr'>habere</span> <span class='ocrx_word' id='word_1_59' title='bbox 1356 756 1456 784; x_wconf 92' lang='lat' dir='ltr'>sen-</span> 
     </span>
     <span class='ocr_line' id='line_1_8' title="bbox 70 809 1456 869; baseline 0.001 -15"><span class='ocrx_word' id='word_1_60' title='bbox 70 811 217 854; x_wconf 81' lang='lat' dir='ltr'>tentiae</span> <span class='ocrx_word' id='word_1_61' title='bbox 234 845 243 863; x_wconf 83' lang='lat'>‚</span> <span class='ocrx_word' id='word_1_62' title='bbox 275 809 396 869; x_wconf 80' lang='lat' dir='ltr'>quod</span> <span class='ocrx_word' id='word_1_63' title='bbox 426 810 571 854; x_wconf 85' lang='lat' dir='ltr'>omnia</span> <span class='ocrx_word' id='word_1_64' title='bbox 599 810 711 854; x_wconf 83' lang='lat' dir='ltr'>bona</span> <span class='ocrx_word' id='word_1_65' title='bbox 740 825 870 869; x_wconf 88' lang='lat' dir='ltr'>opera</span> <span class='ocrx_word' id='word_1_66' title='bbox 901 819 1072 865; x_wconf 85' lang='lat' dir='ltr'>nostra,</span> <span class='ocrx_word' id='word_1_67' title='bbox 1096 826 1236 853; x_wconf 90' lang='lat' dir='ltr'>unum</span> <span class='ocrx_word' id='word_1_68' title='bbox 1259 826 1366 869; x_wconf 89' lang='lat' dir='ltr'>opus</span> <span class='ocrx_word' id='word_1_69' title='bbox 1391 820 1456 855; x_wconf 87' lang='lat' dir='ltr'>cst</span> 
     </span>
     <span class='ocr_line' id='line_1_9' title="bbox 69 879 1456 940; baseline 0.001 -17"><span class='ocrx_word' id='word_1_70' title='bbox 69 880 302 924; x_wconf 84' lang='lat' dir='ltr'>charitatis.</span> <span class='ocrx_word' id='word_1_71' title='bbox 334 899 353 921; x_wconf 90' lang='lat'>«</span> <span class='ocrx_word' id='word_1_72' title='bbox 379 879 610 924; x_wconf 80' lang='lat' dir='ltr'>Plenitudo</span> <span class='ocrx_word' id='word_1_73' title='bbox 633 881 748 923; x_wconf 89' lang='lat' dir='ltr'>enim</span> <span class='ocrx_word' id='word_1_74' title='bbox 767 881 891 940; x_wconf 83' lang='lat' dir='ltr'>Legis</span> <span class='ocrx_word' id='word_1_75' title='bbox 910 881 1094 924; x_wconf 80' lang='lat' dir='ltr'>charitas</span> <span class='ocrx_word' id='word_1_76' title='bbox 1109 883 1140 923; x_wconf 77' lang='lat'>1.</span> <span class='ocrx_word' id='word_1_77' title='bbox 1166 899 1186 921; x_wconf 88' lang='lat'>»</span> <span class='ocrx_word' id='word_1_78' title='bbox 1205 883 1313 925; x_wconf 85' lang='lat' dir='ltr'>Nam</span> <span class='ocrx_word' id='word_1_79' title='bbox 1332 897 1456 940; x_wconf 89' lang='lat' dir='ltr'>supe-</span> 
     </span>
     <span class='ocr_line' id='line_1_10' title="bbox 67 949 1455 1009; baseline 0 -16"><span class='ocrx_word' id='word_1_80' title='bbox 67 951 180 994; x_wconf 89' lang='lat' dir='ltr'>riore</span> <span class='ocrx_word' id='word_1_81' title='bbox 200 965 325 994; x_wconf 90' lang='lat' dir='ltr'>versu</span> <span class='ocrx_word' id='word_1_82' title='bbox 350 966 451 994; x_wconf 91' lang='lat' dir='ltr'>cum</span> <span class='ocrx_word' id='word_1_83' title='bbox 473 949 645 994; x_wconf 78' lang='lat' dir='ltr'>dixisset</span> <span class='ocrx_word' id='word_1_84' title='bbox 666 969 673 994; x_wconf 93' lang='lat'>:</span> <span class='ocrx_word' id='word_1_85' title='bbox 705 969 721 989; x_wconf 91' lang='lat'>«</span> <span class='ocrx_word' id='word_1_86' title='bbox 745 953 802 994; x_wconf 85' lang='lat' dir='ltr'>Et</span> <span class='ocrx_word' id='word_1_87' title='bbox 824 966 954 1009; x_wconf 87' lang='lat' dir='ltr'>opera</span> <span class='ocrx_word' id='word_1_88' title='bbox 975 965 1188 993; x_wconf 88' lang='lat' dir='ltr'>manuum</span> <span class='ocrx_word' id='word_1_89' title='bbox 1210 960 1455 994; x_wconf 89' lang='lat' dir='ltr'>nostrarum</span> 
     </span>
     <span class='ocr_line' id='line_1_11' title="bbox 72 1019 1451 1080; baseline 0.001 -17"><span class='ocrx_word' id='word_1_90' title='bbox 72 1039 92 1062; x_wconf 88' lang='lat'>»</span> <span class='ocrx_word' id='word_1_91' title='bbox 127 1020 264 1079; x_wconf 81' lang='lat' dir='ltr'>dirige</span> <span class='ocrx_word' id='word_1_92' title='bbox 284 1036 413 1080; x_wconf 87' lang='lat' dir='ltr'>super</span> <span class='ocrx_word' id='word_1_93' title='bbox 441 1036 541 1078; x_wconf 77' lang='lat' dir='ltr'>nos3</span> <span class='ocrx_word' id='word_1_94' title='bbox 560 1038 579 1061; x_wconf 74' lang='lat'>&gt;1</span> <span class='ocrx_word' id='word_1_95' title='bbox 597 1021 678 1064; x_wconf 91' lang='lat' dir='ltr'>isto</span> <span class='ocrx_word' id='word_1_96' title='bbox 695 1019 848 1065; x_wconf 85' lang='lat' dir='ltr'>ultimo</span> <span class='ocrx_word' id='word_1_97' title='bbox 863 1036 952 1065; x_wconf 90' lang='lat' dir='ltr'>non</span> <span class='ocrx_word' id='word_1_98' title='bbox 966 1022 1152 1080; x_wconf 82' lang='lat' dir='ltr'>«Opera,</span> <span class='ocrx_word' id='word_1_99' title='bbox 1170 1021 1260 1075; x_wconf 83' lang='lat' dir='ltr'>sed,</span> <span class='ocrx_word' id='word_1_100' title='bbox 1277 1022 1451 1080; x_wconf 89' lang='lat' dir='ltr'>«Opus»</span> 
     </span>
     <span class='ocr_line' id='line_1_12' title="bbox 69 1089 1458 1150; baseline 0 -17"><span class='ocrx_word' id='word_1_101' title='bbox 69 1089 174 1134; x_wconf 83' lang='lat' dir='ltr'>dixit</span> <span class='ocrx_word' id='word_1_102' title='bbox 191 1106 400 1134; x_wconf 87' lang='lat' dir='ltr'>manuum</span> <span class='ocrx_word' id='word_1_103' title='bbox 427 1100 672 1134; x_wconf 85' lang='lat' dir='ltr'>nostrarum</span> <span class='ocrx_word' id='word_1_104' title='bbox 693 1089 828 1148; x_wconf 83' lang='lat' dir='ltr'>dirige</span> <span class='ocrx_word' id='word_1_105' title='bbox 848 1106 856 1131; x_wconf 79' lang='lat' dir='ltr'>t</span> <span class='ocrx_word' id='word_1_106' title='bbox 879 1110 895 1132; x_wconf 88' lang='lat'>»</span> <span class='ocrx_word' id='word_1_107' title='bbox 923 1100 1134 1150; x_wconf 83' lang='lat' dir='ltr'>tanquam</span> <span class='ocrx_word' id='word_1_108' title='bbox 1157 1089 1315 1134; x_wconf 89' lang='lat' dir='ltr'>ultimo</span> <span class='ocrx_word' id='word_1_109' title='bbox 1331 1106 1458 1134; x_wconf 90' lang='lat' dir='ltr'>versu</span> 
     </span>
     <span class='ocr_line' id='line_1_13' title="bbox 69 1159 1457 1220; baseline 0 -16"><span class='ocrx_word' id='word_1_110' title='bbox 69 1159 217 1204; x_wconf 81' lang='lat' dir='ltr'>volens</span> <span class='ocrx_word' id='word_1_111' title='bbox 247 1160 473 1204; x_wconf 80' lang='lat' dir='ltr'>ostendere</span> <span class='ocrx_word' id='word_1_112' title='bbox 504 1161 592 1219; x_wconf 86' lang='lat' dir='ltr'>ipsa</span> <span class='ocrx_word' id='word_1_113' title='bbox 620 1176 750 1220; x_wconf 83' lang='lat' dir='ltr'>opera</span> <span class='ocrx_word' id='word_1_114' title='bbox 773 1176 912 1204; x_wconf 90' lang='lat' dir='ltr'>unum</span> <span class='ocrx_word' id='word_1_115' title='bbox 935 1177 1043 1220; x_wconf 92' lang='lat' dir='ltr'>opus</span> <span class='ocrx_word' id='word_1_116' title='bbox 1065 1176 1176 1216; x_wconf 78' lang='lat' dir='ltr'>esse,</span> <span class='ocrx_word' id='word_1_117' title='bbox 1209 1161 1255 1204; x_wconf 88' lang='lat' dir='ltr'>id</span> <span class='ocrx_word' id='word_1_118' title='bbox 1278 1170 1367 1216; x_wconf 80' lang='lat' dir='ltr'>est,</span> <span class='ocrx_word' id='word_1_119' title='bbox 1402 1162 1457 1204; x_wconf 91' lang='lat' dir='ltr'>ad</span> 
     </span>
     <span class='ocr_line' id='line_1_14' title="bbox 69 1231 1458 1291; baseline 0 -16"><span class='ocrx_word' id='word_1_120' title='bbox 69 1247 208 1275; x_wconf 92' lang='lat' dir='ltr'>unum</span> <span class='ocrx_word' id='word_1_121' title='bbox 227 1246 335 1290; x_wconf 89' lang='lat' dir='ltr'>opus</span> <span class='ocrx_word' id='word_1_122' title='bbox 363 1231 505 1290; x_wconf 76' lang='lat' dir='ltr'>dirigi.</span> <span class='ocrx_word' id='word_1_123' title='bbox 536 1234 658 1276; x_wconf 86' lang='lat' dir='ltr'>Tunc</span> <span class='ocrx_word' id='word_1_124' title='bbox 681 1231 797 1275; x_wconf 88' lang='lat' dir='ltr'>enim</span> <span class='ocrx_word' id='word_1_125' title='bbox 821 1241 935 1276; x_wconf 87' lang='lat' dir='ltr'>recta</span> <span class='ocrx_word' id='word_1_126' title='bbox 961 1240 1062 1275; x_wconf 89' lang='lat' dir='ltr'>sunt</span> <span class='ocrx_word' id='word_1_127' title='bbox 1089 1247 1217 1291; x_wconf 87' lang='lat' dir='ltr'>opera</span> <span class='ocrx_word' id='word_1_128' title='bbox 1234 1267 1244 1285; x_wconf 85' lang='lat'>‚</span> <span class='ocrx_word' id='word_1_129' title='bbox 1279 1247 1379 1275; x_wconf 91' lang='lat' dir='ltr'>cum</span> <span class='ocrx_word' id='word_1_130' title='bbox 1403 1231 1458 1275; x_wconf 86' lang='lat' dir='ltr'>ad</span> 
     </span>
     <span class='ocr_line' id='line_1_15' title="bbox 69 1301 1458 1360; baseline 0 -15"><span class='ocrx_word' id='word_1_131' title='bbox 69 1302 188 1345; x_wconf 85' lang='lat' dir='ltr'>hunc</span> <span class='ocrx_word' id='word_1_132' title='bbox 209 1317 348 1345; x_wconf 89' lang='lat' dir='ltr'>unum</span> <span class='ocrx_word' id='word_1_133' title='bbox 374 1301 505 1344; x_wconf 86' lang='lat' dir='ltr'>finem</span> <span class='ocrx_word' id='word_1_134' title='bbox 533 1301 797 1360; x_wconf 79' lang='lat' dir='ltr'>diriguntur.</span> <span class='ocrx_word' id='word_1_135' title='bbox 825 1321 844 1343; x_wconf 88' lang='lat'>«</span> <span class='ocrx_word' id='word_1_136' title='bbox 869 1302 987 1345; x_wconf 85' lang='lat' dir='ltr'>Finis</span> <span class='ocrx_word' id='word_1_137' title='bbox 1019 1302 1132 1345; x_wconf 85' lang='lat' dir='ltr'>enirn</span> <span class='ocrx_word' id='word_1_138' title='bbox 1167 1302 1371 1360; x_wconf 79' lang='lat' dir='ltr'>praecepti</span> <span class='ocrx_word' id='word_1_139' title='bbox 1395 1310 1458 1345; x_wconf 81' lang='lat' dir='ltr'>est</span> 
     </span>
     <span class='ocr_line' id='line_1_16' title="bbox 69 1371 1455 1431; baseline -0.001 -14"><span class='ocrx_word' id='word_1_140' title='bbox 69 1372 255 1417; x_wconf 80' lang='lat' dir='ltr'>charitas</span> <span class='ocrx_word' id='word_1_141' title='bbox 288 1373 342 1415; x_wconf 88' lang='lat' dir='ltr'>de</span> <span class='ocrx_word' id='word_1_142' title='bbox 377 1371 507 1416; x_wconf 82' lang='lat' dir='ltr'>corde</span> <span class='ocrx_word' id='word_1_143' title='bbox 536 1387 647 1431; x_wconf 87' lang='lat' dir='ltr'>puro</span> <span class='ocrx_word' id='word_1_144' title='bbox 675 1382 718 1415; x_wconf 90' lang='lat' dir='ltr'>et</span> <span class='ocrx_word' id='word_1_145' title='bbox 751 1373 1014 1416; x_wconf 86' lang='lat' dir='ltr'>conscicntia</span> <span class='ocrx_word' id='word_1_146' title='bbox 1038 1373 1150 1416; x_wconf 83' lang='lat' dir='ltr'>bona</span> <span class='ocrx_word' id='word_1_147' title='bbox 1179 1381 1221 1416; x_wconf 91' lang='lat' dir='ltr'>et</span> <span class='ocrx_word' id='word_1_148' title='bbox 1250 1373 1336 1416; x_wconf 86' lang='lat' dir='ltr'>fide</span> <span class='ocrx_word' id='word_1_149' title='bbox 1364 1388 1455 1415; x_wconf 79' lang='lat' dir='ltr'>non</span> 
     </span>
     <span class='ocr_line' id='line_1_17' title="bbox 73 1442 1458 1502; baseline 0.002 -19"><span class='ocrx_word' id='word_1_150' title='bbox 73 1461 92 1484; x_wconf 75' lang='lat' dir='ltr'>n</span> <span class='ocrx_word' id='word_1_151' title='bbox 127 1444 267 1486; x_wconf 70' lang='lat' dir='ltr'>sicta2.</span> <span class='ocrx_word' id='word_1_152' title='bbox 293 1461 313 1483; x_wconf 85' lang='lat'>&gt;›</span> <span class='ocrx_word' id='word_1_153' title='bbox 335 1444 455 1502; x_wconf 89' lang='lat' dir='ltr'>Opus</span> <span class='ocrx_word' id='word_1_154' title='bbox 477 1458 579 1500; x_wconf 79' lang='lat' dir='ltr'>ergo</span> <span class='ocrx_word' id='word_1_155' title='bbox 602 1457 739 1485; x_wconf 86' lang='lat' dir='ltr'>unum</span> <span class='ocrx_word' id='word_1_156' title='bbox 759 1452 847 1496; x_wconf 80' lang='lat' dir='ltr'>est,</span> <span class='ocrx_word' id='word_1_157' title='bbox 875 1443 919 1486; x_wconf 92' lang='lat' dir='ltr'>in</span> <span class='ocrx_word' id='word_1_158' title='bbox 943 1459 1030 1502; x_wconf 80' lang='lat' dir='ltr'>quo</span> <span class='ocrx_word' id='word_1_159' title='bbox 1053 1452 1153 1486; x_wconf 86' lang='lat' dir='ltr'>sunt</span> <span class='ocrx_word' id='word_1_160' title='bbox 1171 1443 1331 1496; x_wconf 80' lang='lat' dir='ltr'>omnia,</span> <span class='ocrx_word' id='word_1_161' title='bbox 1353 1442 1458 1486; x_wconf 87' lang='lat' dir='ltr'>fides</span> 
     </span>
     <span class='ocr_line' id='line_1_18' title="bbox 69 1512 1459 1573; baseline 0 -17"><span class='ocrx_word' id='word_1_162' title='bbox 69 1529 168 1573; x_wconf 81' lang='lat' dir='ltr'>quae</span> <span class='ocrx_word' id='word_1_163' title='bbox 190 1529 267 1572; x_wconf 88' lang='lat' dir='ltr'>per</span> <span class='ocrx_word' id='word_1_164' title='bbox 299 1513 577 1557; x_wconf 88' lang='lat' dir='ltr'>dilectionem</span> <span class='ocrx_word' id='word_1_165' title='bbox 607 1514 858 1571; x_wconf 61' lang='lat' dir='ltr'>operaturss.</span> <span class='ocrx_word' id='word_1_166' title='bbox 896 1533 912 1553; x_wconf 88' lang='lat'>»</span> <span class='ocrx_word' id='word_1_167' title='bbox 936 1512 1061 1557; x_wconf 86' lang='lat' dir='ltr'>Unde</span> <span class='ocrx_word' id='word_1_168' title='bbox 1090 1513 1219 1556; x_wconf 81' lang='lat' dir='ltr'>etiam</span> <span class='ocrx_word' id='word_1_169' title='bbox 1251 1513 1459 1557; x_wconf 86' lang='lat' dir='ltr'>Dominus</span> 
     </span>
     <span class='ocr_line' id='line_1_19' title="bbox 70 1582 1456 1642; baseline -0.001 -15"><span class='ocrx_word' id='word_1_170' title='bbox 70 1584 114 1627; x_wconf 88' lang='lat' dir='ltr'>in</span> <span class='ocrx_word' id='word_1_171' title='bbox 132 1583 369 1641; x_wconf 80' lang='lat' dir='ltr'>Evangelio</span> <span class='ocrx_word' id='word_1_172' title='bbox 388 1582 518 1626; x_wconf 88' lang='lat' dir='ltr'>dicit:</span> <span class='ocrx_word' id='word_1_173' title='bbox 541 1602 559 1624; x_wconf 91' lang='lat'>«</span> <span class='ocrx_word' id='word_1_174' title='bbox 582 1586 675 1626; x_wconf 93' lang='lat' dir='ltr'>Hoc</span> <span class='ocrx_word' id='word_1_175' title='bbox 694 1592 757 1627; x_wconf 90' lang='lat' dir='ltr'>est</span> <span class='ocrx_word' id='word_1_176' title='bbox 779 1599 887 1642; x_wconf 90' lang='lat' dir='ltr'>opus</span> <span class='ocrx_word' id='word_1_177' title='bbox 906 1584 997 1637; x_wconf 79' lang='lat' dir='ltr'>Dei,</span> <span class='ocrx_word' id='word_1_178' title='bbox 1024 1592 1073 1626; x_wconf 90' lang='lat' dir='ltr'>ut</span> <span class='ocrx_word' id='word_1_179' title='bbox 1094 1583 1277 1627; x_wconf 82' lang='lat' dir='ltr'>credatis</span> <span class='ocrx_word' id='word_1_180' title='bbox 1298 1584 1343 1626; x_wconf 90' lang='lat' dir='ltr'>in</span> <span class='ocrx_word' id='word_1_181' title='bbox 1357 1599 1456 1627; x_wconf 90' lang='lat' dir='ltr'>eum</span> 
     </span>
     <span class='ocr_line' id='line_1_20' title="bbox 76 1652 1459 1713; baseline 0.001 -17"><span class='ocrx_word' id='word_1_182' title='bbox 76 1674 92 1696; x_wconf 88' lang='lat'>»</span> <span class='ocrx_word' id='word_1_183' title='bbox 128 1669 257 1713; x_wconf 85' lang='lat' dir='ltr'>quem</span> <span class='ocrx_word' id='word_1_184' title='bbox 286 1652 359 1696; x_wconf 89' lang='lat' dir='ltr'>ille</span> <span class='ocrx_word' id='word_1_185' title='bbox 386 1653 543 1696; x_wconf 44' lang='lat' dir='ltr'>misit&amp;</span> <span class='ocrx_word' id='word_1_186' title='bbox 569 1671 588 1693; x_wconf 84' lang='lat'>»</span> <span class='ocrx_word' id='word_1_187' title='bbox 621 1655 733 1698; x_wconf 90' lang='lat' dir='ltr'>Cum</span> <span class='ocrx_word' id='word_1_188' title='bbox 756 1668 857 1711; x_wconf 85' lang='lat' dir='ltr'>ergo</span> <span class='ocrx_word' id='word_1_189' title='bbox 887 1654 933 1697; x_wconf 88' lang='lat' dir='ltr'>in</span> <span class='ocrx_word' id='word_1_190' title='bbox 960 1654 1041 1698; x_wconf 89' lang='lat' dir='ltr'>isto</span> <span class='ocrx_word' id='word_1_191' title='bbox 1070 1653 1267 1708; x_wconf 81' lang='lat' dir='ltr'>Psalmo,</span> <span class='ocrx_word' id='word_1_192' title='bbox 1297 1663 1340 1697; x_wconf 88' lang='lat' dir='ltr'>et</span> <span class='ocrx_word' id='word_1_193' title='bbox 1373 1654 1459 1698; x_wconf 88' lang='lat' dir='ltr'>vita</span> 
     </span>
     <span class='ocr_line' id='line_1_21' title="bbox 70 1723 1459 1778; baseline 0 -11"><span class='ocrx_word' id='word_1_194' title='bbox 70 1733 194 1767; x_wconf 88' lang='lat' dir='ltr'>vetus</span> <span class='ocrx_word' id='word_1_195' title='bbox 216 1733 259 1767; x_wconf 88' lang='lat' dir='ltr'>et</span> <span class='ocrx_word' id='word_1_196' title='bbox 275 1724 362 1767; x_wconf 87' lang='lat' dir='ltr'>vita</span> <span class='ocrx_word' id='word_1_197' title='bbox 384 1739 495 1767; x_wconf 88' lang='lat' dir='ltr'>nova</span> <span class='ocrx_word' id='word_1_198' title='bbox 509 1759 519 1778; x_wconf 71' lang='lat'><strong><em>⁷</em></strong></span> <span class='ocrx_word' id='word_1_199' title='bbox 545 1733 588 1766; x_wconf 89' lang='lat' dir='ltr'>et</span> <span class='ocrx_word' id='word_1_200' title='bbox 604 1723 692 1767; x_wconf 84' lang='lat' dir='ltr'>vita</span> <span class='ocrx_word' id='word_1_201' title='bbox 715 1723 908 1768; x_wconf 87' lang='lat' dir='ltr'>mortalis</span> <span class='ocrx_word' id='word_1_202' title='bbox 929 1733 972 1768; x_wconf 90' lang='lat' dir='ltr'>et</span> <span class='ocrx_word' id='word_1_203' title='bbox 989 1724 1075 1769; x_wconf 89' lang='lat' dir='ltr'>vita</span> <span class='ocrx_word' id='word_1_204' title='bbox 1104 1724 1266 1778; x_wconf 79' lang='lat' dir='ltr'>vitalis,</span> <span class='ocrx_word' id='word_1_205' title='bbox 1293 1734 1336 1768; x_wconf 90' lang='lat' dir='ltr'>et</span> <span class='ocrx_word' id='word_1_206' title='bbox 1358 1725 1459 1768; x_wconf 82' lang='lat' dir='ltr'>anni</span> 
     </span>
     <span class='ocr_line' id='line_1_22' title="bbox 71 1793 1460 1855; baseline 0 -17"><span class='ocrx_word' id='word_1_207' title='bbox 71 1795 147 1855; x_wconf 86' lang='lat' dir='ltr'>qui</span> <span class='ocrx_word' id='word_1_208' title='bbox 179 1810 258 1853; x_wconf 91' lang='lat' dir='ltr'>pro</span> <span class='ocrx_word' id='word_1_209' title='bbox 286 1793 422 1838; x_wconf 86' lang='lat' dir='ltr'>nihilo</span> <span class='ocrx_word' id='word_1_210' title='bbox 452 1794 670 1838; x_wconf 84' lang='lat' dir='ltr'>habentur</span> <span class='ocrx_word' id='word_1_211' title='bbox 702 1803 746 1838; x_wconf 90' lang='lat' dir='ltr'>et</span> <span class='ocrx_word' id='word_1_212' title='bbox 772 1794 862 1838; x_wconf 88' lang='lat' dir='ltr'>dies</span> <span class='ocrx_word' id='word_1_213' title='bbox 895 1795 1107 1839; x_wconf 85' lang='lat' dir='ltr'>habentes</span> <span class='ocrx_word' id='word_1_214' title='bbox 1141 1795 1460 1854; x_wconf 85' lang='lat' dir='ltr'>plenitudinem</span> 
     </span>
     <span class='ocr_line' id='line_1_23' title="bbox 72 1864 1458 1926; baseline 0.001 -17"><span class='ocrx_word' id='word_1_215' title='bbox 72 1865 374 1910; x_wconf 79' lang='lat' dir='ltr'>misericordiae</span> <span class='ocrx_word' id='word_1_216' title='bbox 392 1880 594 1925; x_wconf 69' lang='lat' dir='ltr'>veraeque</span> <span class='ocrx_word' id='word_1_217' title='bbox 611 1864 774 1909; x_wconf 76' lang='lat' dir='ltr'>laetitiae</span> <span class='ocrx_word' id='word_1_218' title='bbox 790 1901 800 1920; x_wconf 87' lang='lat'><strong>‚</strong></span> <span class='ocrx_word' id='word_1_219' title='bbox 823 1865 868 1909; x_wconf 89' lang='lat' dir='ltr'>id</span> <span class='ocrx_word' id='word_1_220' title='bbox 886 1875 972 1920; x_wconf 77' lang='lat' dir='ltr'>est,</span> <span class='ocrx_word' id='word_1_221' title='bbox 1005 1875 1048 1910; x_wconf 92' lang='lat' dir='ltr'>et</span> <span class='ocrx_word' id='word_1_222' title='bbox 1070 1882 1202 1926; x_wconf 85' lang='lat' dir='ltr'>poena</span> <span class='ocrx_word' id='word_1_223' title='bbox 1224 1867 1353 1925; x_wconf 88' lang='lat' dir='ltr'>primi</span> <span class='ocrx_word' id='word_1_224' title='bbox 1377 1868 1458 1910; x_wconf 93' lang='lat' dir='ltr'>ho-</span> 
     </span>
     <span class='ocr_line' id='line_1_24' title="bbox 71 1934 1456 1996; baseline 0 -17"><span class='ocrx_word' id='word_1_225' title='bbox 71 1936 198 1980; x_wconf 90' lang='lat' dir='ltr'>minis</span> <span class='ocrx_word' id='word_1_226' title='bbox 220 1945 264 1979; x_wconf 86' lang='lat' dir='ltr'>et</span> <span class='ocrx_word' id='word_1_227' title='bbox 285 1951 470 1994; x_wconf 79' lang='lat' dir='ltr'>regnum</span> <span class='ocrx_word' id='word_1_228' title='bbox 492 1934 698 1989; x_wconf 81' lang='lat' dir='ltr'>secundi,</span> <span class='ocrx_word' id='word_1_229' title='bbox 724 1937 822 1979; x_wconf 90' lang='lat' dir='ltr'>satis</span> <span class='ocrx_word' id='word_1_230' title='bbox 851 1946 1087 1996; x_wconf 86' lang='lat' dir='ltr'>aperteque</span> <span class='ocrx_word' id='word_1_231' title='bbox 1109 1936 1311 1980; x_wconf 85' lang='lat' dir='ltr'>distincta</span> <span class='ocrx_word' id='word_1_232' title='bbox 1338 1937 1422 1980; x_wconf 87' lang='lat' dir='ltr'>sint</span> <span class='ocrx_word' id='word_1_233' title='bbox 1448 1955 1456 1980; x_wconf 79' lang='lat' dir='ltr'>z</span> 
     </span>
     <span class='ocr_line' id='line_1_25' title="bbox 73 2005 1461 2067; baseline -0.001 -17"><span class='ocrx_word' id='word_1_234' title='bbox 73 2006 227 2050; x_wconf 87' lang='lat' dir='ltr'>adhoc</span> <span class='ocrx_word' id='word_1_235' title='bbox 250 2005 445 2050; x_wconf 81' lang='lat' dir='ltr'>existimo</span> <span class='ocrx_word' id='word_1_236' title='bbox 475 2006 660 2049; x_wconf 87' lang='lat' dir='ltr'>hominis</span> <span class='ocrx_word' id='word_1_237' title='bbox 678 2007 755 2049; x_wconf 92' lang='lat' dir='ltr'>Dei</span> <span class='ocrx_word' id='word_1_238' title='bbox 776 2007 917 2064; x_wconf 85' lang='lat' dir='ltr'>Moysi</span> <span class='ocrx_word' id='word_1_239' title='bbox 940 2022 1101 2050; x_wconf 89' lang='lat' dir='ltr'>nomen</span> <span class='ocrx_word' id='word_1_240' title='bbox 1124 2006 1254 2051; x_wconf 89' lang='lat' dir='ltr'>titulo</span> <span class='ocrx_word' id='word_1_241' title='bbox 1277 2008 1367 2067; x_wconf 85' lang='lat' dir='ltr'>ejus</span> <span class='ocrx_word' id='word_1_242' title='bbox 1390 2008 1461 2049; x_wconf 93' lang='lat' dir='ltr'>in-</span> 
     </span>
     <span class='ocr_line' id='line_1_26' title="bbox 73 2076 1458 2136; baseline 0 -15"><span class='ocrx_word' id='word_1_243' title='bbox 73 2077 302 2136; x_wconf 82' lang='lat' dir='ltr'>scriptum,</span> <span class='ocrx_word' id='word_1_244' title='bbox 327 2085 377 2120; x_wconf 89' lang='lat' dir='ltr'>ut</span> <span class='ocrx_word' id='word_1_245' title='bbox 398 2077 456 2119; x_wconf 91' lang='lat' dir='ltr'>eis</span> <span class='ocrx_word' id='word_1_246' title='bbox 478 2077 554 2136; x_wconf 87' lang='lat' dir='ltr'>qui</span> <span class='ocrx_word' id='word_1_247' title='bbox 581 2076 651 2135; x_wconf 87' lang='lat' dir='ltr'>pie</span> <span class='ocrx_word' id='word_1_248' title='bbox 673 2085 876 2136; x_wconf 89' lang='lat' dir='ltr'>recteque</span> <span class='ocrx_word' id='word_1_249' title='bbox 910 2086 1159 2121; x_wconf 85' lang='lat' dir='ltr'>scrutantur</span> <span class='ocrx_word' id='word_1_250' title='bbox 1189 2080 1430 2136; x_wconf 88' lang='lat' dir='ltr'>Scripturas</span> <span class='ocrx_word' id='word_1_251' title='bbox 1447 2113 1458 2131; x_wconf 89' lang='lat'><strong>‚</strong></span> 
     </span>
     <span class='ocr_line' id='line_1_27' title="bbox 73 2146 1462 2207; baseline -0.001 -15"><span class='ocrx_word' id='word_1_252' title='bbox 73 2163 124 2192; x_wconf 88' lang='lat' dir='ltr'>eo</span> <span class='ocrx_word' id='word_1_253' title='bbox 145 2146 279 2191; x_wconf 89' lang='lat' dir='ltr'>modo</span> <span class='ocrx_word' id='word_1_254' title='bbox 307 2147 581 2191; x_wconf 87' lang='lat' dir='ltr'>intimaretur</span> <span class='ocrx_word' id='word_1_255' title='bbox 603 2147 732 2191; x_wconf 86' lang='lat' dir='ltr'>etiam</span> <span class='ocrx_word' id='word_1_256' title='bbox 756 2150 915 2205; x_wconf 80' lang='lat' dir='ltr'>Legem</span> <span class='ocrx_word' id='word_1_257' title='bbox 935 2148 1037 2201; x_wconf 86' lang='lat' dir='ltr'>Dei,</span> <span class='ocrx_word' id='word_1_258' title='bbox 1063 2164 1162 2207; x_wconf 79' lang='lat' dir='ltr'>quae</span> <span class='ocrx_word' id='word_1_259' title='bbox 1185 2164 1262 2207; x_wconf 92' lang='lat' dir='ltr'>per</span> <span class='ocrx_word' id='word_1_260' title='bbox 1279 2151 1462 2206; x_wconf 83' lang='lat' dir='ltr'>Moysen</span> 
     </span>
     <span class='ocr_line' id='line_1_28' title="bbox 74 2217 1461 2278; baseline 0 -17"><span class='ocrx_word' id='word_1_261' title='bbox 74 2217 312 2262; x_wconf 86' lang='lat' dir='ltr'>ministrata</span> <span class='ocrx_word' id='word_1_262' title='bbox 335 2226 399 2261; x_wconf 89' lang='lat' dir='ltr'>est</span> <span class='ocrx_word' id='word_1_263' title='bbox 414 2253 424 2272; x_wconf 78' lang='lat'>‚</span> <span class='ocrx_word' id='word_1_264' title='bbox 451 2217 528 2260; x_wconf 76' lang='lat' dir='ltr'>uhi</span> <span class='ocrx_word' id='word_1_265' title='bbox 551 2233 630 2276; x_wconf 91' lang='lat' dir='ltr'>pro</span> <span class='ocrx_word' id='word_1_266' title='bbox 648 2217 773 2261; x_wconf 85' lang='lat' dir='ltr'>bonis</span> <span class='ocrx_word' id='word_1_267' title='bbox 796 2218 999 2276; x_wconf 86' lang='lat' dir='ltr'>operibus</span> <span class='ocrx_word' id='word_1_268' title='bbox 1021 2217 1110 2262; x_wconf 87' lang='lat' dir='ltr'>sola</span> <span class='ocrx_word' id='word_1_269' title='bbox 1131 2219 1201 2262; x_wconf 82' lang='lat' dir='ltr'>vel</span> <span class='ocrx_word' id='word_1_270' title='bbox 1232 2234 1342 2278; x_wconf 89' lang='lat' dir='ltr'>pene</span> <span class='ocrx_word' id='word_1_271' title='bbox 1373 2217 1461 2262; x_wconf 86' lang='lat' dir='ltr'>sola</span> 
     </span>
     <span class='ocr_line' id='line_1_29' title="bbox 73 2288 1463 2351; baseline -0.001 -17"><span class='ocrx_word' id='word_1_272' title='bbox 73 2291 247 2351; x_wconf 86' lang='lat' dir='ltr'>praemia</span> <span class='ocrx_word' id='word_1_273' title='bbox 276 2299 549 2334; x_wconf 85' lang='lat' dir='ltr'>terrenorum</span> <span class='ocrx_word' id='word_1_274' title='bbox 573 2290 788 2333; x_wconf 81' lang='lat' dir='ltr'>bonorum</span> <span class='ocrx_word' id='word_1_275' title='bbox 812 2292 926 2333; x_wconf 85' lang='lat' dir='ltr'>Deus</span> <span class='ocrx_word' id='word_1_276' title='bbox 948 2288 1142 2348; x_wconf 89' lang='lat' dir='ltr'>polliceri</span> <span class='ocrx_word' id='word_1_277' title='bbox 1163 2289 1350 2343; x_wconf 83' lang='lat' dir='ltr'>videtur,</span> <span class='ocrx_word' id='word_1_278' title='bbox 1372 2290 1463 2333; x_wconf 89' lang='lat' dir='ltr'>sine</span> 
     </span>
     <span class='ocr_line' id='line_1_30' title="bbox 74 2360 1464 2421; baseline -0.002 -15"><span class='ocrx_word' id='word_1_279' title='bbox 74 2361 210 2406; x_wconf 89' lang='lat' dir='ltr'>dubio</span> <span class='ocrx_word' id='word_1_280' title='bbox 227 2363 389 2405; x_wconf 86' lang='lat' dir='ltr'>habere</span> <span class='ocrx_word' id='word_1_281' title='bbox 411 2361 492 2405; x_wconf 87' lang='lat' dir='ltr'>sub</span> <span class='ocrx_word' id='word_1_282' title='bbox 511 2360 756 2405; x_wconf 85' lang='lat' dir='ltr'>velamento</span> <span class='ocrx_word' id='word_1_283' title='bbox 780 2360 864 2404; x_wconf 87' lang='lat' dir='ltr'>tale</span> <span class='ocrx_word' id='word_1_284' title='bbox 885 2360 1075 2420; x_wconf 77' lang='lat' dir='ltr'>aliquid,</span> <span class='ocrx_word' id='word_1_285' title='bbox 1098 2360 1226 2421; x_wconf 81' lang='lat' dir='ltr'>quale</span> <span class='ocrx_word' id='word_1_286' title='bbox 1248 2361 1327 2404; x_wconf 92' lang='lat' dir='ltr'>iste</span> <span class='ocrx_word' id='word_1_287' title='bbox 1345 2360 1464 2404; x_wconf 88' lang='lat' dir='ltr'>Psal-</span> 
     </span>
     <span class='ocr_line' id='line_1_31' title="bbox 73 2431 1460 2491; baseline -0.002 -15"><span class='ocrx_word' id='word_1_288' title='bbox 73 2449 170 2476; x_wconf 88' lang='lat' dir='ltr'>mus</span> <span class='ocrx_word' id='word_1_289' title='bbox 199 2432 402 2476; x_wconf 82' lang='lat' dir='ltr'>ostendit.</span> <span class='ocrx_word' id='word_1_290' title='bbox 439 2431 523 2476; x_wconf 85' lang='lat' dir='ltr'>Sed</span> <span class='ocrx_word' id='word_1_291' title='bbox 553 2447 654 2476; x_wconf 87' lang='lat' dir='ltr'>cum</span> <span class='ocrx_word' id='word_1_292' title='bbox 677 2431 862 2491; x_wconf 82' lang='lat' dir='ltr'>quisque</span> <span class='ocrx_word' id='word_1_293' title='bbox 892 2431 1105 2474; x_wconf 83' lang='lat' dir='ltr'>transierit</span> <span class='ocrx_word' id='word_1_294' title='bbox 1128 2431 1181 2474; x_wconf 86' lang='lat' dir='ltr'>ad</span> <span class='ocrx_word' id='word_1_295' title='bbox 1211 2431 1429 2475; x_wconf 88' lang='lat' dir='ltr'>Christum</span> <span class='ocrx_word' id='word_1_296' title='bbox 1449 2466 1460 2485; x_wconf 84' lang='lat'>‚</span> 
     </span>
     <span class='ocr_line' id='line_1_32' title="bbox 78 2500 1465 2561; baseline -0.002 -15"><span class='ocrx_word' id='word_1_297' title='bbox 78 2501 298 2546; x_wconf 77' lang='lat' dir='ltr'>auferetur</span> <span class='ocrx_word' id='word_1_298' title='bbox 319 2500 515 2546; x_wconf 81' lang='lat' dir='ltr'>velamen</span> <span class='ocrx_word' id='word_1_299' title='bbox 533 2505 563 2556; x_wconf 66' lang='lat'>⁵,</span> <span class='ocrx_word' id='word_1_300' title='bbox 589 2510 632 2545; x_wconf 90' lang='lat' dir='ltr'>et</span> <span class='ocrx_word' id='word_1_301' title='bbox 654 2501 964 2545; x_wconf 86' lang='lat' dir='ltr'>revelabuntur</span> <span class='ocrx_word' id='word_1_302' title='bbox 987 2500 1101 2545; x_wconf 90' lang='lat' dir='ltr'>oculi</span> <span class='ocrx_word' id='word_1_303' title='bbox 1120 2503 1211 2561; x_wconf 85' lang='lat' dir='ltr'>ejus</span> <span class='ocrx_word' id='word_1_304' title='bbox 1228 2537 1238 2556; x_wconf 80' lang='lat'>,</span> <span class='ocrx_word' id='word_1_305' title='bbox 1257 2510 1305 2544; x_wconf 91' lang='lat' dir='ltr'>ut</span> <span class='ocrx_word' id='word_1_306' title='bbox 1323 2502 1465 2544; x_wconf 87' lang='lat' dir='ltr'>consi-</span> 
     </span>
    </p>
   </div>
   <div class='ocr_carea' id='block_1_3' title="bbox 77 2599 1453 2696">
    <p class='ocr_par' dir='ltr' id='par_1_3' title="bbox 77 2599 1453 2696">
     <span class='ocr_line' id='line_1_33' title="bbox 127 2599 1453 2641; baseline -0.001 -9"><span class='ocrx_word' id='word_1_307' title='bbox 127 2605 134 2621; x_wconf 83' lang='lat'><strong>¹</strong></span> <span class='ocrx_word' id='word_1_308' title='bbox 157 2603 247 2633; x_wconf 83' lang='lat' dir='ltr'>Rom.</span> <span class='ocrx_word' id='word_1_309' title='bbox 267 2612 334 2641; x_wconf 83' lang='lat' dir='ltr'>xm,</span> <span class='ocrx_word' id='word_1_310' title='bbox 354 2613 460 2633; x_wconf 70' lang='lat'>10.-</span> <span class='ocrx_word' id='word_1_311' title='bbox 487 2609 499 2624; x_wconf 85' lang='lat'>²</span> <span class='ocrx_word' id='word_1_312' title='bbox 533 2613 544 2632; x_wconf 87' lang='lat' dir='ltr'>r</span> <span class='ocrx_word' id='word_1_313' title='bbox 564 2601 642 2632; x_wconf 83' lang='lat' dir='ltr'>Tim.</span> <span class='ocrx_word' id='word_1_314' title='bbox 663 2612 685 2640; x_wconf 82' lang='lat'>1,</span> <span class='ocrx_word' id='word_1_315' title='bbox 711 2601 742 2631; x_wconf 83' lang='lat'>5.</span> <span class='ocrx_word' id='word_1_316' title='bbox 765 2618 805 2623; x_wconf 84' lang='lat'><em>—</em></span> <span class='ocrx_word' id='word_1_317' title='bbox 832 2599 924 2633; x_wconf 79' lang='lat' dir='ltr'>3Gal.</span> <span class='ocrx_word' id='word_1_318' title='bbox 947 2612 985 2639; x_wconf 86' lang='lat' dir='ltr'>v,</span> <span class='ocrx_word' id='word_1_319' title='bbox 1001 2600 1033 2632; x_wconf 85' lang='lat' dir='ltr'>G.</span> <span class='ocrx_word' id='word_1_320' title='bbox 1065 2619 1086 2624; x_wconf 86' lang='lat'><em>—</em></span> <span class='ocrx_word' id='word_1_321' title='bbox 1120 2600 1134 2629; x_wconf 69' lang='lat'>4</span> <span class='ocrx_word' id='word_1_322' title='bbox 1154 2603 1245 2631; x_wconf 79' lang='lat' dir='ltr'>Joan.</span> <span class='ocrx_word' id='word_1_323' title='bbox 1267 2609 1383 2641; x_wconf 80' lang='lat' dir='ltr'>v1,29.</span> <span class='ocrx_word' id='word_1_324' title='bbox 1413 2617 1453 2622; x_wconf 92' lang='lat'>—</span> 
     </span>
     <span class='ocr_line' id='line_1_34' title="bbox 77 2655 351 2696; baseline 0 -8"><span class='ocrx_word' id='word_1_325' title='bbox 77 2655 91 2679; x_wconf 82' lang='lat'>⁵</span> <span class='ocrx_word' id='word_1_326' title='bbox 109 2665 127 2688; x_wconf 83' lang='lat'><strong>2</strong></span> <span class='ocrx_word' id='word_1_327' title='bbox 145 2657 217 2690; x_wconf 84' lang='lat' dir='ltr'>Cor.</span> <span class='ocrx_word' id='word_1_328' title='bbox 235 2667 283 2696; x_wconf 83' lang='lat'>111,</span> <span class='ocrx_word' id='word_1_329' title='bbox 303 2657 351 2689; x_wconf 83' lang='lat'>16.</span> 
     </span>
    </p>
   </div>
  </div>
 </body>
</html>
