1926 3339
388 222 629 251 ENARRAuo
663 225 705 250 m
740 224 943 251 1¹sALM0M
977 225 1119 251 Lxxvt.
1396 219 1445 256 13

63 288 181 331 horae
216 286 377 332 futurae
408 287 609 333 nondum
641 297 871 332 venerunt.
913 291 970 333 Et
1002 288 1086 332 hoc
1117 303 1220 348 ergo
1252 291 1444 349 corrige:
1502 302 1505 307 ’

63 359 154 402 Hac
178 357 307 413 hora,
343 357 428 403 dic.
469 362 526 403 Et
555 357 610 402 de
637 358 717 403 ista
751 359 858 403 hora
899 357 1007 419 quid
1038 361 1190 403 tenes?
1225 362 1448 405 Momenta

61 427 152 487 ejus
173 428 375 488 quaedam
391 430 482 489 jam
503 429 795 485 transierunt3
826 445 926 489 quae
953 426 1100 472 futura
1123 438 1225 472 sunt
1248 430 1450 475 nondum

60 508 290 543 venerunt.
323 501 417 543 Hoc
437 508 686 554 momento,
711 498 796 543 dic.
826 501 925 552 Quo
952 499 1203 543 momento?
1225 501 1338 543 Dum
1360 500 1451 558 syl-

58 565 179 611 labas
206 567 386 628 loquor,
418 569 453 613 si
475 568 585 613 duas
608 567 795 626 syllabas
827 568 970 613 dicam
986 603 998 624 ‚
1024 567 1158 613 altera
1181 584 1272 613 non
1295 579 1420 614 sonat
1435 605 1446 625 ‚

59 637 141 681 nisi
163 653 264 682 cum
292 637 364 683 illa
384 638 601 684 transierit
621 658 629 684 :
650 639 741 698 ipsa
758 638 948 700 denique
965 655 1052 683 una
1074 639 1240 697 syllaba
1254 675 1264 695 ,
1290 639 1323 684 si
1342 641 1450 685 duas

58 707 223 752 litteras
257 708 441 765 habeat,
477 725 567 754 non
599 720 725 755 sonat
763 710 973 770 posterior
1008 709 1174 766 littera,
1216 711 1297 754 nisi
1332 712 1452 770 prior

59 778 228 823 abierit.
250 779 365 832 Quid
384 795 487 839 ergo
509 789 707 824 tenemus
731 780 786 824 de
807 780 873 824 his
899 780 1048 824 annis?
1064 780 1182 824 Anni
1205 780 1275 824 isti
1302 789 1451 825 muta-

58 848 166 893 biles
179 859 282 894 sunt
303 869 312 895 :
329 850 431 894 anni
448 851 599 894 aeterni
613 850 834 910 cogitandi
848 859 973 905 sunt,
994 850 1097 894 anni
1118 850 1195 910 qui
1212 859 1348 906 stant,
1375 851 1452 911 qui

57 936 149 965 non
175 921 451 966 venientibus
473 930 516 966 et
543 921 808 966 abeuntibus
836 922 991 966 diebus
1011 930 1307 982 peraguntur,
1348 921 1453 966 anni

59 989 114 1034 de
135 991 296 1051 quibus
314 991 399 1035 alio
415 991 512 1036 loco
530 992 750 1051 Scriptura
772 991 879 1036 dicit
894 995 1009 1047 Deo,
1035 1010 1056 1034 (ι
1083 994 1149 1036 Tu
1165 1001 1312 1036 autem
1335 990 1453 1036 idem

63 1079 81 1101 «
118 1061 209 1121 ipse
227 1077 270 1106 es
284 1096 295 1116 ‚
313 1071 356 1106 et
370 1056 553 1106 annitui
570 1078 660 1107 non
677 1061 881 1107 deficient
894 1065 926 1107 ¹.
950 1083 968 1104 »
986 1065 1075 1108 Hos
1092 1079 1227 1108 annos
1245 1063 1322 1107 iste
1338 1072 1455 1107 tran-

58 1131 203 1176 siliens
220 1167 231 1188 ,
258 1148 350 1177 non
373 1135 419 1177 in
447 1133 697 1191 garrulitate
719 1131 979 1190 forinsecus,
1005 1133 1081 1178 sed
1106 1135 1152 1179 in
1179 1133 1351 1178 silentio
1374 1149 1455 1179 co-

59 1203 223 1262 gitavit.
254 1222 272 1244 «
294 1206 352 1248 Et
373 1220 589 1249 annorum
607 1214 872 1249 aeternorum
894 1220 1061 1250 memor
1083 1204 1162 1250 fui.
1191 1223 1212 1246 »

119 1276 198 1318 IX.
223 1293 241 1315 «
260 1278 318 1319 Et
333 1275 568 1320 meditatus
589 1291 686 1320 sum
703 1285 831 1320 nocte
844 1291 944 1320 cum
968 1275 1100 1320 corde
1118 1276 1258 1321 meo².
1278 1277 1454 1321 »Nemo

58 1345 121 1389 illi
145 1345 439 1391 calumniosus
473 1347 716 1391 tendiculas
746 1347 982 1391 verborum
1010 1347 1217 1408 requirit,
1254 1347 1300 1390 in
1322 1346 1454 1391 corde

56 1420 136 1461 suo
157 1417 392 1462 meditatus
413 1427 492 1461 est.
528 1437 550 1460 «
573 1418 841 1462 Garriebam.
864 1436 883 1459 »
909 1421 1023 1462 Ecce
1045 1427 1109 1462 est
1136 1417 1449 1476 illudrgarrire.

57 1487 247 1532 Observa
277 1487 459 1543 iterum,
488 1503 543 1531 ne
572 1487 746 1533 deficiat
776 1488 950 1548 spiritus
979 1498 1094 1532 tuus.
1126 1491 1247 1543 Non,
1279 1488 1450 1548 inquit,

57 1573 147 1602 non
166 1558 224 1602 sic
251 1558 492 1616 garriebam
511 1559 634 1618 quasi
650 1558 753 1603 foris
772 1578 779 1603 :
802 1558 892 1614 alio,-
908 1558 1040 1603 modo
1063 1575 1196 1603 nunc.
1219 1558 1454 1612 Quomodo

57 1630 207 1673 nunc?
238 1647 258 1671 ι(
283 1629 558 1684 Garriebam,
596 1639 640 1674 et
673 1630 901 1674 scrutabar
929 1629 1131 1689 spiritum
1164 1644 1327 1674 meum.
1358 1648 1377 1669 »
1412 1628 1455 1673 Si

57 1708 325 1743 scrutaretur
359 1700 438 1744 iste
470 1709 656 1756 terram,
682 1709 732 1744 ut
769 1716 898 1744 venas
930 1700 1024 1744 auri
1051 1700 1290 1754 inveniret,
1324 1714 1455 1743 nemo

58 1785 159 1814 eum
177 1769 373 1831 desipere
396 1770 586 1829 diceret3
609 1772 698 1816 imo
722 1771 961 1831 sapientem
981 1770 1109 1815 multi
1128 1770 1348 1826 dicerent,
1378 1770 1456 1830 qui

57 1841 189 1887 vellet
212 1841 268 1886 ad
285 1858 441 1886 aurum
464 1843 692 1902 pervenire
714 1862 722 1887 z
743 1852 908 1903 quanta
929 1844 1063 1887 homo
1084 1843 1219 1887 habet
1240 1842 1384 1898 intus,
1412 1851 1457 1886 et

58 1927 150 1956 non
170 1911 310 1956 fodit?
334 1913 620 1957 Scrutabatur
640 1914 720 1957 iste
753 1913 953 1972 spiritum
982 1929 1109 1958 suum
1126 1949 1137 1969 ⁷
1167 1923 1210 1957 et
1232 1928 1334 1957 cum
1362 1913 1456 1972 ipso

57 1982 212 2042 spiritu
233 1999 312 2027 suo
336 1982 619 2044 loquebatur,
645 1992 689 2027 et
710 1984 755 2026 in
776 1983 868 2043 ipsa
889 1983 1112 2028 locutione
1142 1983 1374 2042 garriebat.
1403 1985 1456 2027 Se

58 2053 202 2113 ipsum
233 2053 555 2111 interrogabat,
592 2068 636 2097 se
663 2053 804 2113 ipsum
835 2053 1139 2109 examinabat,
1169 2053 1215 2097 in
1248 2068 1292 2096 se
1319 2051 1457 2112 judex

59 2133 166 2169 erat.
191 2127 248 2168 Et
271 2124 496 2185 sequitur:
521 2143 541 2166 «
568 2124 803 2169 Scrutabar
825 2124 1026 2184 spiritum
1043 2139 1205 2168 meum.
1231 2144 1250 2165 »
1278 2123 1456 2167 Timen-

59 2195 165 2239 dum
186 2211 242 2239 ne
259 2195 305 2239 in
326 2196 419 2255 ipso
442 2195 596 2255 spiritu
618 2211 697 2239 suo
720 2204 940 2239 remaneat
959 2214 968 2239 :
990 2194 1167 2254 garrivit
1188 2195 1304 2238 enim
1326 2192 1452 2251 foris3

59 2274 103 2309 et
126 2266 228 2326 quia
250 2266 598 2325 anticipaverunt
618 2265 784 2324 vigilias
805 2280 954 2309 omnes
971 2264 1135 2309 inimici
1154 2265 1261 2324 ejus,
1288 2263 1457 2308 invenit

60 2335 121 2379 ibi
148 2335 387 2392 tristitiam⁷
411 2345 455 2380 et
475 2335 638 2380 defecit
658 2335 834 2395 spiritus
856 2336 961 2394 ejus.
987 2336 1073 2388 Qui
1095 2334 1310 2393 garriebat
1330 2333 1451 2388 foris,

61 2422 159 2451 ecce
178 2407 314 2467 coepit
333 2407 451 2451 intus
474 2407 636 2466 garrire
656 2422 833 2451 securus
852 2441 863 2461 ,
888 2406 966 2449 ubi
984 2405 1099 2449 solus
1121 2406 1164 2448 in
1187 2404 1357 2449 silentio
1379 2420 1456 2449 co-

62 2477 168 2536 gitat
190 2493 325 2521 annos
348 2487 547 2522 aeternos.
575 2496 596 2520 «
619 2480 677 2521 Et
703 2476 1023 2536 perscrutabar,
1055 2476 1224 2536 inquit,
1252 2475 1453 2536 spiritum

111 2568 118 2582 ¹
142 2560 279 2603 Psale1,
297 2564 349 2594 28.
372 2579 412 2585 —-
431 2563 630 2603 ²Id.1,xxv1‚
654 2573 685 2604 7.
