1926 3339
0 3233 1 3260 1

0 3262 2 3291 i

351 311 592 344 ENARRAno
623 314 669 342 IN
699 310 904 342 PsALMUM
935 309 1103 340 Lxxxiv.
1329 303 1413 342 179

32 399 53 423 »
88 390 166 425 est.
201 399 221 423 »
249 381 434 425 Intende
463 379 590 424 illum
614 378 903 424 Publicanum
925 378 1054 436 longe
1083 393 1108 421 a
1129 377 1347 421 Pharisaeo
1368 379 1416 422 in

28 451 192 512 templo
223 461 420 497 orantem
443 487 454 507 ‚
491 451 568 511 qui
604 466 747 511 neque
780 449 924 494 oculos
948 448 1003 494 ad
1035 448 1199 493 coelum
1222 446 1413 492 audebat

27 522 186 578 levare,
212 522 287 568 sed
313 522 584 583 percutiebat
604 531 754 582 pectus
782 536 927 576 suum,
950 519 1096 565 dicens
1123 539 1132 565 :
1164 519 1381 564 «Domine
1397 553 1408 574 ,

30 611 52 635 »
85 594 298 654 propitius
314 603 406 638 esto
426 592 534 637 mihi
556 593 786 652 peccatori.
808 611 828 633 »
854 594 968 636 Ecce
994 610 1015 633 «
1039 590 1207 634 Veritas
1225 588 1281 633 de
1300 598 1414 633 terra

31 681 52 706 »
86 673 180 708 orta
196 673 284 710 est:
312 682 333 707 »
361 663 465 724 quia
485 662 698 708 confessio
718 675 998 723 peccatorum
1021 661 1075 705 ab
1098 661 1276 706 homine
1298 659 1412 705 facta

28 743 105 778 est.
126 733 239 787 Quid
260 750 363 794 ergo
385 734 606 794 sequitur?
627 737 801 778 «Amen
822 732 920 777 dico
939 732 1080 787 vobis,
1106 732 1208 792 quia
1229 732 1413 775 descen-

31 822 53 846 »
85 803 152 849 dit
165 805 426 865 justificatus
449 804 711 850 Publicanus
742 803 816 848 ille
837 804 973 862 magis
1001 818 1135 863 quam
1156 801 1230 846 ille
1260 802 1415 846 Phari—

31 893 52 916 »
86 890 196 920 saeus
223 895 233 920 :
258 876 360 936 quia
388 876 527 920 omnis
549 876 625 936 qui
652 890 696 919 se
713 875 892 929 exaltat,
914 872 1248 933 humiliabitur3
1273 882 1317 916 et
1338 873 1414 932 qui

31 963 52 987 »
89 961 134 990 se
157 946 388 1002 humiliat,
414 945 714 990 exaltabitur1.
746 946 856 989 *Orta
879 953 944 988 est
964 943 1121 987 veritas
1142 942 1198 986 de
1225 951 1360 997 terra,
1389 961 1410 983 »

28 1016 75 1060 in
104 1015 375 1061 confessione
395 1025 675 1076 peccatorum
701 1035 710 1060 :
745 1035 766 1057 «
791 1017 849 1059 Et
873 1013 1040 1075 justitia
1073 1013 1128 1058 de
1150 1013 1264 1058 coelo
1285 1028 1414 1073 pros—

31 1104 52 1128 »
87 1087 218 1146 pexit,
235 1105 255 1128 »
274 1096 323 1131 ut
338 1087 622 1132 descenderet
635 1087 897 1147 justificatus
910 1084 1176 1129 Publicanus
1192 1083 1265 1128 ille
1282 1083 1419 1142 magis

29 1173 162 1218 quam
183 1158 257 1202 ille
284 1159 540 1203 Pharisaeus.
574 1160 683 1203 Nam
711 1167 761 1201 ut
784 1156 988 1202 noveritis
1010 1156 1111 1217 quia
1136 1155 1293 1199 veritas
1314 1170 1417 1215 per-

30 1228 140 1272 tinet
168 1227 223 1272 ad
249 1227 565 1275 confessionem
594 1237 874 1288 peccatorum
891 1263 902 1284 ‚
923 1227 982 1272 ait
1004 1229 1194 1272 ,Ioannes
1216 1228 1419 1284 Evange-

28 1298 125 1344 lista
150 1319 159 1344 :
189 1319 210 1343 «
237 1302 280 1346 Si
302 1299 537 1345 dixerimus
554 1336 565 1356 ‚
591 1300 693 1361 quia
711 1309 940 1360 peccatum
962 1315 1052 1344 non
1073 1299 1288 1343 habemus
1305 1333 1316 1353 ‚
1342 1313 1421 1342 nos

31 1387 54 1412 »
87 1371 202 1430 ipsos
232 1370 479 1416 seducimus
496 1407 508 1427 ,
537 1380 582 1416 et
614 1371 772 1417 veritas
798 1371 844 1415 in
865 1370 992 1415 nobis
1021 1385 1112 1414 non
1144 1379 1222 1414 est.
1251 1387 1273 1410 »
1294 1371 1419 1422 Quo-

29 1441 164 1486 modo
203 1457 306 1501 ergo
341 1444 501 1488 veritas
533 1441 588 1486 de
615 1451 729 1486 terra
763 1441 928 1496 oritur,
953 1450 1004 1485 ut
1026 1440 1193 1500 justitia
1213 1439 1269 1484 de
1306 1439 1420 1484 coelo

30 1513 267 1573 prospiciat
285 1549 295 1569 ‚
323 1514 427 1558 audi
443 1513 569 1557 illum
593 1522 848 1573 sequentem
870 1521 914 1557 et
930 1512 1150 1556 dicentem
1171 1531 1181 1556 :
1206 1530 1227 1554 (t
1256 1511 1298 1556 Si
1321 1526 1425 1554 con-

34 1601 55 1625 »
88 1585 290 1628 fiteamur
305 1593 483 1644 peccata
505 1592 651 1628 nostra
672 1619 682 1639 ,
708 1582 848 1627 fidelis
867 1591 931 1626 est
948 1591 991 1626 et
1005 1583 1149 1642 justus
1166 1617 1176 1637 ‚
1197 1590 1249 1625 ut
1270 1580 1422 1625 remit-

33 1673 56 1698 »
89 1664 153 1699 tat
182 1656 308 1701 nobis
331 1664 506 1716 peccata
524 1691 534 1710 ‚
560 1665 603 1700 et
625 1664 780 1715 purget
812 1670 891 1698 nos
915 1654 969 1698 ab
1000 1654 1121 1698 omni
1142 1652 1372 1714 iniquitate
1386 1655 1418 1695 ².

34 1743 57 1768 »
89 1726 258 1770 Veritas
277 1741 379 1784 ergo
401 1726 457 1770 de
477 1736 591 1770 terra
611 1735 704 1770 orta
728 1733 792 1769 est
807 1760 819 1780 ‚
839 1734 883 1768 et
899 1725 1068 1784 justitia
1090 1724 1145 1768 de
1168 1722 1282 1768 coelo
1303 1738 1421 1784 pros-

35 1815 56 1838 »
89 1798 224 1857 pexit.
254 1815 275 1838 »
300 1800 409 1851 Quae
435 1816 455 1839 «
479 1800 502 1842 J
509 1798 652 1841 ustitia
673 1796 728 1841 de
749 1795 862 1841 coelo
883 1795 1131 1855 prospexit?
1155 1798 1423 1855 »Tanquam

31 1868 112 1913 Dei
143 1869 327 1913 dicentis
357 1889 366 1913 :
395 1872 624 1913 Parcamus
645 1868 749 1911 huic
771 1866 961 1921 homini,
994 1867 1095 1926 quia
1118 1867 1208 1925 ipse
1230 1866 1311 1910 sibi
1333 1881 1423 1909 non

32 1939 256 1999 pepercit:
286 1939 580 1997 ignoscamus,
607 1938 708 1999 quia
734 1938 825 1997 ipse
857 1937 1057 1995 ignoscit.
1094 1938 1336 1981 Conversus
1358 1944 1422 1979 est

33 2009 87 2053 ad
117 2008 392 2069 puniendum
413 2018 642 2069 peccatum
664 2023 814 2063 suum,
839 2015 1068 2052 convertar
1085 2016 1128 2050 et
1149 2022 1230 2065 ego
1248 2006 1302 2050 ad
1321 2023 1422 2050 eum

34 2079 327 2124 liberandum.
365 2099 386 2124 «
416 2081 582 2125 Veritas
610 2079 665 2124 de
694 2089 806 2125 terra
840 2089 934 2123 orta
964 2088 1027 2123 est
1048 2114 1058 2133 ‚
1096 2087 1140 2122 et
1171 2077 1337 2137 justitia
1370 2077 1425 2121 de

38 2168 60 2192 »
93 2151 206 2196 coelo
227 2151 462 2211 prospexit.
486 2170 506 2192 »

91 2223 189 2265 XV.
214 2240 234 2263 «
253 2222 428 2266 Etenim
450 2221 662 2266 Dominus
679 2221 801 2265 dabit
823 2220 1077 2264 suavitatem
1092 2254 1102 2273 ‚
1129 2228 1172 2263 et
1191 2227 1303 2262 terra
1326 2234 1424 2263 nos-

32 2310 59 2334 »
92 2301 159 2336 tra
190 2291 313 2336 dabit
340 2291 532 2336 fructum
567 2293 739 2335 suum3.
769 2309 790 2332 »
818 2293 937 2335 Unus
964 2304 1113 2333 versus
1137 2298 1295 2344 restat,
1321 2299 1423 2349 pcto

35 2363 125 2407 sine
141 2363 274 2407 taedio
291 2363 345 2407 sit
366 2361 487 2423 quod
508 2362 704 2407 dicturus
735 2378 846 2406 sum.
867 2359 1092 2405 Attendite
1108 2375 1201 2402 rem
1223 2375 1422 2404 necessa-

35 2434 169 2489 riam,
205 2434 358 2479 iratres
389 2434 500 2488 mei,
527 2434 767 2482 attendite„
802 2431 1038 2492 percipite,
1077 2429 1245 2474 auferte
1278 2432 1424 2476 vobis-

36 2520 163 2560 cum,
193 2513 238 2548 et
269 2520 360 2549 non
392 2504 444 2548 sit
477 2505 607 2548 inane
643 2518 791 2547 semen
821 2503 894 2546 Dei
925 2501 972 2546 in
1005 2501 1210 2546 cordibus
1242 2503 1420 2557 vestris,

42 2593 64 2617 (ι
95 2575 288 2630 Veritas,
316 2575 460 2635 inquit
476 2610 487 2630 ‚
514 2575 570 2619 de
591 2583 706 2618 terra
733 2583 828 2619 orta
859 2582 948 2628 est,
976 2591 997 2614 »
1031 2570 1245 2617 confessio
1265 2588 1422 2633 pecca—

86 2664 97 2682 ¹
116 2659 195 2691 Luc.
212 2671 303 2701 xvm,
321 2660 374 2702 13,
395 2658 447 2702 14.
471 2676 514 2684 --
536 2666 550 2683 2
573 2671 585 2692 1
606 2661 699 2691 Joan.
719 2671 741 2700 1,
761 2659 795 2700 8,
814 2669 848 2700 9.
875 2675 917 2681 --
937 2655 951 2681 3
968 2657 1049 2689 Psal.
1072 2667 1200 2695 Lxxxw,
1222 2658 1272 2690 13.

1149 2712 1215 2751 12.
