1926 3339
493 273 545 308 82
950 277 982 304 s.
1019 278 1245 304 AUGUSTINI
1278 276 1457 304 EPLSCOPI

484 344 539 388 de
561 360 650 405 quo
679 342 844 388 dictum
877 350 968 385 est:
1002 360 1022 383 «
1047 340 1283 397 Accingere
1315 338 1507 398 gladium
1542 340 1694 382 tuum1
1717 353 1726 379 z
1754 355 1774 379 »
1799 337 1868 382 vel
1924 327 1926 340 ¹

486 429 587 458 cum
610 420 926 473 perseverantes
947 410 1111 454 inimici
1140 409 1187 452 in
1219 409 1306 452 fine
1333 409 1592 468 puniuntur.
1624 411 1733 453 Nam
1754 407 1868 452 mala

484 483 723 543 corporalia
746 497 845 542 quae
867 482 910 525 in
934 481 1017 524 hoc
1045 479 1205 523 saeculo
1232 479 1473 538 patiuntur,
1496 479 1746 523 eommunia
1766 493 1868 537 pos-

489 563 591 598 sunt
611 553 771 596 habere
793 567 894 596 cum
916 549 1055 594 bonis.
1081 552 1157 592 Est
1174 557 1218 592 et
1239 548 1359 592 aliud
1380 549 1582 593 vindictae
1606 564 1755 606 genus,
1781 563 1869 608 quo

486 623 688 667 Ecclesiae
702 621 998 665 dilatationem
1016 628 1058 662 ct
1077 618 1409 662 foecunditatem
1428 619 1472 662 in
1495 620 1578 662 hoc
1601 617 1760 662 saeculo
1773 627 1870 677 post
1924 620 1926 668 ζ

485 702 622 737 tantas
643 691 988 751 persecutiones,
1023 689 1184 750 quibus
1207 703 1301 733 eam
1326 689 1504 733 omnino
1526 689 1762 749 perituram
1784 703 1868 748 pu-

486 764 662 817 tabant,
684 771 884 822 peccator
901 770 944 804 et
964 758 1214 804 incredulus
1235 768 1278 803 et
1295 759 1492 803 inimicus
1513 757 1632 803 videt
1658 767 1702 802 et
1722 758 1869 802 irasci-

484 842 570 882 tur,
597 832 798 876 dentibus
820 832 905 876 suis
928 829 1101 875 frendet
1117 839 1160 874 et
1184 830 1418 874 tabescet‘2.
1445 829 1551 882 Quis
1569 829 1687 873 enim
1715 843 1872 886 negare

487 905 642 950 audeat
667 905 780 949 hanc
802 904 932 948 etiam
955 917 1044 947 esse
1066 901 1356 960 gravissimam
1382 902 1589 960 poenam?
1614 899 1697 945 Sed
1727 901 1872 946 nescio

487 985 636 1020 utrum
658 975 757 1019 satis
778 974 996 1033 eleganter
1023 972 1258 1032 accipiatur
1279 972 1401 1032 quod
1425 972 1484 1016 ait
1504 991 1512 1016 :
1543 990 1563 1015 α
1587 974 1701 1016 Ante
1723 971 1873 1016 oculos

491 1066 511 1088 »
546 1055 730 1101 nostros,
747 1046 779 1089 si
797 1046 880 1089 hoc
898 1060 1042 1104 poenae
1061 1059 1195 1103 genus
1207 1042 1498 1100 intelligamus
1513 1042 1633 1103 quod
1651 1043 1695 1086 in
1709 1042 1873 1087 intimis

488 1118 628 1162 cordis
650 1118 812 1176 agitur,
845 1125 888 1159 ct
911 1123 1086 1175 torquet
1112 1115 1242 1158 etiam
1264 1112 1358 1158 illos
1388 1115 1463 1174 qui
1494 1113 1618 1157 nobis
1641 1112 1874 1158 adulanter

486 1186 680 1232 arrident
695 1222 705 1242 ,
741 1202 821 1230 nec
846 1202 869 1229 a
891 1186 1013 1228 nobis
1033 1183 1171 1229 videri
1192 1193 1333 1244 potest
1356 1183 1463 1244 quid
1492 1184 1536 1227 in
1566 1184 1742 1228 'nomine
1763 1183 1874 1227 inte-

488 1258 601 1301 riore
624 1258 856 1317 patiantur.
881 1254 997 1299 Illud
1020 1264 1165 1298 autem
1180 1254 1301 1315 quod
1323 1255 1410 1299 sive
1424 1254 1482 1298 eis
1494 1253 1772 1298 credentibus
1790 1253 1875 1298 ini-

485 1329 632 1389 quitas
660 1343 810 1372 eorum
832 1327 1112 1381 interimitur,
1137 1327 1224 1371 sive
1248 1327 1293 1369 in
1316 1325 1582 1384 malignitate
1603 1340 1873 1385 perseveran-

492 1399 607 1443 tibus
645 1397 906 1458 supplicium
951 1397 1231 1442 novissimum
1283 1395 1505 1453 redditur3
1545 1396 1636 1440 sine
1668 1395 1874 1455 scrupulo

487 1469 740 1530 *quaestionis
762 1467 1016 1526 intelligitur
1049 1468 1216 1511 dictum
1243 1487 1251 1512 :
1280 1487 1300 1509 «
1329 1471 1576 1512 Innotescat
1599 1476 1698 1511 ante
1728 1465 1875 1512 oculos

497 1560 515 1582 »
551 1549 718 1584 nostros
739 1538 931 1583 vindicta
948 1539 993 1581 in
1011 1539 1276 1583 nationibus.
1306 1557 1325 1580 »

549 1613 670 1655 XIV.
692 1613 749 1653 Et
768 1611 860 1653 haec
873 1608 1073 1670 quidem,
1093 1618 1144 1652 ut
1164 1608 1364 1664 diximus,
1381 1609 1655 1668 prophetatio
1678 1618 1761 1664 est,
1786 1622 1876 1653 non

493 1681 656 1742 optatio
669 1680 762 1725 :sed
781 1689 958 1740 propter
970 1679 1082 1724 illud
1097 1681 1218 1740 quod
1231 1681 1437 1740 scriptum
1457 1689 1521 1724 est
1536 1681 1582 1724 in
1594 1679 1872 1740 Apocalypsi,

492 1753 574 1798 sub
592 1766 667 1797 ara
690 1753 765 1797 Dei
786 1755 998 1810 Martyres
1021 1753 1075 1795 ad
1093 1754 1232 1796 Deum
1254 1751 1440 1796 clamare
1457 1760 1500 1795 et
1522 1751 1666 1796 dicere
1687 1771 1696 1797 :
1725 1770 1745 1794 «
1765 1755 1879 1805 Quo-

495 1840 517 1865 »
551 1839 711 1884 usque,
738 1822 920 1867 Domine
938 1857 948 1877 ,
980 1838 1068 1866 non
1090 1821 1279 1866 vindicas
1302 1822 1556 1881 sanguinem
1579 1831 1777 1866 nostrum
1792 1822 1825 1876 3,
1853 1840 1872 1862 »

491 1909 582 1938 non
596 1903 659 1937 est
674 1893 1028 1953 praetereundum
1050 1892 1422 1953 quemadmodum
1438 1892 1573 1952 accipi
1588 1899 1808 1952 oporteat,
1823 1906 1877 1935 n‘e

491 1973 670 2024 propter
691 1965 1023 2009 exsaturandum
1051 1962 1202 2007 odium
1223 1961 1458 2007 credantur
1479 1963 1615 2007 sancti
1636 1961 1878 2006 desiderare

490 2036 750 2090 vindictam,
786 2034 907 2095 quod
935 2035 989 2079 ab
1022 2050 1172 2078 eorum
1196 2032 1460 2093 perfectione
1492 2032 1622 2093 longe
1655 2034 1776 2077 abest
1801 2053 1809 2077 :
1836 2038 1879 2077 et

491 2115 638 2150 tamen
660 2105 868 2165 scriptum
892 2114 955 2148 est
973 2123 981 2149 :
1009 2104 1282 2148 «Laetabitur
1299 2105 1456 2164 justus,
1478 2120 1578 2148 cum
1595 2104 1754 2148 viderit
1778 2103 1877 2148 vin-*-

490 2187 515 2218 τ’)
547 2175 708 2220 dictam
729 2176 980 2234 impiorum,
1007 2190 1160 2218 manus
1178 2190 1273 2219 suas
1295 2175 1457 2219 lavabit
1472 2176 1518 2219 in
1540 2175 1751 2234 sanguine
1771 2190 1878 2234 pec*

497 2261 517 2288 5)
553 2247 742 2291 catoris4.
761 2266 780 2286 η
797 2249 854 2290 Et
868 2245 1101 2304 Apostolus
1116 2245 1198 2289 ait:
1221 2264 1237 2285 «
1256 2248 1352 2290 Non
1365 2261 1441 2290 vos
1458 2246 1572 2305 ipsos
1589 2244 1874 2301 vindicantes,

497 2335 517 2358 »
552 2315 811 2371 charissimi,
843 2315 918 2360 sed
946 2315 1045 2359 date
1078 2315 1224 2359 locum
1258 2316 1332 2358 irae
1360 2335 1368 2359 :
1394 2316 1603 2375 scriptum
1631 2324 1695 2360 est
1722 2315 1836 2359 enim
1862 2329 1874 2360 ἐ

495 2406 517 2429 n
552 2389 661 2433 Mihi
682 2387 919 2432 vindictam
937 2422 947 2442 ,
978 2396 1021 2430 et
1042 2399 1120 2444 ego
1144 2387 1380 2430 retribuam
1400 2422 1410 2442 ,
1443 2386 1547 2432 dicit
1569 2387 1825 2432 Dominus⁵.
1853 2405 1874 2428 η

493 2462 582 2505 Nec
609 2460 700 2519 ipse
721 2459 868 2518 itaque
889 2458 1084 2518 praecipit
1112 2468 1162 2502 ut
1188 2458 1329 2502 nolint
1356 2458 1591 2513 vindicari,
1624 2458 1699 2502 sed
1721 2468 1770 2503 ut
1790 2473 1880 2503 non
1912 2474 1926 2502 ,τ

540 2558 554 2578 ’1
570 2555 652 2587 Psal.
672 2565 755 2596 κων,
780 2553 813 2596 4.
832 2572 873 2577 -
890 2561 902 2576 ²
922 2554 968 2587 Id.
988 2565 1048 2595 cxi,
1073 2565 1183 2585 10.—
1202 2550 1335 2597 ³Apoe.
1357 2566 1402 2595 vn,
1425 2566 1474 2587 10.
1489 2553 1556 2585 -4
1577 2553 1658 2586 Psal.
1677 2562 1755 2596 Lvu,
1771 2565 1821 2586 11.
1837 2569 1878 2576 -

497 2609 512 2634 5
531 2611 625 2643 Rom.
645 2621 699 2652 xii,
726 2621 782 2664 ¹92.
795 2614 827 2643 et
841 2613 934 2642 Dent.
957 2620 1057 2650 xxxn,
1076 2607 1127 2641 35.
