1926 3339
418 319 660 349 ENARRATIO
689 322 735 349 IN
767 319 970 349 PsALMUM
1003 322 1137 348 Lxxx.
1355 313 1436 351 107

53 403 76 428 »
111 401 201 431 non
221 385 373 432 vident
402 387 606 439 videant,
642 396 685 431 et
720 385 970 447 quivident
999 386 1103 431 caeci
1120 387 1296 431 fiant¹.»
1322 388 1440 441 Quid

48 466 114 501 est
138 475 146 501 :
164 459 247 502 «Ut
268 457 445 517 quinon
459 457 610 501 vident
620 456 812 511 videant,
827 456 964 516 etqui
984 455 1135 500 vident
1157 457 1261 501 caeci
1282 457 1434 512 fiant‚>›

48 527 129 571 nisi
149 527 335 571 humiles
347 526 604 581 exaltentur,
623 527 798 587 superbi
820 526 1216 587 dejiciantur?N0n
1233 527 1348 571 enim
1361 528 1440 588 qui

47 597 198 642 vident
219 597 322 641 caeci
343 597 450 641 fiant
468 631 478 651 ,
504 596 580 641 sed
603 599 677 658 qui
699 598 780 641 sibi
803 598 951 641 videre
972 596 1196 652 videntur,
1229 597 1284 641 de
1310 597 1439 642 caeei-

47 677 136 712 tate
151 667 483 712 convincantur.
507 669 600 711 Hoc
624 670 710 726 agit
731 668 986 727 mysterium
1005 668 1234 712 torcularis
1251 701 1263 723 ‚
1293 677 1344 712 ut
1364 668 1459 729 qui,

46 753 137 784 non
157 738 309 784 vident
324 738 527 794 videant,
548 748 591 783 et
608 740 684 800 qui
705 738 854 783 vident
867 738 970 784 caeci
987 739 1109 783 fiant.

106 813 230 855 VIII.
262 830 283 852 «
310 810 623 856 Testimonium
657 811 701 854 in
744 810 906 869 Joseph
942 809 1089 868 posuit
1124 807 1234 852 illud
1249 812 1283 858 Ἰ,
1312 827 1332 850 n
1358 809 1439 853 Eia

46 879 198 925 fratres
215 916 226 936 ,
251 881 358 941 quid
375 884 464 926 est?
486 885 511 926 J
515 882 647 940 oseph
660 881 976 940 interpretatur
991 879 1318 938 Auginentatio.
1344 882 1438 923 Me-

46 951 229 996 ministis
250 986 261 1006 ‚
287 952 420 995 nostis
442 952 602 1010 Joseph
618 951 662 994 in
685 954 927 1010 AEgyptum
957 949 1184 994 venditum
1211 969 1220 994 z
1242 946 1439 994 Christus

47 1021 102 1066 ad
121 1023 281 1066 Gentes
298 1022 524 1066 transiens.
553 1021 620 1065 lbi
646 1021 806 1079 Joseph
831 1028 927 1079 post
949 1019 1255 1064 tribulationes
1278 1019 1441 1064 exalta-

46 1101 117 1137 tus
133 1094 164 1137 ³.
181 1102 224 1137 et
245 1094 315 1138 hic
330 1093 632 1153 Christuspost
646 1092 889 1152 passionem
900 1094 1141 1149 Martyrum
1155 1091 1436 1149 glorificatus.

47 1166 161 1222 Ergo
185 1163 239 1207 ad
263 1164 423 1223 Joseph
442 1163 577 1222 magis
600 1165 760 1207 Gentes
782 1162 1027 1221 pertinent:
1046 1170 1088 1206 et
1105 1160 1204 1206 ideo
1226 1177 1439 1221 augmen-

47 1234 152 1278 tatio
172 1269 183 1287 ,
215 1234 318 1294 quia
352 1233 480 1278 multi
514 1233 590 1277 filii
631 1232 812 1278 desertae
833 1267 844 1288 ,
886 1232 1022 1291 magis
1054 1247 1187 1292 quam
1215 1233 1306 1292 ejus
1340 1248 1441 1292 quae

46 1304 181 1348 habet
212 1305 356 1348 virum
370 1304 403 1348 ⁴.
450 1323 469 1346 «
497 1303 811 1348 Testimonium
847 1303 891 1347 in
928 1304 1089 1363 Joseph
1121 1303 1266 1362 posuit
1303 1302 1437 1357 illud,

49 1393 70 1417 »
105 1375 212 1420 dum
234 1375 370 1419 exiret
393 1375 448 1419 de
470 1384 583 1419 terra
611 1375 806 1434 AEgypti.
827 1392 846 1415 »
873 1373 1029 1418 Videte.
1050 1384 1094 1418 et
1116 1373 1186 1418 hic
1208 1373 1441 1433 significari

47 1448 242 1507 quintam
268 1446 436 1491 sabbati
459 1467 467 1491 :
495 1447 678 1500 Quando
705 1447 810 1490 exiit
830 1446 885 1490 de
908 1454 1022 1489 terra
1039 1446 1222 1505 AEgypti
1246 1446 1407 1504 Joseph
1426 1480 1438 1499 ‚

47 1517 92 1562 id
110 1527 195 1574 est,
233 1517 421 1578 populus
449 1517 764 1577 multiplicatus
799 1532 879 1576 per
905 1517 1091 1576 Joseph,
1123 1531 1201 1576 per
1223 1519 1442 1560 mareRu-

47 1590 177 1634 hrum
213 1591 418 1650 trajectus
457 1591 567 1633 est⁵.
602 1591 659 1634 Et
700 1598 806 1633 tunc
840 1603 944 1647 ergo
978 1588 1281 1647 produxerunt
1318 1603 1443 1648 aquae

47 1660 216 1720 reptilia
238 1661 479 1704 animarum
498 1659 740 1704 vivarum⁰.
776 1658 895 1705 Nihil
928 1658 1049 1703 aliud
1078 1668 1185 1703 tunc
1219 1660 1264 1702 in
1303 1658 1444 1717 figura

49 1730 336 1789 portendebat
353 1730 559 1775 transitus
583 1729 737 1790 populi
762 1745 839 1789 per
860 1745 979 1774 mare
995 1765 1006 1785 ,
1032 1730 1112 1773 nisi
1135 1729 1365 1773 transitum
1388 1729 1443 1773 fi-

48 1801 211 1847 delium
234 1817 311 1861 per
330 1802 595 1862 baptismum
621 1822 633 1858 3
658 1801 777 1845 testis
799 1809 863 1845 est
874 1799 1135 1860 Apostolus:
1157 1799 1303 1846 «Nolo
1326 1799 1443 1843 enim

50 1890 71 1914 »
105 1888 198 1927 vos,
214 1872 378 1933 inquit,
404 1872 620 1931 ignorare,
647 1869 800 1915 fratres
816 1906 827 1926 ‚
853 1872 955 1932 quia
978 1880 1120 1931 patres
1134 1871 1269 1915 nostri
1293 1886 1445 1915 omnes

52 1962 73 1986 »
108 1944 189 1989 sub
212 1944 330 1989 nube
353 1942 556 1999 fuerunt,
582 1953 626 1987 et
652 1958 802 1988 omnes
833 1958 910 2002 per
932 1958 1051 1986 mare
1084 1942 1370 1996 transierunt,
1401 1951 1446 1986 et

51 2033 72 2057 »
105 2030 254 2061 omnes
277 2016 322 2059 in
343 2018 527 2073 Moysen
550 2014 755 2075 baptizati
780 2023 882 2058 sunt
907 2014 954 2058 in
977 2013 1097 2057 nube
1116 2022 1160 2057 et
1176 2013 1220 2057 in
1243 2013 1398 2071 mariJ.
1418 2030 1441 2055 ³»

48 2087 166 2133 Nihil
187 2097 290 2146 ergo
313 2086 432 2131 aliud
454 2086 725 2144 significabat
760 2085 966 2129 transitus
991 2100 1069 2144 per
1095 2100 1234 2139 mare,
1260 2084 1342 2128 nisi
1374 2099 1444 2128 sa-

50 2167 319 2203 cramentum
348 2155 811 2216 baptizatorum3nihil
837 2155 956 2199 aliud
976 2156 1253 2215 insequentes
1275 2157 1447 2214 AEgyp-

51 2229 118 2283 tii,
156 2228 237 2272 nisi
277 2226 591 2271 abundantiam
620 2226 940 2286 praeteritorum
977 2225 1253 2269 delictorum.
1279 2224 1446 2269 Videtis

51 2298 369 2343 evidentissima
407 2306 673 2342 sacramenta
706 2315 715 2342 :
749 2305 957 2356 premunt
989 2295 1185 2355 AEgyptii
1205 2330 1215 2349 ,
1257 2304 1444 2354 urgent3

52 2371 212 2415 instant
239 2385 339 2428 ergo
364 2379 538 2430 peccata
555 2404 565 2424 ‚
591 2369 668 2414 sed
685 2383 825 2429 usque
847 2367 901 2412 ad
927 2383 1099 2427 aquam.
1127 2365 1240 2420 Quid
1262 2382 1364 2425 ergo
1387 2367 1446 2410 ti-

52 2457 141 2485 mes
157 2477 168 2497 ,
191 2442 267 2502 qui
289 2442 486 2485 nondum
512 2440 687 2494 venisti,
719 2440 869 2483 venire
896 2438 950 2483 ad
974 2439 1237 2498 baptismum
1262 2438 1443 2493 Christi,

51 2512 231 2557 transire
265 2528 342 2572 per
371 2527 488 2555 mare
501 2511 736 2555 Rubrum?
758 2510 874 2564 Quid
897 2519 960 2554 est
979 2509 1160 2553 rubrum
1179 2510 1197 2550 ‘3
1225 2508 1445 2567 Sanguine

102 2616 109 2631 ¹
137 2612 228 2641 Joan.
249 2621 295 2649 1³1,
313 2609 365 2651 39.
383 2627 423 2631 -—
444 2616 456 2631 ²
477 2608 555 2640 psat.
579 2619 674 2647 uu,
694 2607 726 2638 6.
750 2625 790 2630 ——
807 2605 819 2629 3
839 2609 920 2639 Gen.
940 2617 1062 2648 xxxvn,
1079 2608 1135 2647 28,
1154 2617 1218 2646 xm,
1246 2605 1300 2647 37,
1323 2609 1387 2637 etc.
1404 2621 1446 2627 —-

55 2663 70 2693 4
89 2666 239 2705 Isa'i.L1v‚
264 2676 290 2696 1.
315 2682 356 2687 —-·
375 2662 389 2686 5
410 2665 505 2696 Exod.
531 2675 597 2702 xiv,
616 2663 737 2695 22-31.
762 2679 804 2685 --
822 2660 836 2684 6
856 2664 934 2694 Gen.
956 2673 980 2703 ι,
1000 2670 1054 2695 20.
1077 2678 1118 2683 —
1133 2668 1146 2693 7
1171 2672 1181 2692 1
1208 2662 1281 2692 Cor.
1302 2671 1336 2700 x,
1362 2670 1391 2701 1,
1411 2668 1445 2692 2.
1474 2701 1480 2706 ᾖ
