1926 3339
394 266 634 295 ENAERATio
668 269 712 293 IN
745 266 945 293 PSALMUM
979 269 1145 294 Lxxvn.
1385 255 1437 293 53

52 345 200 375 omnes
231 346 380 376 eorum
418 331 555 391 plagae
585 331 630 374 in
665 330 815 374 Exodo
849 330 1175 389 diligentissime
1209 346 1258 375 ex
1285 332 1436 375 ordine

50 410 362 458 contexantur3
399 411 449 445 ut
482 401 688 461 quoniam
722 399 766 444 id
793 399 912 460 quod
947 401 1006 444 ibi
1040 417 1127 446 non
1151 400 1317 445 dictum
1341 410 1433 455 est,

48 487 137 515 non
160 471 317 516 frustra
338 472 384 516 in
415 471 584 516 Psalmo
609 471 775 515 dictum
793 487 881 515 esse
903 471 1007 515 certi
1030 487 1177 515 sumus
1192 507 1202 526 ‚
1226 486 1370 532 neque
1392 471 1436 514 id

48 543 323 602 interpretari
361 544 440 588 nisi
470 545 654 602 figurate
685 558 914 602 possumus
938 579 949 598 ‚
980 543 1109 587 simul
1145 543 1437 601 intelligamus

47 613 176 657 etiam
205 623 356 657 caetera
387 629 485 673 quae
513 613 629 657 facta
654 629 742 657 esse
765 621 959 668 constat,
991 614 1047 657 ob
1068 613 1256 673 aliquam
1280 614 1436 671 figura-

46 692 135 727 tam
157 685 513 742 significationem
536 685 649 728 facta
671 684 739 727 vel
763 684 1020 743 conscripta.
1054 684 1175 728 Facit
1205 684 1321 727 enim
1351 684 1435 728 hoc

47 755 268 814 Scriptura
286 756 328 799 in
351 755 498 800 multis
520 755 624 800 locis
643 754 997 814 propheticorum
1017 753 1307 814 eloquiorum.
1321 754 1436 799 Dicit

44 825 209 886 aliquid
228 825 348 887 quod
363 827 407 871 in
424 827 496 871 illa
518 843 562 870 re
581 836 714 885 gesta,
731 841 862 886 quam
883 825 1056 869 videtur
1073 841 1430 881 commemorare,

43 911 132 940 non
149 897 395 952 invenitur,
422 898 508 941 imo
531 907 574 942 et
592 896 715 940 aliter
733 911 823 940 esse
840 896 1088 954 invenitur3
1114 905 1163 940 ut
1182 897 1285 940 hinc
1303 895 1433 940 intel-

41 965 202 1025 ligatur
229 983 318 1012 non
339 968 422 1011 hoc
449 967 592 1011 dicere
615 966 734 1027 quod
756 975 898 1025 potest
924 967 1066 1026 putari
1085 1002 1096 1020 ,
1122 966 1197 1010 sed
1219 965 1330 1010 illud
1352 982 1434 1025 po-

43 1036 126 1080 tius
154 1036 275 1097 quod
302 1037 436 1095 magis
458 1035 589 1081 debet
612 1036 778 1081 adverti
804 1055 813 1081 :
845 1037 956 1081 sicut
977 1045 1041 1081 est
1062 1036 1174 1080 illud
1195 1055 1204 1082 :
1240 1056 1259 1078 κ
1284 1036 1432 1080 Domi-

44 1125 64 1148 »
99 1107 276 1151 nabitur
297 1124 321 1152 a
343 1108 450 1151 mari
472 1123 611 1168 usque
643 1107 698 1151 ad
719 1123 838 1151 mare
854 1143 865 1162 ‚
893 1117 936 1151 et
969 1123 991 1151 a
1014 1108 1195 1152 flumine
1218 1123 1356 1167 usque
1377 1106 1433 1151 ad

43 1195 64 1219 »
99 1179 307 1222 terminos
325 1178 440 1223 orbis
464 1180 667 1222 terrae1.»
685 1177 813 1231 Quod
834 1178 881 1221 in
898 1177 1013 1223 illius
1039 1178 1279 1223 Salomonis
1297 1193 1432 1237 regno

39 1257 208 1292 constat
237 1264 326 1293 non
358 1264 448 1293 esse
481 1248 776 1309 completum,
814 1248 868 1292 de
901 1265 989 1309 quo
1020 1249 1165 1309 putari
1186 1258 1330 1309 posset
1352 1249 1431 1293 iste

39 1318 236 1364 Psalmus
255 1319 405 1380 loqui,
446 1335 547 1364 cum
583 1318 638 1363 de
660 1320 833 1365 Christo
866 1320 1054 1364 Domino
1080 1319 1349 1380 loqueretur.
1378 1323 1430 1363 In

37 1389 173 1449 plagis
196 1406 297 1448 ergo
319 1391 626 1450 AEgyptiorum
646 1425 656 1446 ,
682 1406 782 1450 quae
802 1399 905 1434 sunt
924 1390 969 1433 in
989 1389 1100 1434 libro
1118 1426 1129 1445 ‚
1154 1390 1230 1450 qui
1251 1389 1430 1434 Exodus

37 1461 314 1516 nominatur,
339 1461 417 1504 ubi
442 1461 627 1504 maxime
662 1460 883 1520 Scriptura
906 1461 1100 1515 curavit,
1133 1470 1182 1504 ut
1199 1476 1250 1504 ea
1271 1461 1430 1520 quibus

38 1532 186 1576 afflicti
223 1542 325 1576 sunt
356 1533 501 1577 omnia
525 1548 576 1576 ex
598 1531 751 1576 ordine
783 1531 1059 1586 dicerentur,
1085 1548 1175 1576 non
1207 1532 1430 1576 invenitur

36 1601 157 1662 quod
178 1603 312 1647 habet
328 1604 407 1647 iste
429 1602 625 1648 Psalmus
646 1638 656 1658 ‚
688 1622 708 1645 α
732 1606 789 1647 Et
812 1602 933 1647 dedit
952 1603 1143 1662 rubigini
1164 1602 1335 1647 fructus
1353 1618 1430 1647 eo-

40 1690 60 1714 »
95 1689 208 1717 rum.
234 1693 253 1714 »
281 1674 399 1718 Illud
421 1675 550 1718 etiam
581 1674 702 1734 quod
721 1709 732 1728 ‚
770 1689 870 1718 cum
893 1672 1068 1718 dixisset
1091 1693 1100 1718 2
1131 1693 1149 1715 «
1175 1676 1232 1718 Et
1249 1672 1430 1718 tradidit

40 1760 60 1784 »
96 1742 296 1802 grandini
310 1743 510 1804 jumenta
528 1760 679 1789 eorum
701 1765 713 1801 3
741 1762 761 1785 »
787 1743 972 1798 addidit,
999 1763 1018 1785 «
1039 1746 1095 1787 Et
1118 1745 1430 1802 possessionem

38 1832 59 1855 »
96 1830 246 1859 eorum
284 1815 374 1874 igni
399 1835 406 1860 :
431 1833 451 1856 >›
473 1815 527 1859 de
545 1816 755 1876 jumentis
780 1814 991 1874 grandine
1024 1815 1174 1859 occisis
1203 1814 1362 1872 legitur
1384 1815 1430 1858 in

36 1885 186 1930 Exodo
201 1890 245 1944 ²3
269 1903 358 1947 quo
381 1903 484 1931 vero
506 1887 715 1946 possessio
739 1902 890 1931 eorum
913 1887 1012 1944 igne
1034 1881 1224 1930 cremata
1247 1887 1315 1939 sit,
1341 1902 1430 1930 om-

36 1957 140 2000 nino
169 1973 258 2001 non
291 1957 463 2015 legitur.
497 1958 702 2011 Quamvis
724 1972 850 2001 voces
876 1967 918 2001 et
940 1958 1060 2015 ignes
1089 1973 1189 2001 cum
1217 1957 1430 2016 grandine

35 2027 190 2070 fierent
206 2062 217 2081 ,
242 2027 356 2071 sicut
378 2027 571 2071 tonitrua
589 2043 688 2071 cum
714 2026 962 2085 fulgoribus
984 2027 1125 2071 solent
1143 2048 1154 2083 3
1174 2043 1263 2071 non
1282 2029 1429 2071 tamen

35 2096 243 2156 scriptum
280 2107 344 2141 est
377 2096 543 2158 aliquid
572 2097 780 2141 traditum
816 2097 904 2154 igni
932 2106 982 2140 ut
1018 2097 1202 2140 arderet.
1231 2097 1430 2157 Denique

35 2167 181 2212 mollia
203 2184 303 2228 quae
324 2168 483 2212 laedere
503 2168 668 2227 grando
687 2183 777 2212 non
794 2176 980 2227 poterat,
999 2167 1207 2212 dicuntur
1228 2184 1317 2211 non
1341 2183 1431 2212 esse

34 2253 258 2297 percussa,
284 2237 330 2282 id
358 2248 447 2292 est,
473 2238 593 2282 duris
614 2238 771 2282 ictibus
792 2238 894 2282 laesa
913 2259 924 2297 3
949 2254 1047 2298 quae
1068 2247 1217 2298 postea
1238 2237 1429 2282 comedit

34 2307 200 2353 locusta
218 2310 250 2352 3.
288 2312 399 2352 Item
434 2308 555 2369 quod
586 2309 657 2352 hic
692 2307 851 2352 dicitur
875 2328 883 2353 :
914 2328 934 2350 «
958 2311 1015 2352 Et
1034 2324 1179 2353 moros
1209 2323 1362 2352 eorum
1383 2309 1429 2352 in

38 2396 59 2418 »
93 2379 266 2438 pruina,
287 2397 306 2419 »
326 2394 417 2423 non
438 2387 500 2422 est
522 2379 567 2422 111
584 2378 751 2423 Exodo.
770 2378 961 2423 Multum
984 2379 1100 2422 enim
1122 2379 1278 2438 pruina
1301 2378 1432 2422 distat

35 2464 59 2492 a
82 2449 316 2508 grandine3
334 2465 436 2493 nam
453 2449 614 2494 serenis
627 2449 908 2507 hyemalibus
926 2449 1129 2494 noctibus
1140 2449 1296 2509 pruina
1318 2458 1432 2493 terra

36 2529 238 2564 canescit.

84 2610 93 2626 ¹
113 2604 348 2646 Psal.ux1,8.
375 2622 415 2627 —-
436 2612 448 2628 ²
467 2605 566 2637 Exod.
582 2615 630 2645 1x‚
646 2604 701 2637 25.
726 2620 759 2626 —-
785 2602 863 2635 ¹1‹l.
887 2605 1028 2645 x,1-15.
