1926 3339
366 229 607 259 ENARRATIO
640 234 682 259 m
718 231 918 259 PsALMuM
951 235 1100 261 Lxxix.
1368 228 1420 264 93

46 305 290 350 mortuum,
315 296 543 340 adorantes
565 296 844 340 crucifixum?
867 297 949 340 Diu
972 297 1137 340 dictum
1158 307 1244 341 est:
1267 299 1345 342 Ubi
1363 311 1425 344 cst

45 382 172 410 nasus
186 366 579 410 subsannantium?
596 368 749 410 Nonne
769 381 887 410 nunc
909 366 984 426 qui
1008 366 1355 426 reprehendunt,
1381 369 1425 411 in

45 452 247 482 cavernas
267 436 466 496 fugiunt,
491 452 547 480 ne
569 436 824 481 videantur?
852 456 871 479 «
897 440 955 481 Et
976 437 1140 482 inimici
1162 439 1296 482 nostri
1321 439 1425 483 sub—

50 527 68 549 »
102 517 395 551 sannaverunt
415 523 506 551 nos.

104 580 226 622 VIII.
253 577 337 623 Sed
353 578 507 622 videtis
527 577 635 638 quid
658 578 854 639 sequitur
878 597 887 623 :
911 597 929 619 «
952 580 1134 624 Domine
1158 582 1271 624 Deus
1286 580 1426 624 virtu-

47 668 68 691 »
103 658 197 693 tum
211 658 414 694 converte
435 665 512 693 nos
527 684 537 704 ‚
564 658 606 693 et
624 650 802 693 ostende
817 647 970 694 faciem
989 651 1132 705 tuam',
1157 660 1200 695 et
1213 650 1318 695 salvi
1341 652 1427 695 eri-

52 741 69 762 »
104 736 216 765 mus.
246 720 428 764 Vineam
457 736 508 765 ex
529 723 723 780 AEgypto
742 719 992 765 ranstulisti
1019 756 1030 776 ‚
1057 722 1219 781 ejecisti
1246 731 1397 781 gentes
1414 758 1425 778 ‚

49 809 70 833 »
106 800 150 835 et
170 790 374 851 plantasti
400 806 495 835 eam
515 793 546 834 ¹.
576 810 595 832 »
621 791 827 836 Novimus
843 826 853 845 ‚
880 790 1046 835 factum
1074 800 1152 835 est.
1181 794 1298 844 Quot
1320 809 1429 851 gen-

47 872 109 907 tes
130 863 278 923 ejectae
299 871 400 907 sunt
414 865 432 906 Ρ
448 863 711 917 Amorrhaei‚
732 862 932 917 Cetthaei‚
957 862 1168 918 Jehusaei‚
1195 864 1425 922 Gergesrei,

46 941 90 977 et
114 933 233 977 Evaei
250 932 431 993 :quibus
449 930 635 991 expulsis
652 941 695 976 et
708 932 846 987 victis,
861 931 1138 976 introductus
1161 942 1225 976 est
1241 934 1430 992 populus

45 1019 95 1047 ex
117 1005 310 1062 AEgypto
339 1002 545 1047 liberatus
573 1003 619 1046 in
642 1012 799 1046 terram
820 1003 1127 1062 promissionis.
1158 1002 1283 1048 Unde
1304 1004 1430 1048 vinea

46 1075 180 1134 ejecta
200 1074 278 1129 sit,
305 1083 347 1118 et
369 1073 447 1117 ubi
469 1073 662 1133 plantata
683 1074 761 1128 sit,
788 1073 1046 1118 audivimus.
1068 1074 1301 1118 Videamus
1322 1074 1432 1134 quid

46 1145 204 1189 deinde
227 1143 391 1189 factum
410 1154 494 1201 est,
517 1145 743 1206 quomodo
766 1145 1018 1201 crediderit,
1046 1156 1261 1205 quantum
1280 1162 1430 1191 creve-

46 1217 126 1273 rit,
152 1216 258 1278 quid
281 1218 571 1277 occupaverit.
608 1238 626 1259 »
660 1219 842 1262 Vineam
862 1233 912 1262 ex
934 1221 1127 1277 AEgypto
1150 1217 1428 1275 transtulisti,

49 1306 69 1330 »
104 1287 265 1348 ejecisti
284 1297 432 1347 gentes
448 1324 459 1343 ‚
485 1297 528 1332 et
548 1287 753 1347 plantasti
771 1303 881 1332 eam.
905 1306 924 1329 »

107 1361 184 1402 IX.
215 1377 234 1400 «
254 1359 378 1402 Viam
410 1357 551 1402 fecisti
568 1359 613 1402 in
636 1367 873 1418 conspectu
894 1359 1008 1418 ejus,
1030 1368 1073 1402 et
1095 1357 1298 1418 plantasti
1321 1359 1433 1403 radi-

51 1449 71 1471 «
105 1444 174 1473 ces
203 1429 315 1488 ejus,
347 1437 390 1472 et
426 1428 622 1488 implevit
655 1437 813 1472 terram
831 1432 863 1471 2.
913 1446 933 1469 »
972 1429 1197 1488 Numquid
1234 1429 1433 1489 impleret

46 1509 228 1555 terram,
260 1499 342 1542 nisi
363 1499 432 1543 via
464 1499 588 1543 fieret
609 1499 654 1542 in
682 1507 918 1558 conspectu
940 1501 1062 1559 ejus?
1093 1502 1200 1553 Quae
1222 1500 1289 1544 via
1317 1501 1430 1544 facta

47 1579 110 1615 est
137 1570 182 1613 in
205 1579 439 1630 conspectu
458 1570 578 1629 ejus?
604 1588 624 1611 «
653 1572 748 1628 Ego
770 1584 889 1623 sum,
914 1569 1078 1629 inquit,
1103 1570 1169 1614 via
1184 1605 1194 1625 ‚
1217 1570 1372 1614 veritas
1390 1579 1434 1613 et

51 1660 70 1683 »
124 1641 212 1686 vita
228 1642 259 1684 ³.
288 1660 307 1682 »
330 1641 485 1685 Merito
507 1640 703 1700 implevit
726 1651 899 1685 terram.
925 1644 1017 1685 Hoc
1033 1640 1200 1685 dictum
1223 1650 1286 1685 est
1301 1641 1434 1685 modo

48 1712 102 1757 de
118 1713 243 1756 vinea
259 1713 361 1766 ista,
383 1712 503 1772 quod
517 1712 759 1771 perfectum
780 1722 996 1772 estusque
1017 1713 1062 1756 in
1076 1713 1222 1755 finem.
1245 1715 1432 1756 Verum-

47 1793 195 1828 tamen
217 1783 325 1844 quid
351 1783 502 1843 prius?
529 1802 547 1824 «
572 1785 755 1843 Operuit
776 1793 945 1828 montes
969 1784 1123 1828 umbra
1153 1785 1243 1843 ejus
1255 1819 1270 1839 ,
1299 1793 1341 1827 et
1363 1800 1433 1827 ar-

51 1872 72 1895 »
108 1854 234 1898 busta
252 1855 339 1913 ejus
361 1853 511 1898 cedros
529 1854 621 1897 Dei.
643 1854 882 1898 Extendisti
898 1854 1095 1913 palmites
1110 1855 1200 1914 ejus
1219 1869 1357 1914 usque
1380 1853 1435 1898 ad

52 1943 73 1966 »
108 1940 225 1969 mare
240 1960 250 1980 ⁷
276 1933 319 1968 et
338 1940 476 1984 usque
499 1923 554 1968 ad
577 1924 743 1968 flumen
764 1926 1021 1984 propagines
1038 1926 1171 1984 ejus4.
1197 1943 1216 1965 ³>
1239 1927 1332 1968 Hoc
1355 1923 1434 1967 de-

50 1995 208 2039 siderat
229 1994 424 2039 officium
446 1995 717 2054 expositoris,
745 2011 833 2039 non
856 1996 1016 2039 sufficit
1034 1994 1206 2039 lectoris
1224 2005 1266 2039 et
1280 1994 1433 2039 lauda-

51 2067 154 2111 toris
181 2086 189 2111 :
216 2066 418 2126 adjuvate
451 2082 520 2110 me
541 2066 812 2110 intendendo
843 2086 850 2111 ε
873 2066 982 2110 solet
1011 2067 1126 2110 enim
1148 2067 1287 2110 vineae
1308 2068 1437 2126 hujus

52 2138 406 2183 commemoratio
426 2137 472 2180 in
493 2138 576 2181 hoc
599 2136 770 2181 Psalmo
788 2137 1013 2195 caliginem
1039 2137 1178 2182 facore
1201 2139 1345 2181 minus
1366 2139 1437 2181 in-

53 2209 196 2254 tentis.
220 2208 394 2253 Etenim
417 2207 674 2265 magnitudo
695 2208 833 2251 vineae
854 2208 982 2268 hujus
998 2209 1085 2268 jam
1112 2225 1134 2252 a
1158 2208 1282 2252 nobis
1301 2208 1438 2268 expli-

53 2288 148 2324 cata
171 2288 260 2337 est3
285 2289 328 2324 et
348 2279 466 2323 unde
481 2279 593 2323 facta
611 2287 674 2323 est
690 2314 700 2334 ,
726 2288 768 2322 et
790 2277 907 2322 unde
931 2277 1042 2323 facta
1061 2279 1114 2322 sit
1127 2294 1280 2337 magna
1294 2315 1304 2333 ‚
1325 2295 1439 2338 prae-

55 2351 224 2396 dictum
246 2359 323 2395 est.
356 2370 376 2393 ι(
400 2350 524 2395 Viam
548 2349 684 2394 fecisti
706 2349 751 2393 in
773 2359 1010 2409 conspectu
1033 2351 1145 2410 ejus,
1171 2360 1213 2394 ct
1238 2350 1440 2410 plantasti

59 2441 78 2463 η
114 2421 277 2467 radices
299 2422 416 2482 ejus,
447 2430 490 2465 ct
511 2420 707 2481 implevit
728 2429 884 2464 terram
909 2440 917 2465 :
941 2440 960 2462 »
993 2422 1076 2466 hoc
1097 2420 1150 2465 de
1174 2420 1440 2481 perfectione

103 2526 112 2543 ¹
141 2520 221 2553 Psal.
242 2530 350 2561 Lxxix,
371 2520 414 2562 8,
444 2530 476 2562 9.
498 2536 539 2541 —-
563 2525 576 2542 ²
601 2518 682 2551 Ibid.
712 2529 762 2551 ιο.
784 2534 825 2541 -
842 2515 855 2541 ³
873 2519 963 2550 Joan.
987 2528 1068 2559 x1v,
1084 2517 1117 2550 6.
1137 2534 1178 2541 —
1196 2516 1212 2542 l.
1230 2518 1309 2551 Psal.
1332 2529 1440 2560 unx,

61 2588 113 2619 ιι,
132 2586 182 2609 12.
