1926 3339
384 340 626 369 ENARRATIO
657 341 704 368 m
734 339 938 368 PSALMUM
969 341 1054 368 xm.
1319 331 1402 371 347

22 406 185 451 inimici
207 407 285 451 Dei
314 421 464 451 omnes
500 414 711 450 amatores
744 403 925 460 mundi,
954 419 1105 449 omnes
1134 405 1406 465 inquisitores

21 493 135 536 nuga
143 493 238 521 rum
253 513 264 532 ‚
282 492 430 522 omnes
452 475 719 521 consultores
737 475 1037 533 sortilegorum
1056 510 1067 530 ‚
1083 476 1408 521 mathematico—

23 563 135 603 rum,
152 548 416 607 pythonum.
435 550 606 591 Intren't
618 545 830 590 Ecclesias
853 565 862 590 ε
892 561 981 590 non
995 546 1159 590 intrent
1175 545 1404 602 Ecclesias,

20 617 183 662 inimici
202 618 277 661 Dei
298 626 412 662 sunt.
432 616 499 661 Ad
520 626 689 676 tempus
709 625 890 676 possunt
908 617 1061 660 florere
1075 617 1186 661 sicut
1207 614 1405 662 foenum:

23 688 230 749 peribunt
252 697 396 733 autem
415 723 426 744 ,
451 704 551 733 cum
574 688 646 732 ille
666 688 875 747 inspicere
900 688 1082 747 coeperit
1097 723 1108 743 ,
1129 697 1172 732 et
1191 687 1406 748 judicium

21 775 147 804 suum
179 760 224 802 in
255 775 428 804 omnem
460 774 635 803 carnem
657 758 899 803 adduxerit.
932 762 955 802 J
961 774 1076 817 unge
1098 768 1141 802 te
1175 759 1407 818 Scripturae

22 829 99 874 Dei
116 864 128 884 ,
149 837 192 872 et
208 828 278 873 dic
294 828 405 873 illud
421 844 522 873 cum
541 828 616 873 ilio
632 827 802 873 Psalmo
818 863 829 883 ,
858 848 878 870 «
896 829 1110 881 Quoniam
1132 842 1231 872 ecce
1245 828 1408 872 inimici

27 919 45 943 »
79 900 145 944 tui
162 900 369 959 peribunt
394 919 402 944 :
431 918 451 942 »
481 903 579 945 Non
595 900 657 943 ibi
679 899 930 954 inveniaris,
966 899 1043 943 ubi
1065 899 1286 958 peribunt.
1307 917 1328 940 (ι
1352 902 1410 943 Et

24 988 46 1012 »
80 970 383 1030 dispergentur
403 985 553 1015 omnes
569 971 645 1030 qui
667 979 902 1029 operantur
921 969 1213 1029 iniquitatem.
1236 986 1257 1010 υ

80 1043 159 1084 ΧΙ.
181 1040 296 1094 Quid
319 1049 367 1084 tu
391 1041 467 1101 qui
486 1040 658 1085 laboras
671 1039 802 1084 modo
818 1075 828 1094 ‚
849 1040 883 1084 si
903 1039 1068 1084 inimici
1085 1040 1162 1083 Dei
1182 1038 1406 1099 peribunt,

23 1120 66 1155 et
76 1110 381 1170 dispergentur
396 1125 546 1154 omnes
566 1110 642 1170 qui
669 1119 907 1170 operantur
925 1110 1230 1170 iniquitatem?
1246 1112 1312 1153 Tu
1333 1110 1410 1169 qui

23 1181 134 1226 inter
154 1181 233 1225 ista
251 1179 453 1225 scandala
471 1217 482 1237 ,
509 1182 621 1225 inter
643 1181 893 1241 iniquitates
913 1182 1126 1225 humanas
1149 1180 1283 1239 gemis
1298 1215 1309 1235 ‚
1334 1181 1411 1240 qui

24 1250 241 1297 tribularis
264 1251 308 1295 in
321 1267 449 1295 carne
464 1287 474 1306 ‚
499 1251 574 1295 sed
590 1251 751 1311 gaudes
767 1252 812 1294 in
825 1251 955 1295 corde
969 1286 981 1306 ,
999 1249 1107 1311 quid
1126 1252 1201 1294 tu?
1217 1265 1317 1310 quae
1330 1250 1362 1293 ti
1370 1250 1411 1293 hi

23 1338 118 1383 spes
133 1358 143 1377 ‚
169 1338 194 1366 o
218 1339 374 1382 corpus
397 1323 582 1368 Christi?
609 1324 647 1367 Ο
669 1323 840 1367 Christe
860 1358 872 1378 ‚
903 1322 979 1382 qui
997 1323 1043 1365 in
1066 1321 1188 1366 coelis
1213 1320 1335 1365 sedes
1357 1321 1409 1365 ad

24 1395 244 1439 dexteram
268 1395 403 1438 Patris
416 1430 426 1449 ,
452 1395 527 1455 sed
544 1394 730 1453 pedibus
747 1395 833 1438 tuis
851 1403 893 1438 et
910 1394 1116 1438 membris
1138 1394 1223 1437 tuis
1241 1393 1413 1437 laboras

23 1465 70 1510 in
90 1475 201 1509 terra
218 1501 229 1521 ‚
247 1475 290 1510 et
300 1466 406 1510 dicis
425 1485 432 1510 :
457 1486 478 1508 «
497 1466 646 1520 Saule,
669 1466 797 1511 Saule
812 1502 823 1521 ,
838 1466 946 1526 quid
962 1481 1033 1510 me
1052 1466 1341 1525 persequeris¹
1355 1467 1374 1509 Ξ)
1388 1484 1408 1506 »

24 1545 74 1580 tu
94 1551 226 1596 quam
245 1551 365 1595 spem
378 1536 560 1580 habebis
577 1572 587 1591 ,
608 1537 640 1580 si
662 1536 826 1580 inimici
846 1537 919 1580 Dei
933 1537 1162 1596 peribunt,
1188 1545 1230 1580 et
1248 1536 1416 1595 disper-

25 1615 180 1665 gentur
201 1622 349 1650 omnes
367 1607 444 1666 qui
463 1616 700 1666 operantur
726 1607 1000 1667 iniquitatem
1017 1607 1035 1648 ‘3
1056 1607 1166 1666 quid
1197 1605 1275 1650 tibi
1301 1607 1381 1649 erit
1398 1607 1416 1650 P

31 1695 51 1719 «
84 1680 140 1721 Et
161 1675 421 1721 exaltabitur
443 1677 556 1721 sicut
572 1677 793 1722 unicornis
810 1693 949 1722 cornu
968 1692 1116 1721 meum
1130 1680 1162 1720 ².
1188 1679 1332 1730 Quare
1350 1676 1417 1720 di-

25 1747 110 1803 xit,
139 1767 160 1790 «
197 1748 318 1793 Sicut
347 1748 599 1792 unicornis?
623 1747 915 1809 »Aliquando
951 1748 1171 1793 unicornis
1204 1748 1418 1805 significat

27 1818 273 1877 superbiam
287 1854 298 1874 ,
313 1817 549 1879 aliquando
572 1818 793 1863 unicornis
808 1819 1114 1863 exaltationem
1130 1817 1308 1862 unitatis
1329 1817 1416 1876 sig-

27 1889 175 1933 nificat
206 1908 215 1933 ε
248 1889 352 1949 quia
383 1889 526 1932 unitas
555 1889 792 1944 exaltatur,
831 1904 980 1933 omnes
1007 1890 1190 1933 haereses
1209 1903 1309 1932 cum
1330 1888 1417 1931 ini-

29 1959 148 2005 micis
164 1961 242 2004 Dei
264 1960 483 2020 peribunt.
507 1979 527 2002 «
547 1963 604 2005 Et
625 1960 887 2005 exaltabitur
907 1961 1018 2005 sicut
1039 1960 1260 2004 unicornis
1280 1973 1419 2003 cornu

35 2051 53 2073 »
87 2046 249 2075 meum.
270 2049 290 2072 ³>
307 2030 551 2091 thuando
566 2031 672 2075 erit?
687 2050 706 2073 «
723 2034 780 2075 Et
793 2040 991 2075 senectus
1007 2046 1104 2074 mea
1122 2031 1168 2074 in
1182 2030 1419 2073 misericor-

34 2119 54 2142 »
88 2099 159 2146 dia
177 2101 344 2161 pingui.
377 2120 394 2142 »
421 2100 534 2154 Quid
555 2100 688 2156 dixit,
718 2120 738 2143 «
767 2103 973 2145 Senectus
990 2102 1110 2144 mea?
1135 2118 1155 2141 »
1179 2099 1420 2145 Novissima

31 2186 141 2215 mea.
156 2171 389 2224 Quomodo
406 2172 451 2215 in
469 2172 671 2216 aetatibus
693 2172 849 2216 nostris
862 2171 1091 2216 novissima
1107 2180 1304 2215 senectus
1323 2179 1386 2213 est
1406 2185 1415 2210 :

32 2243 88 2287 sic
110 2252 252 2287 totum
267 2243 351 2287 hoc
372 2242 493 2303 quod
512 2243 644 2288 modo
657 2244 823 2303 patitur
837 2259 995 2303 corpus
1013 2243 1172 2288 Christi
1189 2242 1233 2286 in
1255 2241 1420 2285 labori-

33 2314 130 2368 bus,
147 2315 192 2357 in
208 2314 429 2369 aerumnis,
445 2315 490 2358 in
503 2314 675 2374 vigiliis,
693 2315 738 2359 in
755 2314 884 2368 fame,
900 2316 946 2359 in
964 2315 1048 2370 siti,
1074 2315 1118 2357 in
1132 2312 1358 2368 scandalis,
1376 2313 1422 2356 in

34 2384 361 2444 iniquitatibus,
390 2384 434 2427 in
457 2385 682 2443 pressuris,
709 2386 917 2445 juventus
945 2385 1078 2444 ipsius
1100 2393 1164 2428 est
1190 2403 1198 2428 :
1224 2392 1423 2427 senectus

34 2455 164 2515 ipsius
180 2490 191 2510 ,
217 2454 262 2499 id
285 2464 374 2510 est,
395 2456 623 2499 novissima
650 2456 781 2515 ipsius
798 2456 843 2499 in
860 2455 1010 2500 laetitia
1031 2464 1175 2499 erunt.
1204 2455 1423 2499 Etinten-

35 2525 110 2570 dat
131 2526 325 2571 Charitas
349 2528 521 2581 Vestra,
544 2526 649 2586 quia
670 2526 778 2571 dixit
797 2524 1087 2577 senectutem,
1113 2541 1168 2582 ne
1195 2525 1356 2585 putetis
1380 2533 1424 2568 et

37 2605 222 2642 mortem
248 2615 258 2642 ε
282 2597 414 2640 homo
435 2595 551 2640 enim
573 2596 619 2639 in
640 2611 768 2641 carne
784 2596 883 2641 ideo
900 2596 1105 2649 senescit,
1125 2604 1176 2639 ut
1195 2595 1420 2639 moriatur.
1462 2651 1468 2657 ¹

88 2690 96 2706 ¹
120 2684 190 2714 Act.
211 2693 258 2724 1x‚
277 2681 309 2723 4.
327 2698 368 2705 --
387 2689 399 2704 ²
420 2682 584 2721 Psal.xc1‚
607 2693 656 2714 11⁷
