1926 3339
472 361 557 399 380
911 366 945 397 S.
980 367 1212 398 Aueusnm
1244 369 1426 398 Emscol’l

467 434 796 496 prehenderunt
823 435 1135 495 persecutione.
1175 438 1241 479 Tu
1274 450 1377 495 ergo
1409 433 1485 495 qui
1518 433 1704 478 fidenter
1734 433 1855 492 egisti

468 507 583 551 inter
617 507 810 567 iniquos,
846 515 889 550 et
924 505 1144 550 neminem
1170 507 1377 562 timuisti,
1411 514 1454 549 et
1475 505 1577 566 quia
1606 520 1753 565 passus
1786 520 1851 560 es,

473 596 491 617 «
517 577 740 632 Exaltare,
767 596 788 618 >›
810 577 857 620 id
875 585 959 632 est,
981 592 1177 635 resurge,
1198 576 1307 621 vade
1333 577 1379 620 in
1405 576 1584 621 coelum.
1607 576 1798 620 Patiatur
1813 584 1856 619 et
1908 582 1912 627 ἶ

469 648 660 693 Ecclesia
686 648 927 707 patienter,
960 646 1081 707 quod
1102 662 1275 706 passum
1304 656 1366 691 est
1395 657 1526 707 caput
1550 646 1754 691 Ecclesiae
1776 661 1856 706 pa·

468 721 641 764 tienter.
663 737 683 764 u
711 717 930 774 Exaltare‚
955 718 1031 778 qui
1049 717 1217 778 judicas
1236 727 1417 773 terram,
1443 717 1576 762 redde
1604 717 1858 762 retributio·
1910 742 1912 771 ς

471 808 493 832 »
529 806 630 834 nem
653 789 875 849 superbis?
895 807 915 831 »
933 787 1201 833 Redditurus
1225 798 1310 839 est,
1331 788 1497 833 fratres.
1522 787 1636 842 Quid
1658 798 1721 833 est
1740 789 1857 832 enim
1910 787 1913 843 ζ

466 861 588 922 quod
610 859 777 905 dictum
797 870 861 905 est
883 879 892 906 :
914 879 934 903 «
961 859 1159 905 Exaltare
1173 895 1183 915 ,
1216 860 1291 920 qui
1312 859 1482 921 judicas
1504 869 1662 904 terram
1676 895 1687 915 ,
1724 858 1858 904 redde
1910 882 1914 891 .

469 950 489 974 »
525 932 856 976 retributionem
889 931 1116 991 superbis?
1148 949 1168 972 »
1195 931 1427 991 Prophetia
1457 940 1521 974 est
1551 930 1855 991 praedicentis,
1910 943 1914 983 ;

467 1019 556 1048 non
595 1002 773 1047 audacia
804 1002 1015 1063 jubentis.
1058 1005 1155 1048 Non
1186 1002 1302 1046 enim
1337 1002 1441 1063 quia
1474 1001 1580 1046 dixit
1617 1002 1853 1061 Propheta:

471 1093 489 1115 «
515 1073 738 1129 Exaltare,
761 1074 838 1134 qui
849 1073 1019 1134 judicas
1047 1084 1204 1118 terram
1219 1109 1230 1129 ,
1249 1092 1268 1114 η
1288 1073 1605 1133 obtemperavit
1627 1073 1859 1132 Prophetas
1910 1078 1914 1113 ἐ

467 1146 684 1201 Christus,
721 1154 772 1189 ut
800 1155 1042 1204 resurgeret
1070 1155 1112 1189 et
1144 1145 1225 1189 iret
1250 1145 1295 1188 in
1316 1144 1481 1189 coelum
1507 1165 1515 1189 :
1538 1144 1613 1189 sed
1643 1143 1744 1204 quia
1775 1144 1858 1186 hoc

466 1215 606 1260 factus
639 1225 730 1260 erat
762 1216 986 1271 Christus,
1023 1217 1106 1260 hoc
1134 1215 1334 1276 praedixit
1362 1217 1593 1275 Propheta.
1630 1218 1728 1261 Non
1760 1214 1859 1258 idco

466 1286 571 1332 fecit
601 1287 824 1342 Christus,
856 1288 957 1347 quia
990 1289 1209 1347 Propheta
1230 1287 1489 1347 praedixerat
1510 1287 1615 1332 :sed
1636 1285 1734 1330 ideo
1759 1289 1862 1329 Pro-

464 1358 596 1418 pheta
619 1358 881 1417 praedixerat
902 1358 1004 1419 quia
1025 1357 1099 1402 ille
1120 1356 1316 1402 facturus
1345 1366 1450 1402 erat.
1485 1356 1616 1401 Videt
1648 1355 1859 1400 humilem

468 1429 692 1474 Christum
706 1429 754 1473 in
773 1430 948 1490 spiritu,
969 1429 1089 1474 videt
1112 1429 1351 1488 humilem,
1372 1430 1593 1473 neminem
1615 1429 1857 1481 timentem,

467 1499 579 1544 nulli
593 1510 844 1560 parcentem
867 1502 913 1544 in
929 1500 1082 1556 verbo,
1108 1510 1150 1544 et
1163 1500 1294 1545 dicit:
1315 1520 1333 1542 «
1352 1499 1559 1544 Fidenter
1573 1500 1675 1559 egit.
1693 1497 1862 1542 »Videt

464 1570 590 1615 illum
620 1587 754 1632 quam
788 1571 975 1616 fidenter
1010 1572 1123 1630 egit,
1160 1571 1281 1615 videt
1312 1570 1438 1615 illum
1470 1570 1858 1630 comprehensum,

466 1641 587 1687 videt
624 1642 749 1687 illum
772 1644 1030 1688 crucifixum
1049 1679 1059 1699 ,
1099 1642 1220 1687 videt
1250 1642 1374 1686 illum
1399 1642 1679 1687 humiliatum
1696 1677 1711 1697 ,
1742 1640 1863 1685 videt

466 1713 592 1757 illum
610 1724 906 1774 resurgentem
921 1724 964 1759 et
981 1724 1157 1758 euntem
1177 1715 1222 1757 in
1248 1714 1427 1768 coelum,
1449 1724 1492 1758 et
1507 1723 1742 1758 venturum
1759 1712 1862 1756 inde

468 1784 748 1844 adjudicium
774 1802 948 1840 eorum,
975 1786 1089 1830 inter
1118 1800 1306 1845 quorum
1330 1800 1485 1828 manus
1507 1799 1655 1844 passus
1677 1792 1740 1827 est
1765 1797 1862 1826 orn-

467 1855 536 1898 nia
557 1856 671 1900 mala
699 1876 706 1900 :
732 1876 751 1898 α
776 1855 977 1900 Exaltare
993 1892 1003 1911 ,
1028 1856 1200 1916 inquit,
1224 1857 1301 1915 qui
1319 1854 1488 1915 judicas
1517 1864 1703 1912 terram,
1728 1852 1862 1898 redde

470 1943 491 1966 »
527 1926 862 1970 retributionem
885 1926 1096 1986 superbis.
1121 1945 1140 1967 n
1171 1926 1379 1986 Superbis
1408 1925 1588 1980 reddet,
1610 1941 1699 1969 non
1715 1924 1863 1969 humi-

468 1995 596 2040 libus.
623 1998 708 2050 Qui
731 2007 832 2041 sunt
845 1997 1051 2057 superbi?
1073 1997 1240 2051 Quibus
1259 2012 1412 2056 parum
1436 2007 1499 2040 est
1522 1995 1642 2056 quod
1665 1995 1776 2039 mala
1795 1995 1862 2039 fa-

469 2067 591 2112 ciunt
610 2103 620 2122 ‚
647 2078 690 2112 et
712 2067 949 2112 defendere
979 2078 1156 2127 peccata
1179 2084 1255 2111 sua
1284 2067 1455 2111 volunt.
1487 2070 1687 2127 Namque
1719 2065 1774 2110 de
1797 2066 1862 2110 his

469 2139 545 2199 qui
570 2140 878 2184 crucifixerunt
899 2140 1122 2184 Christum
1145 2175 1155 2193 ,
1182 2137 1294 2182 facta
1318 2148 1421 2182 sunt
1450 2148 1597 2197 postea
1621 2136 1828 2182 miracula
1848 2173 1858 2191 ,

469 2210 646 2270 quando
669 2210 723 2254 de
756 2211 849 2270 ipso
878 2226 1062 2254 numero
1100 2210 1357 2254 Judaeorum
1379 2208 1680 2264 crediderunt,
1715 2218 1758 2252 et
1781 2209 1863 2252 do-
1909 2215 1926 2248 ii

469 2290 597 2324 natus
623 2291 686 2325 est
711 2280 794 2324 illis
815 2281 988 2340 sanguis
1015 2281 1188 2325 Christi.
1214 2281 1373 2340 Impias
1406 2296 1561 2325 manus
1585 2290 1629 2325 et
1662 2288 1863 2324 cruentas
1910 2295 1926 2323 ‚3

469 2352 524 2395 de
546 2353 756 2411 sanguine
773 2352 934 2397 Christi
956 2352 1191 2412 portabant
1213 2371 1221 2396 :
1245 2350 1350 2395 lavit
1367 2367 1436 2396 eas
1448 2352 1539 2411 ipse
1555 2352 1678 2411 cujus
1695 2351 1865 2408 saugui-

468 2438 569 2466 nem
589 2421 806 2467 fuderant.
833 2423 1044 2483 Adjuncti
1063 2432 1165 2466 sunt
1187 2422 1527 2482 corporiipsius,
1544 2422 1588 2465 id
1604 2431 1683 2477 est,
1707 2421 1860 2466 Eccle-

469 2494 568 2550 siae,
604 2495 680 2554 qui
703 2510 859 2554 corpus
881 2496 970 2554 ejus
1005 2493 1187 2538 mortale
1205 2529 1216 2549 ,
1243 2493 1364 2554 quod
1401 2493 1622 2548 viderant,
1650 2493 1864 2553 persecuti

469 2574 586 2609 sunt.
604 2565 834 2609 Fuderunt
849 2565 1040 2624 pretium
1055 2580 1182 2608 suum
1195 2600 1205 2618 ,
1224 2573 1274 2608 ut
1287 2563 1486 2608 biberent
1503 2564 1693 2622 pretium
1715 2578 1858 2607 suum.

468 2638 668 2696 Namque
680 2645 826 2695 postea
846 2634 991 2695 plures
1009 2635 1204 2680 conversi
1227 2644 1343 2679 sunt.
1367 2637 1480 2679 Cum
1497 2634 1635 2678 multa
1652 2632 1860 2678 miracula

472 2706 625 2750 fierent
641 2706 695 2750 ab
718 2704 936 2765 Apostolis
953 2741 963 2760 ,
986 2705 1151 2765 aliquot
1172 2705 1401 2750 hominum
1423 2703 1557 2748 millia
1575 2720 1663 2749 una
1677 2703 1747 2748 die
1757 2719 1853 2748 cre-
