1926 3339
451 355 532 393 398
885 363 918 392 s.
955 363 1185 392 mensum
1218 363 1399 391 EPISCOPI

450 432 556 476 ritus
569 430 692 475 uxori
714 430 832 475 fideli
857 431 982 475 bonae
1000 440 1044 474 et
1062 439 1237 485 sanctae,
1263 429 1469 488 deceptor
1489 428 1635 487 ipsius.
1664 429 1707 474 Si
1729 443 1832 474 mu-

448 500 527 545 lier
548 502 724 557 marito,
748 504 838 546 Eva
864 511 927 545 est
955 501 1017 544 illi
1044 520 1052 544 :
1085 501 1118 544 si
1149 500 1214 545 vir
1244 500 1394 554 uxori,
1425 498 1622 543 diabolus
1655 508 1717 543 est
1750 498 1830 546 illi.

448 575 537 616 Aut
561 573 651 632 ipsa
680 572 759 616 tibi
782 575 873 616 Eva
896 581 959 615 est
977 607 988 627 ‚
1020 580 1094 615 aut
1125 580 1176 614 tu
1197 570 1258 614 illi
1288 585 1461 630 serpens
1489 585 1547 614 es.
1585 568 1834 629 Aliquando

447 643 542 687 vult
564 652 816 688 convertere
846 652 969 702 pater
994 642 1301 700 cogitationem
1323 657 1445 685 suam
1474 641 1543 686 vel
1571 639 1626 685 ad
1655 640 1795 684 filium
1820 659 1830 685 :

448 715 614 758 invenit
635 724 678 758 et
705 715 848 774 ipsum
870 714 1050 768 malum,
1070 713 1411 773 nequissimum3
1435 722 1604 767 aestuat,
1631 713 1831 768 fluctuat,

448 784 603 844 quaerit
621 784 842 844 quomodo
866 784 1024 838 vincat,
1043 798 1179 842 prope
1201 783 1417 836 sorbetur,
1445 797 1577 842 prope
1600 783 1831 838 consentit,

447 854 521 898 sed
545 853 656 898 adsit
689 858 816 899 Deus.
854 853 1014 898 Audite
1047 856 1161 911 Ergo
1188 851 1408 897 Psalmum
1434 869 1445 898 z
1477 872 1496 895 «
1523 853 1628 906 Quis
1658 862 1836 911 exurget

449 943 468 966 1)
504 926 626 981 mihi,
652 926 811 986 inquit,
830 926 1033 970 adversus
1052 924 1365 984 malignantes?
1381 943 1400 965 »
1429 927 1534 968 Tam
1555 923 1683 968 multi
1703 933 1832 982 sunt,

447 1012 726 1057 quacumque
754 997 935 1056 respicio
953 1031 963 1051 ,
987 996 1068 1055 ipsi
1091 1003 1344 1039 occurrunt.
1370 994 1476 1048 Quis
1497 1004 1695 1039 occurret
1716 995 1836 1055 prin-

446 1067 531 1126 cipi
555 1067 796 1127 iniquitatis
830 1066 1006 1111 diabolo
1030 1075 1073 1110 et
1094 1063 1255 1124 angelis
1277 1066 1369 1125 ejus
1385 1100 1396 1120 ,
1421 1074 1465 1108 et
1491 1065 1745 1109 hominibus
1766 1080 1835 1109 se-

445 1136 588 1181 ductis
615 1137 668 1180 ab
691 1138 774 1181 eo?
1415 1148 1421 1154 ’

506 1210 624 1251 XXI.
654 1227 673 1249 «
705 1208 795 1252 Nisi
821 1207 923 1267 quia
957 1207 1189 1262 Dominus,
1213 1206 1383 1266 inquit,
1406 1205 1571 1267 adjuvit
1592 1221 1677 1257 mc,
1703 1205 1836 1266 paulo

449 1298 467 1319 »
504 1279 646 1322 minus
668 1278 930 1322 habitaverit
946 1279 992 1321 in
1007 1276 1180 1322 inferno
1198 1277 1340 1321 anima
1362 1293 1457 1321 mea
1473 1279 1503 1320 1.
1534 1295 1553 1318 »
1581 1281 1720 1337 Prope
1736 1292 1837 1321 rue·-

446 1365 536 1392 ram
560 1349 604 1392 in
633 1347 751 1392 illam
775 1348 950 1404 fossam,
976 1365 1074 1408 quae
1098 1357 1276 1408 paratur
1296 1348 1598 1407 peccatoribus
1620 1367 1628 1393 ε
1653 1349 1737 1393 hoc
1754 1357 1832 1404 est,

449 1439 468 1460 «
506 1418 641 1463 Paulo
666 1419 807 1462 minus
824 1419 869 1462 in
892 1416 1065 1463 inferno
1083 1418 1355 1463 habitaverat
1377 1418 1517 1462 anima
1542 1434 1652 1462 mea.
1679 1437 1698 1459 n
1727 1417 1837 1472 Quia

441 1490 530 1549 jam
556 1489 778 1545 mutabat,
800 1491 890 1549 jam
911 1504 1046 1549 prope
1068 1488 1383 1543 consentiebat,
1410 1488 1594 1548 respexit
1611 1487 1666 1532 ad
1688 1488 1838 1533 Domi-

445 1576 568 1605 num.
596 1563 653 1605 Ut
674 1570 778 1621 puta
795 1597 806 1616 ,
834 1561 954 1605 verbi
983 1561 1117 1620 gratia
1137 1596 1148 1616 ,
1172 1559 1466 1605 insultabatur
1489 1559 1568 1616 illi,
1596 1570 1650 1605 ¹ut
1676 1559 1838 1605 faceret

444 1632 735 1692 iniquitatem.
769 1631 1018 1692 Aliquando
1050 1633 1165 1675 enim
1194 1641 1460 1690 congregant
1489 1648 1533 1675 se
1554 1631 1680 1687 mali,
1707 1641 1750 1676 et
1768 1631 1837 1675 in-

444 1703 610 1747 sultant
632 1703 782 1760 bonis3
806 1703 991 1746 maxime
1020 1703 1053 1746 si
1085 1703 1249 1746 fuerint
1278 1702 1342 1745 illi
1370 1702 1543 1762 plures,
1568 1711 1611 1745 et
1643 1702 1838 1762 ceperint

445 1772 570 1817 illum
597 1789 736 1818 unum
754 1809 764 1828 ,
794 1773 1017 1833 quomodo
1043 1772 1280 1832 aliquando
1302 1772 1440 1816 multa
1471 1772 1597 1833 palea
1628 1782 1691 1817 est
1723 1773 1837 1818 circa

445 1860 584 1888 unum
608 1860 816 1904 granum,
840 1847 857 1902 (
880 1854 984 1888 tunc
1008 1860 1096 1888 non
1121 1853 1251 1888 erunt
1273 1843 1405 1888 simul
1427 1860 1527 1888 cum
1552 1842 1682 1889 fuerit
1703 1860 1839 1889 massa

444 1915 651 1960 ventilata
670 1936 678 1961 ε
699 1920 714 1974 )
738 1916 908 1975 capitur
933 1916 1047 1959 inter
1073 1915 1235 1959 multos
1266 1915 1440 1976 iniquos
1472 1915 1545 1960 ille
1562 1951 1572 1969 ,
1604 1915 1840 1960 insultatur

444 1986 521 2041 illi,
549 1987 918 2044 circumvenitur,
949 2001 1244 2046 superponere
1272 2001 1316 2030 se
1337 1986 1495 2030 volunt
1515 1985 1594 2042 illi,
1620 1986 1839 2045 exagitant

444 2058 565 2117 quasi
584 2059 767 2118 justum,
791 2067 834 2102 et
856 2057 1070 2102 insultant
1091 2058 1215 2118 quasi
1238 2057 1293 2102 de
1310 2058 1574 2119 ipsajustitia
1601 2078 1609 2103 :
1633 2061 1833 2118 Magnus,

444 2128 666 2188 inquiunt,
693 2128 951 2188 Apostolus,
988 2129 1034 2172 111
1056 2128 1218 2173 coelum
1246 2128 1422 2183 volasti,
1452 2129 1674 2188 quomodo
1703 2129 1832 2174 Elias.

445 2200 632 2244 Faciunt
654 2200 852 2244 homines
873 2200 969 2253 ista,
993 2200 1052 2244 ita
1081 2209 1131 2243 ut
1159 2199 1394 2259 aliquando
1417 2198 1645 2243 attendens
1671 2199 1725 2244 ad
1747 2200 1835 2244 lin-

444 2286 573 2329 guam
592 2272 844 2324 humanam,
870 2271 1097 2316 erubescat
1114 2286 1203 2315 esse
1228 2271 1367 2315 bonus
1382 2270 1495 2314 inter
1511 2270 1662 2315 malos.
1690 2272 1835 2316 Resis-

444 2351 506 2385 tat
528 2357 628 2400 ergo
652 2341 797 2399 malis,
823 2341 899 2386 sed
922 2358 1010 2386 non
1028 2341 1082 2385 de
1104 2342 1270 2385 viribus
1299 2341 1384 2386 suis
1402 2377 1412 2397 ,
1446 2357 1502 2385 ne
1524 2341 1739 2386 efficiatur
1759 2358 1834 2386 su-

443 2412 620 2472 perbus,
645 2429 745 2457 cum
769 2412 865 2456 vult
887 2412 1069 2457 evadere
1091 2412 1323 2472 superbos,
1347 2421 1389 2456 et
1416 2422 1571 2470 augeat
1600 2428 1835 2457 numerum

442 2483 745 2542 superborum.
775 2483 859 2527 Sed
880 2482 988 2542 quid
1011 2481 1153 2526 dicat?
1182 2501 1201 2524 «
1227 2483 1330 2535 Quis
1353 2492 1532 2541 exurget
1551 2483 1656 2526 mihi
1680 2482 1834 2528 adver-

445 2571 465 2594 »
501 2569 570 2596 sus
592 2553 893 2612 malignantes,
915 2562 989 2596 aut
1004 2553 1099 2613 quis
1117 2553 1354 2597 consistent
1373 2553 1478 2596 mihi
1502 2553 1706 2597 adversus
1728 2569 1832 2614 ope-

445 2641 465 2664 »
501 2632 643 2667 rantes
679 2623 979 2683 iniquitatem?
1013 2623 1100 2668 Nisi
1132 2623 1234 2683 quia
1276 2623 1486 2667 Dominus
1528 2622 1695 2683 adjuvit
1731 2639 1827 2679 me,

493 2716 499 2731 ¹
522 2709 599 2740 psal.
625 2718 707 2749 rieul,
732 2720 781 2751 17,
