1926 3339
0 0 1926 135 -ἑ-ῂή

442 353 525 394 374
892 367 924 392 s.
962 364 1190 393 ΑεουεΤιΜ
1223 367 1403 392 EPISCOPI

444 450 466 473 »
503 430 566 474 dit
593 427 752 473 coelum
782 429 893 473 sicut
919 428 1076 488 pellem
1095 432 1124 473 ¹.
1148 449 1167 471 υ
1197 431 1239 475 Si
1262 428 1508 474 extenditur
1535 428 1647 474 sicut
1673 428 1822 489 pellis,

441 513 649 562 tanquam
672 500 780 544 liber
800 509 862 544 cst
883 509 1080 544 extentus
1100 536 1110 555 ,
1132 510 1182 545 ut
1200 501 1382 560 legatur.
1420 504 1651 545 Transacto
1681 509 1826 544 autem

444 584 642 632 tempore
663 587 751 615 non
784 569 958 629 legitur.
992 574 1220 630 Propterea
1245 572 1358 616 enim
1393 572 1551 630 legitur
1582 574 1692 625 Lex,
1724 570 1826 631 quia

438 642 636 689 nondum
653 641 849 685 venimus
868 640 923 684 ad
943 640 1061 685 illam
1081 642 1343 701 Sapientiam
1358 678 1369 697 ,
1393 659 1492 702 quae
1514 642 1667 701 implet
1693 641 1825 686 corda

440 725 483 759 et
497 722 661 757 mentes
678 711 942 755 intuentium
969 730 978 756 ε
1006 721 1049 755 et
1070 728 1157 756 non
1180 728 1288 772 opus
1303 714 1385 757 erit
1405 722 1453 757 ut
1475 711 1642 772 aliquid
1663 713 1725 756 ibi
1746 727 1827 757 no-
1919 725 1923 744 ¹

438 787 504 830 bis
523 784 707 843 legatur.
734 783 845 835 Quia
866 782 910 825 in
927 783 1108 842 eoquod
1122 783 1245 828 nobis
1267 783 1448 843 legitur,
1473 782 1654 841 syllabae
1671 792 1829 828 sonant
1919 781 1923 837 ᾗ

441 865 485 900 et
505 862 732 900 transeunt
753 872 763 898 ι
785 851 858 896 illa
878 851 953 896 lux
973 854 1163 898 veritatis
1186 870 1275 898 non
1295 854 1510 914 praeterit,
1533 853 1609 898 sed
1626 854 1709 897 fixa
1726 868 1828 913 per-
1919 840 1922 857 ⁵

439 940 617 970 manens
641 923 826 967 inebriat
842 922 973 967 corda
993 923 1236 968 videntium
1264 943 1273 968 ;
1303 923 1525 985 quomodo
1550 923 1717 968 dictum
1739 932 1824 977 est,

443 1015 464 1038 «
497 994 839 1040 Inebriabuntur
861 995 915 1037 ab
939 994 1139 1039 ubertate
1164 995 1319 1039 domus
1341 1005 1450 1049 tuae,
1476 1004 1519 1038 et
1535 1003 1727 1039 torrente
1748 994 1827 1038 de-

441 1085 462 1109 »
498 1066 695 1110 liciarum
729 1074 902 1108 tuarum
931 1065 1100 1125 potabis
1135 1081 1206 1110 eos
1224 1087 1234 1123 3
1273 1066 1479 1126 quoniam
1509 1064 1627 1125 apud
1648 1074 1692 1109 te
1729 1073 1793 1108 est
1814 1099 1825 1119 ‚
1918 1110 1926 1134 ΕΙ

443 1156 463 1179 ))
499 1136 681 1181 Domine
704 1171 715 1189 ,
736 1133 830 1179 fons
847 1135 960 1178 vitae.
990 1154 1009 1177 »
1035 1138 1091 1179 Et
1112 1135 1211 1180 vide
1232 1136 1374 1195 ipsum
1408 1135 1577 1180 fontem
1604 1155 1614 1180 ι
1639 1155 1659 1177 «
1681 1137 1733 1178 In
1755 1134 1828 1179 lu-
1918 1138 1926 1200 3!

445 1227 463 1249 »
496 1207 628 1259 mine,
649 1206 807 1265 inquit,
825 1215 902 1249 tuo
917 1204 1166 1250 videbimus
1177 1205 1327 1250 lumen
1342 1208 1373 1250 ².
1398 1227 1416 1248 »
1433 1207 1567 1250 Modo
1581 1221 1683 1264 ergo
1699 1204 1830 1249 lectio

442 1276 679 1322 necessaria
708 1285 772 1320 est
791 1311 801 1330 ,
837 1275 1034 1335 quandiu
1061 1296 1081 1318 «
1112 1280 1178 1321 Ex
1209 1287 1331 1336 parte
1357 1277 1680 1336 cognoscimus,
1711 1285 1754 1320 et
1780 1290 1831 1320 ex

443 1367 463 1390 »
500 1357 622 1407 parte
643 1346 955 1406 prophetamus
975 1381 986 1399 ‚
1025 1365 1045 1387 »
1082 1347 1193 1391 sicut
1219 1347 1324 1391 dicit
1355 1346 1589 1407 Apostolus
1621 1366 1630 1391 :
1663 1366 1683 1388 «
1717 1348 1830 1391 Cum

441 1437 462 1461 »
499 1426 644 1462 autem
678 1415 848 1461 venerit
869 1415 989 1477 quod
1012 1415 1255 1476 perfectum
1283 1427 1346 1462 est
1365 1453 1376 1473 ,
1401 1416 1623 1462 auferetur
1644 1416 1765 1478 quod
1781 1432 1832 1460 ex

443 1509 466 1533 »
500 1499 623 1550 parte
656 1490 760 1532 est3.
788 1508 804 1529 ι)
830 1491 927 1533 Non
948 1488 1064 1541 enim
1090 1489 1135 1533 in
1158 1489 1231 1534 illa
1258 1490 1431 1534 civitate
1461 1488 1700 1534 Jerusalem
1717 1524 1728 1545 ‚
1753 1488 1832 1532 ubi

440 1559 597 1620 Angeli
610 1560 780 1614 vivunt,
798 1558 917 1603 unde
934 1575 1012 1603 nos
1023 1559 1155 1604 modo
1172 1561 1517 1620 peregrinamur,
1532 1570 1575 1604 et
1587 1561 1832 1620 peregrina-

440 1633 503 1677 tio
517 1641 663 1676 nostra
678 1630 827 1688 gemit,
834 1631 965 1688 gemit
977 1640 1139 1684 autem,
1151 1631 1185 1675 si
1199 1631 1355 1676 scimus
1368 1632 1470 1692 quia
1482 1631 1831 1692 peregrinamur,

441 1718 543 1746 nam
566 1700 660 1746 odit
675 1699 802 1745 valde
823 1701 1005 1760 patriam
1023 1736 1034 1756 ,
1060 1701 1137 1761 qui
1154 1711 1279 1761 putat
1301 1702 1380 1745 sibi
1397 1702 1509 1745 bene
1526 1716 1616 1746 esse
1629 1716 1730 1746 cum
1753 1715 1832 1761 pe-

442 1773 686 1831 regrinatur
713 1791 721 1816 z
758 1771 975 1832 numquid
1005 1772 1051 1815 in
1082 1771 1155 1816 illa
1192 1773 1366 1816 civitate
1398 1773 1475 1816 ubi
1509 1781 1611 1817 sunt
1649 1770 1831 1831 Angeli‚

442 1842 730 1901 Evangelium
749 1841 930 1900 legitur,
948 1851 1023 1886 aut
1040 1843 1302 1901 Apostolus?
1322 1843 1468 1888 Verbo
1480 1843 1558 1887 Dei
1576 1851 1830 1902 pascuntur.

442 1911 570 1966 Quod
594 1912 787 1955 Verbum
819 1912 926 1966 Dei,
951 1921 1001 1955 ut
1030 1922 1204 1956 sonaret
1225 1913 1349 1957 nobis
1372 1912 1427 1957 ad
1448 1921 1646 1972 tempus,
1675 1932 1695 1954 «
1722 1914 1832 1955 Ver-

445 2002 466 2025 »
503 1984 609 2028 bum
627 1999 726 2027 caro
745 1982 909 2027 factum
933 1994 1020 2037 est,
1046 1993 1089 2027 et
1112 1984 1324 2028 habitavit
1344 1985 1389 2028 in
1410 1984 1536 2029 nobis
1554 1985 1586 2028 4.
1615 2002 1634 2025 n
1659 1982 1743 2028 Sed
1765 1992 1833 2027 ta—

443 2070 545 2099 men
567 2055 657 2114 ipsa
679 2057 766 2098 Lex
781 2089 791 2108 ,
817 2070 916 2114 quae
939 2054 1096 2114 scripta
1119 2064 1204 2110 est,
1231 2055 1554 2100 firmamentum
1582 2053 1707 2099 nobis
1731 2063 1795 2098 est
1820 2073 1830 2099 z

439 2126 503 2170 ibi
524 2127 557 2170 si
584 2126 637 2170 sit
660 2142 734 2170 cor
764 2136 961 2170 nostrum
981 2162 991 2181 ‚
1021 2142 1111 2171 non
1133 2126 1392 2171 convellitur
1421 2126 1728 2187 iniquitatibus
1749 2126 1831 2170 ho-

442 2198 626 2241 minum.
650 2198 825 2241 Dictum
844 2206 906 2241 est
921 2212 1040 2256 ergo,
1062 2217 1082 2239 «
1100 2198 1308 2242 Extendit
1324 2198 1487 2242 coelum
1501 2198 1612 2241 sicut
1624 2196 1829 2256 pellem.»

442 2271 554 2314 Cum
570 2277 714 2312 autem
736 2277 961 2312 transeunt
976 2278 1172 2328 tempora
1193 2268 1455 2313 necessitatis
1477 2268 1705 2324 librorum,
1725 2267 1834 2329 quid

441 2339 608 2384 dictum
633 2341 727 2383 est?
752 2358 771 2380 «
787 2338 962 2383 Coelum
978 2339 1212 2399 plicabitur
1231 2349 1279 2383 ut
1297 2339 1448 2383 liber5.
1474 2358 1493 2380 »
1512 2339 1594 2393 Qui
1611 2354 1715 2399 ergo
1737 2355 1834 2383 sur-

440 2426 538 2454 sum
559 2409 694 2453 habet
720 2426 822 2465 cor,
847 2411 988 2469 ipsum
1018 2426 1092 2454 cor
1113 2410 1246 2470 ipsius
1272 2409 1486 2454 luminare
1516 2419 1593 2454 est.
1634 2413 1684 2453 In
1719 2409 1832 2455 coelo

438 2480 579 2540 fulget
596 2516 606 2535 ,
633 2496 712 2524 nec
735 2481 923 2524 vincitur
950 2481 1154 2525 tenebris.
1188 2480 1307 2525 Infra
1334 2481 1449 2524 enim
1474 2489 1576 2524 sunt
1598 2480 1792 2525 tenebrae
1820 2500 1829 2526 :

437 2551 630 2594 tenebrae
665 2559 812 2595 autem
834 2551 1062 2612 iniquitas,
1094 2567 1184 2596 non
1206 2549 1585 2596 incommutabiles
1615 2551 1827 2595 tenebrae.

488 2652 496 2668 ¹
518 2646 597 2677 Psal.
618 2650 683 2685 cut,
703 2655 735 2677 2.
753 2664 795 2669 —
814 2646 993 2678 ²1d xxxv
1009 2672 1016 2685 ‚
1034 2658 1068 2688 9,
1088 2659 1136 2679 ιο.
1158 2662 1199 2670 «-
1217 2645 1230 2670 3
1253 2658 1264 2679 1
1285 2649 1358 2680 Cor.
1378 2657 1448 2687 xm,
1467 2658 1499 2689 9.
1520 2664 1562 2669 —
1579 2645 1595 2677 4
1613 2648 1749 2686 Joan.1‚
1772 2643 1829 2686 14.

443 2718 481 2722 -—-
502 2699 516 2722 5
535 2702 605 2733 lsai.
630 2713 740 2740 xxxiv,
762 2700 791 2740 5

1424 2806 1438 2823 Ι
