1926 3339
426 342 509 380 278
857 350 889 379 s.
926 352 1155 379 AUGUs'rnu
1187 351 1368 378 nmscom

431 421 555 464 fieret
572 421 600 463 ¹.
627 422 798 463 Interea
818 427 962 461 tamen
988 437 997 462 ε
1027 436 1046 458 1<
1061 416 1320 460 Exardescet
1333 415 1443 460 sicut
1465 414 1574 473 ignis
1595 415 1656 458 ira
1674 423 1766 458 tua.
1786 431 1808 456 r»

489 492 567 534 IX.
608 492 860 533 «Memento
881 503 981 547 quae
1004 496 1067 530 est
1093 485 1333 530 substantia
1352 500 1450 529 mea
1462 488 1495 528 ⁶2.
1518 503 1539 525 »
1565 485 1703 528 David
1726 484 1812 528 iste

431 561 536 605 dicit
556 559 722 619 positus
743 559 789 601 in
810 572 939 601 carne
957 557 1005 600 in
1022 555 1203 610 Judaeis‚
1228 556 1394 615 positus
1409 555 1452 599 in
1471 570 1545 614 spe
1558 555 1603 598 in
1619 555 1808 600 Christo.

435 652 455 675 «
489 635 711 676 Memento
728 644 828 688 quae
850 637 914 672 est
933 626 1173 671 substantia
1194 641 1305 671 mea.
1322 646 1339 668 »
1359 629 1457 671 Non
1479 626 1595 670 enim
1612 625 1716 686 quia
1736 627 1813 669 Ju-

425 702 508 747 daei
539 700 822 753 defecerunt,
854 697 1014 742 defecit
1040 697 1280 741 substantia
1305 712 1415 740 mea.
1440 697 1616 740 Etenim
1653 696 1708 740 de
1735 695 1813 741 illo

423 771 589 832 populo
615 770 737 828 virgo
753 768 906 823 Maria,
926 766 981 811 de
995 768 1161 825 virgine
1172 767 1307 811 Maria
1325 766 1594 811 caroChristi
1617 785 1626 811 ε
1651 775 1695 810 et
1711 781 1814 811 caro

423 842 497 886 illa
528 857 618 885 non
650 839 891 900 peccatrix,
924 837 1000 882 sed
1028 846 1307 898 peccatorum
1329 836 1594 881 mundatrix.
1619 835 1687 880 Ibi
1719 845 1811 892 est,

422 913 593 974 inquit,
626 911 865 955 substantia
895 925 991 953 mea
1023 928 1033 954 ;
1068 911 1320 953 «Memento
1349 923 1450 968 quae
1485 916 1551 951 est
1573 906 1816 951 substantia

425 1003 446 1027 »
482 999 592 1027 mea,
614 1001 634 1023 »
663 979 762 1027 Non
785 981 900 1025 enim
922 980 1102 1024 omnino
1123 979 1285 1023 interiit
1306 977 1427 1022 radix
1459 998 1468 1023 :
1492 977 1639 1022 veniet
1669 992 1818 1021 semen

424 1054 495 1099 cui
511 1053 772 1113 promissum
795 1060 879 1105 est,
906 1050 1161 1110 dispositum
1183 1065 1260 1109 per
1285 1047 1473 1107 Angelos
1495 1049 1542 1092 in
1565 1063 1699 1092 manu
1721 1062 1817 1091 me-

424 1124 625 1169 diatoris3
653 1143 662 1167 :
693 1126 949 1165 «Memento
975 1137 1074 1181 quae
1095 1130 1159 1165 est
1180 1120 1420 1164 substantia
1439 1134 1550 1163 mea.
1576 1121 1674 1163 Non
1702 1118 1817 1162 enim

429 1213 450 1237 »
485 1209 595 1239 vane
617 1192 877 1237 constituisti
907 1207 1058 1236 omnes
1080 1191 1190 1235 filios
1216 1190 1459 1234 hominum.
1483 1208 1503 1231 »
1528 1191 1641 1233 Ecce
1662 1203 1814 1233 omnes

428 1264 506 1308 filii
533 1263 764 1307 hominum
795 1263 940 1305 ierunt
974 1262 1020 1305 in
1045 1261 1307 1305 vanitatem:
1344 1269 1391 1303 tu
1418 1269 1565 1303 tamen
1592 1275 1684 1303 non
1707 1273 1818 1302 vane

427 1333 525 1378 illos
557 1332 835 1377 constituisti.
861 1334 973 1376 Cum
1006 1346 1109 1389 ergo
1126 1331 1271 1374 ierunt
1292 1345 1442 1374 omnes
1473 1330 1520 1372 in
1552 1329 1787 1373 vanitatem
1805 1363 1816 1383 ‚

425 1420 535 1465 quos
557 1413 607 1448 tu
625 1420 716 1448 non
734 1418 845 1447 vane
867 1402 1152 1459 constituisti3
1171 1400 1291 1445 unde
1311 1416 1383 1445 eos
1403 1399 1637 1443 mundares
1660 1415 1685 1443 a
1700 1399 1821 1442 vani-

428 1485 538 1530 tate‚
559 1474 775 1535 numquid
796 1473 905 1518 nihil
926 1473 1007 1517 tibi
1026 1473 1228 1517 servasti?
1252 1471 1368 1516 Illud
1386 1470 1506 1531 quod
1523 1470 1603 1515 tibi
1625 1470 1817 1526 servasti,

425 1546 544 1590 unde
566 1544 799 1589 mundares
827 1544 1024 1588 homines
1041 1559 1064 1587 a
1085 1543 1298 1598 vanitate,
1323 1550 1495 1586 sanctus
1521 1540 1594 1585 ille
1611 1550 1712 1585 tuus
1727 1575 1738 1595 ‚
1774 1540 1822 1584 in

427 1632 478 1661 eo
495 1616 733 1660 substantia
756 1630 867 1659 mea.
893 1618 959 1658 Ex
979 1613 1056 1658 illo
1078 1613 1192 1657 enim
1215 1612 1487 1657 mundantur
1509 1626 1658 1657 omnes
1674 1646 1685 1667 ‚
1712 1625 1822 1671 quos

427 1703 517 1732 non
539 1686 698 1731 frustra
720 1686 997 1740 constituisti,
1023 1702 1046 1729 a
1068 1685 1242 1744 propria
1259 1683 1451 1728 vanitate
1476 1702 1486 1728 ι
1517 1683 1679 1743 quibus
1711 1681 1823 1726 dici—

426 1768 524 1803 tur:
545 1777 565 1799 «
582 1757 679 1801 Filii
701 1757 931 1801 hominum
953 1770 1182 1816 quousque
1199 1770 1348 1813 graves
1365 1753 1513 1808 eorde,
1538 1752 1699 1813 utquid
1718 1751 1823 1796 dili-

429 1848 449 1871 »
487 1829 583 1887 gitis
604 1828 859 1882 vanitatem,
884 1837 927 1871 et
942 1827 1135 1887 quaeritis
1154 1826 1514 1871 mendacium4P»
1540 1828 1672 1869 Forte
1700 1823 1824 1869 solli-

425 1900 499 1944 citi
522 1898 626 1943 lacti
649 1907 1008 1943 converterentur
1023 1914 1046 1942 a
1063 1898 1270 1952 vanitate,
1295 1896 1544 1941 invenirent
1565 1911 1608 1939 se
1629 1894 1824 1940 vanitate

426 1970 700 2031 inquinatos,
727 1978 974 2029 quaererent
997 1969 1117 2012 unde
1135 1967 1468 2012 mundarentur.
1497 1968 1726 2021 Succurre,
1752 1964 1823 2010 fac

425 2056 613 2085 securos.
657 2043 747 2084 «Et
773 2040 926 2084 scitote
950 2040 1161 2099 quoniam
1183 2037 1428 2082 mirificavit
1449 2037 1660 2081 Dominus
1695 2051 1825 2080 sanc-

430 2134 446 2153 »
483 2121 580 2155 tum
602 2114 780 2155 suum5.
814 2132 831 2151 »
861 2113 1072 2155 Sanctum
1091 2124 1218 2153 suum
1240 2106 1540 2152 admirabilem
1564 2106 1669 2151 fecit
1685 2141 1697 2162 ,
1720 2106 1826 2150 inde

429 2197 578 2225 omnes
607 2198 630 2225 a
662 2181 854 2224 vanitate
888 2179 1230 2223 mundavit.’lbi
1263 2187 1348 2233 est,
1383 2178 1547 2238 inquit,
1584 2176 1826 2221 substantia

429 2267 554 2308 mea3
580 2259 801 2293 memento
825 2251 932 2309 ejus.
963 2268 980 2289 «
1002 2252 1101 2293 Non
1122 2248 1237 2292 enim
1259 2263 1371 2293 vane
1393 2247 1655 2292 constituisti
1677 2261 1827 2291 omnes

437 2339 457 2362 »
494 2321 606 2365 filios
628 2321 873 2364 hominum.
905 2341 921 2361 »
946 2323 1061 2377 Ergo
1083 2319 1259 2363 servasti
1281 2317 1470 2378 aliquid,
1496 2317 1615 2361 unde
1636 2316 1828 2361 munda-

433 2401 600 2435 rentur.
627 2391 733 2444 Quis
762 2400 825 2434 est
846 2391 926 2435 iste
947 2405 1080 2450 quem
1107 2388 1315 2433 servasti?
1340 2407 1361 2430 «
1381 2388 1488 2441 Quis
1515 2397 1579 2432 est
1596 2388 1729 2432 homo
1750 2388 1828 2447 qui

427 2482 448 2505 »
482 2463 617 2518 vivet,
644 2472 687 2507 et
713 2478 803 2507 non
821 2461 990 2506 videbit
1011 2461 1258 2505 mortemfip
1285 2480 1303 2502 »
1331 2463 1449 2519 Ergo
1471 2459 1545 2504 ille
1567 2461 1728 2512 homo,
1748 2458 1826 2519 qui

424 2534 563 2588 vivet,
599 2542 644 2577 et
672 2548 762 2577 non
790 2531 960 2577 videbit
988 2540 1197 2587 mortem,
1229 2531 1320 2591 ipse
1349 2530 1536 2575 mundat
1562 2546 1586 2574 a
1610 2529 1822 2574 vanitate.

474 2636 482 2652 ¹
504 2632 596 2661 Rom.
622 2640 666 2670 n,
686 2629 740 2661 25.
762 2646 804 2651 —
818 2635 831 2650 ²
853 2628 932 2660 Psal.
956 2634 1111 2668 Lxxxvi'u,
1130 2626 1182 2669 48.
1203 2645 1243 2650 -
1259 2625 1272 2650 3
1292 2627 1359 2660 Gal.
1375 2637 1423 2668 lu,
1451 2637 1504 2668 19.
1524 2642 1567 2648 —-
1585 2623 1601 2654 4
1616 2625 1703 2658 Psal.
1729 2635 1774 2666 lv,
1791 2623 1821 2657 3.

429 2703 468 2708 -
488 2684 502 2708 5
516 2686 597 2717 Ibid.
625 2684 658 2726 4.
678 2702 719 2708 —-
733 2683 749 2707 6
768 2685 817 2717 Id.
841 2695 1003 2725 Lxxxvnt,
1021 2683 1076 2726 49.
