1926 3339
440 342 526 382 394
875 356 908 381 s.
945 352 1176 382 aueus'rml
1210 353 1394 381 Emscom

439 436 508 465 ros
530 418 759 480 quosdam,
777 419 850 479 qui
873 419 1143 463 voluntatem
1169 434 1289 463 suam
1313 416 1477 462 vellent
1494 415 1652 471 faeere,
1672 414 1747 459 sed
1761 431 1830 460 se-

440 501 678 553 querentur
700 501 847 551 postea
873 491 947 534 Dei
980 510 988 535 :
1021 492 1123 550 quia
1150 491 1344 534 infirmos
1375 475 1587 549 ⁸quosdam
1623 486 1832 541 ostendit„

441 563 562 623 quod
585 560 793 620 adipsum
819 561 1079 619 pertineant,
1108 570 1150 603 et
1173 576 1244 604 eos
1262 558 1559 619 praefiguravit
1576 557 1621 601 in
1643 572 1702 601 se.
1722 559 1832 602 Nam

440 633 540 678 ideo
558 642 602 676 et
622 641 713 676 toto
731 647 911 690 corpore
934 631 1190 689 sanguinem
1213 630 1385 675 sudavit
1401 634 1432 684 ¹,
1457 630 1559 689 quia
1584 629 1628 672 in
1652 642 1833 688 corpore

442 719 536 757 suo,
563 703 606 745 id
628 711 706 755 cst,
739 701 784 744 in
813 700 1003 745 Ecclesia
1026 717 1102 744 sua
1133 704 1378 758 Martyrum
1407 699 1662 757 sanguinem
1685 707 1833 742 osten-

443 775 522 819 dit.
551 776 659 817 Toto
685 788 867 832 corpore
889 773 1062 834 sanguis
1085 772 1229 815 exibat
1260 792 1269 816 ;
1293 773 1352 815 ita
1376 769 1563 814 Ecclesia
1587 770 1678 830 ejus
1700 769 1836 813 habet

446 848 676 901 MartyreS,
700 854 777 902 per
800 852 941 887 totum
965 858 1122 902 corpus
1139 843 1229 902 ejus
1261 841 1382 886 fusus
1404 851 1468 885 est
1488 841 1677 899 sanguis.
1695 843 1837 893 Quos-

446 915 546 959 dam
571 930 673 973 ergo
703 914 897 957 infirmos
914 914 958 957 in
980 929 1024 957 se
1041 914 1341 973 praefigurans,
1368 912 1438 956 vel
1459 912 1505 955 in
1533 927 1716 970 corpore
1739 927 1834 966 suo,

443 1002 494 1030 ex
521 1001 704 1045 persona
732 985 1006 1029 infirmorum
1031 985 1297 1043 compatiens
1321 982 1420 1037 illis,
1447 983 1532 1036 ait,
1563 1000 1580 1022 «
1617 985 1766 1035 Pater,
1806 982 1839 1025 si

446 1076 467 1099 »
502 1057 594 1101 fieri
611 1066 768 1116 potest,
794 1065 985 1100 transeat
1007 1072 1029 1101 a
1058 1070 1126 1099 me
1149 1054 1257 1099 calix
1286 1055 1406 1098 iste2.
1429 1072 1448 1094 »
1479 1051 1680 1097 Ostendit
1701 1052 1840 1095 homi-

443 1127 509 1171 nis
526 1126 799 1172 voluntatem
818 1127 877 1171 :si
899 1127 943 1169 in
962 1127 1053 1185 ipsa
1073 1124 1298 1170 voluntate
1322 1131 1611 1184 permaneret,
1628 1124 1718 1183 jam
1741 1137 1841 1181 pra-
1876 1180 1881 1188 k
1908 1138 1911 1148 ’

445 1213 547 1241 vum
570 1213 644 1241 cor
671 1196 892 1240 videretur
921 1195 1164 1240 ostendere.
1200 1195 1285 1240 Sed
1318 1196 1352 1239 si
1385 1208 1633 1255 compassus
1656 1202 1719 1236 est
1741 1192 1836 1247 tibi,

446 1278 489 1313 et
511 1278 552 1312 te
573 1267 731 1312 liberat
753 1268 798 1311 in
821 1283 890 1325 se3
922 1268 1093 1311 imitare
1121 1266 1240 1327 quod
1266 1266 1484 1326 sequitur,
1519 1264 1690 1319 dicens,
1715 1282 1731 1303 «
1758 1265 1842 1307 Ve-

450 1358 470 1380 »
507 1355 603 1382 rum
625 1355 713 1383 non
737 1339 856 1398 quod
875 1354 956 1397 ego
972 1338 1096 1393 volo,
1122 1338 1197 1381 sed
1220 1337 1341 1398 quod
1360 1346 1408 1380 tu
1430 1336 1492 1380 vis
1511 1371 1521 1390 ,
1548 1336 1720 1380 Paterss.
1751 1353 1771 1375 n
1798 1334 1841 1380 Si

453 1411 650 1469 coepertit
682 1410 761 1453 tibi
782 1409 1016 1468 subrepere
1047 1408 1250 1453 voluntas
1277 1409 1494 1461 humana,
1520 1408 1573 1461 O,
1598 1406 1630 1450 si
1673 1404 1842 1454 occidat
1908 1427 1914 1437 ν

447 1484 563 1526 Deus
579 1481 803 1525 inimicum
822 1481 953 1525 istum
967 1496 1131 1535 meum,
1155 1489 1306 1524 utnon
1325 1495 1394 1523 me
1412 1477 1719 1538 persequatur!
1746 1477 1842 1531 ossi
1898 1479 1901 1481 ’

447 1560 591 1612 posset
612 1551 705 1595 fieri
727 1560 776 1595 ut
798 1567 886 1595 non
909 1552 964 1595 ab
987 1550 1063 1595 illo
1087 1559 1258 1610 paterer
1285 1549 1429 1594 tanta!
1457 1552 1554 1593 Jam
1582 1548 1615 1592 si
1639 1561 1840 1607 perseve-

448 1623 624 1677 raveris,
647 1631 691 1666 et
718 1623 801 1666 hoo
829 1621 910 1665 tibi
932 1621 1170 1682 placuerit,
1191 1631 1234 1665 et
1256 1620 1376 1665 vides
1399 1620 1501 1680 quia
1524 1635 1614 1663 non
1641 1618 1724 1662 hoc
1747 1616 1842 1664 vult

449 1697 584 1748 Deus,
614 1709 771 1752 pravus
797 1691 928 1736 corde
951 1708 1010 1746 es,
1039 1708 1127 1736 non
1158 1692 1292 1735 habes
1310 1691 1522 1751 justitiam
1541 1705 1639 1750 quae
1661 1703 1843 1734 conver÷
1909 1694 1910 1697 ’

449 1774 566 1809 tetur
583 1765 628 1808 in
643 1764 858 1825 judicium
887 1784 896 1809 :
927 1783 946 1807 «
968 1764 1053 1817 Qui
1075 1763 1191 1807 enim
1218 1762 1335 1806 illam
1360 1762 1541 1816 habent,
1567 1775 1716 1805 omnes
1738 1760 1842 1804 recti

452 1855 471 1876 »
508 1846 610 1879 sunt
627 1835 772 1879 corde.
801 1851 821 1875 »
843 1837 899 1878 Et
921 1835 998 1893 qui
1021 1843 1123 1877 sunt
1139 1869 1149 1888 ,
1177 1853 1196 1875 ι(
1222 1833 1345 1877 Recti
1370 1833 1531 1877 corde?
1556 1850 1576 1873 »
1596 1831 1678 1884 Qui
1697 1831 1756 1877 sic
1771 1831 1841 1874 ιιι-ἑ

448 1906 688 1951 veniuntur
707 1905 932 1965 quomodo
954 1905 1158 1948 inventus
1176 1911 1239 1948 est
1260 1903 1362 1958 J0b‚
1383 1903 1459 1964 qui
1481 1903 1564 1947 ait:
1588 1902 1844 1946 «Dominus

453 1994 473 2017 n
509 1975 647 2032 dedit,
674 1976 884 2021 Dominus
909 1975 1110 2032 abstulit3
1136 1975 1248 2019 sicut
1270 1974 1456 2018 Domino
1469 1972 1648 2033 placuit,
1667 1973 1730 2016 ita
1748 1971 1843 2017 fac-

453 2067 472 2089 »
510 2057 604 2091 tum
623 2057 686 2091 est
719 2067 728 2093 2
755 2048 810 2091 sit
832 2063 992 2091 nomen
1015 2046 1189 2091 Domini
1211 2045 1493 2089 benedictum
1509 2046 1541 2088 4.
1566 2063 1586 2086 »
1613 2047 1726 2088 Ecce
1748 2059 1842 2088 rec—

450 2127 544 2162 tum
568 2134 657 2162 cor.
686 2121 850 2161 Iterum
867 2117 913 2160 in
935 2117 1055 2176 gravi
1075 2115 1257 2161 vulnere
1283 2115 1392 2176 quid
1409 2115 1516 2159 dixit
1538 2114 1679 2169 uxori,
1709 2129 1840 2175 quam

450 2197 679 2247 propterea
705 2187 940 2247 reliquerat
967 2185 1191 2241 diabolus,
1225 2196 1268 2231 et
1294 2201 1383 2229 non
1405 2183 1650 2240 occiderat,
1680 2194 1730 2230 ut
1752 2184 1842 2244 ipse

450 2260 632 2304 haberet
654 2259 908 2320 adjutricem
926 2294 937 2313 ,
972 2274 1063 2303 non
1088 2268 1137 2302 ut
1159 2258 1336 2302 maritus
1357 2256 1718 2301 consolatricem?
1745 2259 1839 2301 Me-

452 2331 637 2374 minerat
662 2330 775 2373 enim
799 2329 899 2390 quia
926 2345 1002 2388 per
1018 2328 1136 2372 illam
1155 2331 1287 2372 Evam
1312 2328 1519 2387 deceptus
1537 2336 1629 2371 erat
1652 2325 1838 2381 Adam5,

452 2409 496 2444 et
519 2400 801 2444 necessariam
834 2399 914 2443 sibi
936 2399 1120 2459 putabat
1142 2399 1255 2442 hanc
1274 2401 1426 2442 Evam.
1458 2397 1649 2443 Accessit
1674 2396 1729 2442 ad
1757 2396 1841 2442 Job

452 2470 541 2524 illa,
569 2480 776 2531 tanquam
799 2473 889 2514 Eva
916 2489 925 2514 :
951 2469 1024 2514 sed
1041 2469 1181 2514 Adam
1200 2469 1357 2513 melior
1379 2468 1463 2513 fuit
1483 2470 1527 2514 in
1547 2478 1738 2513 stercore
1754 2468 1838 2513 vic-

451 2550 521 2585 tor
535 2577 546 2596 ,
572 2556 704 2601 quarn
727 2540 865 2585 Adam
887 2540 1027 2584 victus
1044 2540 1089 2583 in
1108 2539 1319 2599 paradiso.
1341 2540 1455 2593 Quid
1477 2540 1592 2584 enim
1616 2537 1840 2598 respondit

452 2627 453 2631 Ἰ
502 2643 511 2659 ¹
538 2638 615 2669 Luc.
644 2647 716 2675 x11,
746 2634 800 2677 44.
834 2653 872 2657 -
896 2642 908 2657 ¹
937 2635 1048 2667 Matth.
1082 2647 1171 2676 xxvr,
1200 2635 1242 2678 39
1273 2653 1314 2658 -—
1341 2633 1354 2658 3
1374 2635 1453 2666 thid.
1477 2653 1517 2657 —-
1535 2633 1550 2663 4
1568 2634 1644 2666 Job.
1662 2645 1688 2674 ι,
1713 2642 1767 2665 21.
1799 2650 1837 2656 -—

457 2691 471 2714 5
490 2694 568 2725 Gen,
591 2704 634 2728 m,
654 2691 676 2724 6
