1926 3339
462 338 546 377 388
895 348 929 375 s.
964 344 1195 376 Avensa-1111
1226 347 1406 376 Emscom

460 413 634 474 perbis,
656 428 746 458 non
767 412 847 468 illi,
873 411 949 457 sed
975 412 1136 458 talibus
1162 411 1329 458 foditur
1355 414 1503 467 fovea,
1529 413 1669 456 donec
1692 411 1845 456 reddat

460 484 792 529 retributionem
819 483 1028 544 superbis.
1054 486 1170 543 Ergo
1192 484 1313 545 quod
1336 484 1422 529 ait:
1449 503 1469 526 «
1489 486 1636 528 Donec
1652 481 1845 527 fodiatur

462 574 482 596 n
519 555 734 615 peccatori
762 553 914 608 fovea,
940 574 956 594 »
983 555 1192 613 superbos
1222 553 1428 614 intellige.
1457 553 1571 607 Quid
1599 562 1662 597 est
1694 568 1846 612 super-

460 629 572 671 bus?
599 628 683 680 Qui
712 641 800 670 non
822 624 1098 669 confessione·
1113 635 1391 685 peccatorum
1415 626 1502 684 agit
1525 624 1841 685 poenitentiam,
1922 674 1924 679 ,

460 707 511 741 ut
543 696 682 740 sanari
705 711 782 755 per
804 694 1094 738 humilitatem
1118 695 1264 755 possit.
1291 695 1395 748 Quis
1417 704 1480 739 est
1501 696 1740 755 superbus?
1760 694 1846 748 Qui
1921 694 1924 742 ἶ

458 766 530 811 illa
553 766 642 826 ipsa
663 780 801 825 pauca
829 780 929 825 quae
949 764 1124 808 videtur
1142 765 1303 808 habere
1333 766 1475 821 bona,
1510 765 1589 809 sibi
1615 764 1710 810 vult
1732 780 1847 809 arro·

459 851 574 895 gare,
601 845 644 880 et
658 835 838 893 derogat
859 834 1164 879 misericordiae
1183 835 1276 879 Dei.
1297 835 1404 888 Quis
1421 845 1484 879 est
1506 835 1744 895 superbus?
1759 834 1847 888 Qui
1921 823 1924 886 ῗ

458 907 624 951 etiamsi
647 909 736 951 Deo
759 906 925 950 tribnat
947 905 1063 950 bona
1084 921 1182 966 quae
1195 904 1313 961 facit,
1331 906 1510 950 insultat
1526 916 1673 950 tamen
1688 905 1749 949 cis
1769 905 1848 966 qui
1921 896 1923 902 ¹

458 977 534 1022 illa
554 992 644 1021 non
665 976 854 1031 faciunt,
873 984 933 1019 ,εἰ
963 975 1129 1020 extollit
1159 991 1204 1020 se
1235 992 1365 1036 super
1393 977 1505 1021 illos.
1555 979 1666 1022 Nam
1700 985 1743 1020 et
1771 975 1846 1020 ille
1920 988 1922 1026 ς

460 1047 726 1102 Pharisaeus,
757 1066 775 1089 «
807 1046 974 1091 Gratias
1002 1046 1080 1090 tibi
1109 1062 1211 1106 ago,
1241 1066 1260 1088 n
1294 1047 1448 1107 inquit.
1474 1050 1572 1092 Non
1593 1046 1727 1101 dixit,
1752 1049 1847 1105 Ego

458 1118 586 1164 facio.
613 1122 674 1163 De
697 1118 762 1161 his
785 1133 884 1178 quac
907 1116 1122 1172 faciebat,
1150 1118 1305 1177 gratias
1328 1124 1412 1162 Deo
1430 1118 1599 1177 agebat.
1628 1117 1848 1162 Sentiebat
1918 1111 1921 1116 ’

460 1204 564 1247 ergo
585 1197 629 1232 et
650 1188 761 1231 bene
783 1202 827 1230 se
849 1185 1006 1241 facere,
1031 1196 1075 1230 et
1092 1188 1147 1230 ab
1166 1187 1242 1232 illo
1265 1203 1308 1231 se
1330 1187 1486 1231 facere.
1507 1187 1631 1232 Unde
1653 1203 1755 1246 ergo
1771 1187 1851 1231 im·
1918 1182 1926 1232 Ϊ,

457 1259 666 1319 probatus
689 1259 784 1301 est?
806 1256 917 1310 Quia
934 1256 1173 1301 insultabat
1195 1257 1453 1303 Publicano.
1483 1261 1540 1302 Ut
1565 1257 1849 1318 perficiamini

459 1329 686 1374 attendite.
713 1327 860 1372 Primo
883 1327 1129 1386 praecedere
1150 1327 1297 1383 debet,
1318 1329 1405 1373 sive
1422 1329 1578 1383 virum,
1602 1329 1690 1374 sive
1706 1328 1851 1373 foemi-
1916 1376 1919 1380 Δ

460 1415 562 1443 nam
587 1398 802 1443 confessio
824 1407 1119 1458 peccatorum,
1152 1399 1333 1444 salubris
1357 1399 1616 1459 poenitentia
1645 1416 1744 1460 quae
1770 1415 1849 1445 va·
1916 1412 1919 1415 ⁴

457 1472 545 1515 leat
566 1471 622 1515 ad
635 1469 941 1529 corrigendum
960 1470 1197 1526 hominem,
1218 1487 1308 1516 non
1330 1471 1386 1515 ad
1403 1470 1674 1515 irridendum
1692 1478 1845 1516 Deum.
1904 1467 1918 1504 *ss

459 1545 574 1587 Cum
587 1551 734 1587 autem
757 1550 855 1600 post
877 1542 1182 1602 poenitentiam
1201 1542 1313 1586 bene
1335 1543 1478 1587 vivere
1500 1543 1698 1603 coeperit,
1716 1542 1850 1586 habet
1915 1532 1917 1582 s

460 1613 605 1658 adhuc
630 1612 752 1673 quod
774 1613 957 1671 cogitet,
987 1627 1041 1656 ne
1073 1612 1151 1656 sibi
1173 1613 1337 1657 tribuat
1357 1614 1478 1674 quod
1496 1614 1606 1657 bene
1628 1611 1747 1668 facit,
1774 1611 1850 1657 sed
1914 1619 1917 1636 '

457 1685 521 1729 illi
539 1694 639 1744 agat
661 1685 833 1743 gratias,
858 1685 980 1744 cujus
1005 1684 1139 1743 gratia
1161 1682 1326 1728 factum
1350 1694 1427 1738 est,
1458 1694 1508 1728 ut
1524 1685 1637 1728 bene
1655 1684 1846 1742 viveret:
1913 1720 1915 1731 ,

457 1757 560 1817 quia
588 1755 660 1799 ille
687 1754 812 1799 illum
838 1755 1033 1810 vocavit,
1068 1754 1141 1798 ille
1169 1754 1295 1799 illum
1326 1755 1602 1799 illuminavit.
1632 1757 1748 1814 Ergo
1769 1755 1850 1799 iste
1912 1758 1915 1796 ’ἵ

453 1829 545 1888 jam
568 1825 787 1888 perfectus
814 1827 914 1870 est‘?
941 1829 1039 1872 Non
1078 1846 1087 1871 ;
1114 1826 1258 1870 adhuc
1286 1826 1407 1871 deest
1433 1827 1496 1870 illi
1526 1826 1706 1887 aliquid.
1736 1825 1851 1879 Quid
1912 1859 1915 1874 ‚

458 1897 523 1942 illi
536 1897 687 1942 deest?
717 1900 771 1942 Ut
788 1913 878 1942 non
895 1897 1117 1957 superbiat
1134 1913 1263 1957 super
1285 1913 1372 1953 eos,
1393 1898 1469 1958 qui
1491 1898 1681 1941 necdum
1701 1899 1761 1942 sic
1781 1897 1849 1943 vi-
1911 1895 1914 1949 ξ

459 1980 584 2024 vunt,
616 1970 840 2030 quomodo
868 1970 958 2030 ipse
985 1969 1106 2014 vivit.
1127 1970 1223 2023 :Qui
1252 1969 1348 2013 talis
1382 1969 1536 2025 fuerit,
1567 1985 1742 2014 securus
1764 1969 1847 2027 sit,
1910 1956 1913 1995 ’ἶ

461 2057 551 2085 non
571 2039 635 2084 illi
653 2040 850 2085 redditur
876 2041 1121 2096 retributio,
1151 2040 1206 2084 de
1227 2056 1313 2100 qua
1336 2040 1503 2084 dictum
1527 2049 1590 2084 cst
1613 2060 1621 2085 :
1651 2059 1668 2080 «
1696 2039 1850 2084 Redde
1910 2066 1913 2089 ς

463 2131 483 2154 »
518 2112 851 2157 retributionem
877 2112 1071 2172 superbis
1105 2131 1114 2156 :
1149 2129 1169 2153 »
1203 2127 1292 2156 non
1323 2121 1386 2156 est
1415 2111 1527 2156 inter
1558 2110 1654 2156 illos
1689 2111 1850 2171 quibus
1910 2115 1912 2168 ᾗ

459 2182 628 2228 foditur
657 2181 796 2227 fovea.
823 2185 931 2228 Nam
964 2182 1260 2227 videteillum
1288 2183 1364 2243 qui
1394 2181 1567 2226 dicebat
1594 2202 1604 2227 z
1640 2201 1660 2224 «
1684 2182 1850 2227 Gratias
1909 2177 1911 2222 j

462 2273 483 2297 )›
521 2253 598 2298 tibi
621 2269 701 2313 ago
719 2289 729 2308 ,
755 2254 857 2313 quia
880 2269 970 2298 non
991 2269 1088 2298 sum
1117 2254 1226 2297 sicut
1256 2254 1401 2297 caeteri
1426 2252 1622 2297 homines
1638 2288 1648 2308 ,
1677 2253 1847 2313 injusti,
1907 2268 1910 2318 Ξ

462 2343 483 2366 >›
520 2333 728 2384 raptores,
755 2323 958 2379 adulteri,
979 2323 1091 2368 sicut
1114 2333 1157 2367 et
1175 2323 1438 2367 Publicanus
1460 2324 1554 2367 iste.
1575 2342 1594 2364 »
1621 2325 1851 2376 Quantum
1908 2325 1911 2355 5

458 2412 503 2440 se
520 2395 688 2451 extulit,
716 2411 817 2440 cum
839 2395 959 2450 dicit,
990 2414 1009 2437 α
1036 2396 1146 2448 Quia
1164 2410 1254 2439 non
1268 2410 1364 2439 sum
1386 2395 1497 2438 sicut
1515 2404 1559 2438 et
1582 2393 1850 2439 Publicanus
1908 2402 1910 2405 ’

462 2486 483 2507 n
517 2467 646 2510 isteP»
674 2466 752 2510 Ille
776 2475 939 2521 autem,
967 2464 1068 2509 elisa
1092 2464 1221 2520 facie,
1242 2466 1516 2525 percutiebat
1531 2474 1681 2525 pectus
1703 2479 1846 2519 suum,
1906 2488 1909 2522 k

461 2537 609 2582 dicens
627 2556 634 2581 :
662 2557 681 2579 «
709 2541 838 2592 Deus,
857 2537 1069 2597 propitius
1088 2546 1178 2580 esto
1198 2537 1303 2580 mihi
1321 2536 1582 2596 peccatori.»
1602 2535 1680 2579 Ille
1694 2551 1849 2595 super·

459 2609 646 2652 buserat
662 2608 848 2653 inbonis
872 2608 1007 2663 factis,
1027 2607 1100 2652 ille
1119 2607 1291 2652 humilis
1313 2608 1358 2651 in
1382 2607 1503 2652 malis
1519 2607 1657 2652 factis.
1676 2606 1846 2662 Videte,
1904 2597 1907 2615 ⁵

512 2700 519 2716 ¹
545 2694 622 2725 Luc.
644 2704 729 2733 xvm,
755 2704 802 2725 ιι.
