1926 3339
421 326 662 356 ENARRATIO
694 329 738 354 IN
771 325 974 354 PsALMUM
1006 326 1184 353 LXXXIII.
1400 318 1481 356 147

97 392 216 436 volet
229 393 273 436 in
290 392 471 437 domum
488 407 610 436 suam
631 407 639 433 ε
661 400 704 434 et
717 405 816 434 cum
835 389 1003 434 venerit
1024 390 1313 448 permanebit,
1339 394 1484 451 etjam

99 461 281 521 querula
301 477 385 506 vox
410 461 588 521 passeris
611 476 711 520 quae
732 460 803 504 hic
820 470 884 504 est
899 495 909 514 ,
934 473 1023 503 non
1045 460 1126 502 erit
1156 459 1234 502 ibi.
1262 462 1370 504 Nam
1392 461 1482 520 ipse

96 541 160 575 est
182 531 391 592 querulus
411 547 570 591 passer⁷
590 529 645 574 de
662 546 750 590 quo
778 530 824 572 in
854 529 938 574 alio
963 529 1132 574 Psalmo
1153 529 1261 573 dicit
1281 548 1290 574 :
1322 549 1342 572 «
1365 531 1483 575 Sicut

100 622 118 644 »
153 617 295 661 passer
310 601 534 660 singularis
556 603 601 645 in
619 609 734 645 tecto
748 601 779 644 1.
806 620 823 641 »
847 603 908 644 De
927 608 1043 644 tecto
1059 600 1177 644 volat
1204 599 1259 644 ad
1282 598 1478 645 domum.

95 675 192 716 Jam
211 673 322 717 sitin
343 682 473 729 tecto,
494 672 630 717 calcet
651 672 834 717 domum
855 671 1072 716 carnalem
1095 691 1104 716 :
1129 672 1310 716 habebit
1331 687 1482 732 quem-

94 741 194 786 dam
223 743 445 787 coelestem
475 743 650 798 locum,
683 751 940 802 perpetuam
981 741 1194 786 domum:
1231 758 1375 802 passer
1402 743 1482 787 iste

93 813 215 858 finiet
237 814 433 874 querelas
457 831 567 859 suas.
593 814 768 858 Turturi
787 822 932 858 autem
949 812 1072 857 dedit
1090 823 1133 857 et
1154 813 1311 874 pullos,
1331 815 1378 858 id
1400 823 1478 870 est,

94 884 213 928 carni
240 904 249 929 :
279 904 298 927 «
325 885 496 930 Invenit
526 884 679 929 nidum
705 893 870 939 turtur,
897 884 974 927 ubi
1002 893 1136 943 ponat
1158 883 1299 943 pullos
1321 900 1435 928 suos.
1456 903 1476 926 »

95 958 244 1000 Passer
264 956 443 1000 domum
463 992 473 1012 ‚
494 965 639 1000 turtur
660 955 829 1011 nidum,
848 965 891 999 et
905 955 1059 999 nidum
1081 956 1234 1016 utique
1251 956 1327 999 ubi
1348 965 1482 1015 ponat

93 1025 236 1086 pullos
263 1043 376 1071 suos.
414 1030 577 1071 Domus
614 1036 823 1086 tanquam
861 1026 916 1070 ad
947 1026 1259 1086 sempiternum
1291 1026 1479 1085 eligitur,

93 1096 221 1140 nidus
239 1096 293 1141 ad
309 1107 476 1157 tempus
497 1098 760 1157 congeritur.
783 1097 926 1142 Corde
948 1098 1187 1155 cogitamus
1206 1100 1361 1150 Deum,
1382 1107 1483 1141 tan-

94 1182 226 1228 quam
247 1167 422 1211 volante
445 1183 612 1227 passere
635 1167 689 1211 ad
711 1183 833 1211 suam
854 1167 1063 1211 domum:
1081 1183 1210 1211 carne
1224 1176 1369 1211 autem
1388 1171 1483 1226 agi-

94 1253 190 1282 mus
223 1254 353 1298 opera
385 1239 516 1283 bona.
559 1238 724 1282 Videtis
754 1237 870 1280 enim
910 1254 986 1297 per
1019 1254 1195 1282 carnem
1231 1247 1483 1282 sanctorum

94 1317 257 1368 quanta
281 1309 396 1353 bona
425 1309 533 1353 fiant
560 1329 567 1354 :
599 1325 677 1368 per
698 1310 810 1352 hanc
839 1309 953 1352 enim
975 1324 1223 1368 operamur,
1256 1326 1355 1370 quae
1374 1310 1482 1370 jussi

93 1394 241 1423 sumus
263 1380 459 1439 operari,
485 1380 645 1439 quibus
671 1379 928 1440 adjuvamur
955 1380 1001 1422 in
1030 1380 1110 1424 hac
1132 1381 1236 1424 vita.
1267 1399 1284 1420 «
1313 1383 1482 1438 Frange

99 1470 117 1491 »
153 1450 358 1494 esurienti
382 1466 540 1510 panem
565 1460 688 1494 tuum
707 1486 717 1504 ‚
741 1459 784 1493 et
809 1466 996 1508 egenum
1026 1450 1117 1493 sine
1146 1460 1261 1494 tecto
1282 1450 1416 1494 induc
1437 1452 1483 1495 in

97 1538 117 1560 »
152 1519 334 1563 domum
359 1530 508 1577 tua1n3
538 1520 572 1563 si
603 1520 762 1563 videris
790 1520 985 1573 nudum,
1019 1520 1180 1564 vesti2:
1210 1538 1230 1561 »
1262 1529 1305 1563 et
1327 1530 1482 1565 caetera

94 1589 193 1634 talia
219 1606 318 1650 quae
345 1590 470 1634 nobis
498 1599 716 1650 praecepta
741 1599 868 1645 sunt,
904 1605 994 1634 non
1024 1605 1257 1649 operamur
1287 1590 1369 1634 nisi
1406 1607 1482 1650 per

93 1677 281 1705 carnem.
318 1665 466 1706 Passer
489 1678 591 1721 ergo
618 1661 692 1705 ille
716 1662 793 1722 qui
821 1662 983 1721 cogitat
1006 1661 1188 1706 domum
1216 1678 1362 1718 suam,
1394 1679 1484 1708 non

95 1731 257 1775 recedit
282 1747 306 1775 a
329 1741 498 1776 turture
520 1742 744 1792 quaerente
766 1732 848 1776 sibi
874 1731 1050 1787 nidum,
1075 1733 1153 1776 ubi
1174 1742 1309 1792 ponat
1339 1733 1483 1793 pullos

95 1819 194 1847 suos
219 1823 227 1848 :
252 1819 342 1848 non
363 1804 481 1847 enim
503 1804 648 1864 abjicit
671 1804 766 1848 illos
788 1804 1059 1864 ubicumque
1074 1840 1085 1859 ‚
1118 1804 1195 1848 sed
1213 1805 1380 1849 invenit
1401 1806 1483 1849 sibi

95 1873 277 1929 nidum,
309 1874 387 1917 ubi
419 1890 491 1918 eos
519 1883 668 1933 ponat.
708 1875 898 1918 Dicimus
938 1884 1110 1929 autem,
1145 1875 1322 1930 fratres,
1365 1875 1486 1936 quod

95 1944 254 1988 nostis:
284 1944 442 1997 Quanti
471 1944 675 1988 videntur
698 1954 855 2004 praeter
876 1944 1113 1988 Ecclesiam
1142 1945 1257 1989 leona
1283 1948 1451 2005 operari
1473 1967 1483 1992 ε

96 2017 234 2066 Quam
254 2013 384 2057 multi
415 2014 544 2058 etiam
570 2015 731 2073 Pagani
761 2023 946 2073 pascunt
979 2015 1260 2071 esurientem,
1295 2017 1488 2062 vestiunt

96 2083 288 2139 nudum,
312 2085 553 2144 suscipiunt
579 2085 796 2144 hospitem
812 2121 823 2138 ,
848 2085 1025 2129 visitant
1045 2087 1257 2144 aegrotum
1273 2121 1283 2141 ,
1321 2103 1481 2132 conso-

96 2153 242 2198 lantur
263 2153 507 2199 inclusum?
529 2159 666 2208 Quam
687 2154 815 2198 multi
836 2156 930 2199 haec
953 2155 1153 2200 faciunt?
1172 2156 1299 2209 Quasi
1312 2156 1484 2202 videtur

95 2240 247 2284 parere
276 2235 422 2269 turtur
443 2245 452 2270 z
477 2225 551 2269 sed
581 2241 671 2269 non
693 2225 772 2269 sibi
794 2225 961 2269 invenit
984 2225 1152 2269 nidum.
1183 2231 1321 2279 Quam
1343 2228 1483 2272 multa

97 2294 226 2339 multi
252 2296 444 2340 haeretici
477 2312 566 2340 non
598 2296 644 2341 in
671 2295 862 2339 Ecclesia
895 2306 1146 2355 operantur,
1178 2312 1269 2340 non
1301 2297 1348 2340 in
1380 2297 1484 2343 nido

97 2365 240 2425 pullos
262 2368 463 2425 ponunt?
480 2365 868 2411 Conculcabuntur
890 2374 932 2408 et
949 2374 1231 2409 conterentur
1247 2387 1258 2424 3
1287 2383 1377 2411 non
1394 2384 1484 2411 ser-

97 2436 335 2491 vabuntur,
360 2452 448 2480 non
471 2437 787 2480 custodientur.
808 2439 858 2479 ln
882 2437 1012 2496 hujus
1035 2436 1151 2479 enim
1168 2437 1306 2482 carnis
1328 2454 1483 2498 opera-

99 2506 214 2549 tricis
253 2522 436 2565 persona
479 2507 615 2565 posita
652 2515 715 2549 est
755 2505 958 2566 quaedam
996 2506 1152 2550 mulier
1185 2508 1241 2550 ab
1284 2510 1480 2568 apostolo

100 2574 236 2619 Paulo
251 2610 263 2631 ‚
288 2591 390 2620 cum
407 2576 466 2620 ait
487 2595 495 2620 z
521 2596 537 2615 «
559 2575 700 2620 Adam
718 2591 808 2620 non
829 2585 892 2620 est
913 2575 1140 2632 seductus,
1161 2577 1316 2622 mulier
1338 2589 1483 2625 autem

149 2664 158 2680 ¹
183 2658 261 2691 Psal.
288 2669 331 2699 ci,
350 2661 382 2692 8.
404 2676 444 2682 —
464 2665 476 2682 ²
491 2659 564 2691 Isa'i.
588 2669 677 2700 tvm,
702 2668 732 2700 7.

1214 2715 1279 2754 10.
