<?xml version="1.0" encoding="UTF-8"?>
<!DOCTYPE html PUBLIC "-//W3C//DTD XHTML 1.0 Transitional//EN"
    "http://www.w3.org/TR/xhtml1/DTD/xhtml1-transitional.dtd">
<html xmlns="http://www.w3.org/1999/xhtml" xml:lang="en" lang="en">
 <head>
  <title>
</title>
<meta http-equiv="Content-Type" content="text/html;charset=utf-8" />
  <meta name='ocr-system' content='tesseract 3.04.00' />
  <meta name='ocr-capabilities' content='ocr_page ocr_carea ocr_par ocr_line ocrx_word'/>
</head>
<body>
  <div class='ocr_page' id='page_1' title='image "./operaomniaaccura10auguuoft_0394.png"; bbox 0 0 1926 3339; ppageno 0'>
   <div class='ocr_carea' id='block_1_1' title="bbox 428 333 1373 373">
    <p class='ocr_par' dir='ltr' id='par_1_1' title="bbox 428 333 1373 373">
     <span class='ocr_line' id='line_1_1' title="bbox 428 333 1373 373; baseline -0.004 -1"><span class='ocrx_word' id='word_1_1' title='bbox 428 333 512 373; x_wconf 77' lang='lat'>314</span> <span class='ocrx_word' id='word_1_2' title='bbox 855 346 889 371; x_wconf 88' lang='lat' dir='ltr'>s.</span> <span class='ocrx_word' id='word_1_3' title='bbox 925 343 1163 370; x_wconf 75' lang='lat' dir='ltr'><strong>AUGUSTINI·</strong></span> <span class='ocrx_word' id='word_1_4' title='bbox 1190 341 1373 369; x_wconf 74' lang='lat' dir='ltr'>Emscom</span> 
     </span>
    </p>
   </div>
   <div class='ocr_carea' id='block_1_2' title="bbox 426 404 1818 750">
    <p class='ocr_par' dir='ltr' id='par_1_2' title="bbox 426 404 1818 750">
     <span class='ocr_line' id='line_1_2' title="bbox 429 404 1816 464; baseline -0.002 -12"><span class='ocrx_word' id='word_1_5' title='bbox 429 430 448 453; x_wconf 70' lang='grc' dir='ltr'><strong>η</strong></span> <span class='ocrx_word' id='word_1_6' title='bbox 483 411 529 455; x_wconf 88' lang='lat' dir='ltr'>in</span> <span class='ocrx_word' id='word_1_7' title='bbox 555 410 672 454; x_wconf 88' lang='lat' dir='ltr'>omni</span> <span class='ocrx_word' id='word_1_8' title='bbox 682 410 760 453; x_wconf 86' lang='lat' dir='ltr'>bus</span> <span class='ocrx_word' id='word_1_9' title='bbox 783 408 860 452; x_wconf 87' lang='lat' dir='ltr'>viis</span> <span class='ocrx_word' id='word_1_10' title='bbox 883 408 983 452; x_wconf 85' lang='lat' dir='ltr'>tuis.</span> <span class='ocrx_word' id='word_1_11' title='bbox 1004 410 1055 451; x_wconf 87' lang='lat' dir='ltr'>In</span> <span class='ocrx_word' id='word_1_12' title='bbox 1079 407 1276 452; x_wconf 81' lang='lat' dir='ltr'>manibus</span> <span class='ocrx_word' id='word_1_13' title='bbox 1299 404 1454 450; x_wconf 81' lang='lat' dir='ltr'>tollent</span> <span class='ocrx_word' id='word_1_14' title='bbox 1476 414 1535 459; x_wconf 88' lang='lat' dir='ltr'>te,</span> <span class='ocrx_word' id='word_1_15' title='bbox 1561 419 1616 448; x_wconf 90' lang='lat' dir='ltr'>ne</span> <span class='ocrx_word' id='word_1_16' title='bbox 1636 404 1816 464; x_wconf 89' lang='lat' dir='ltr'>quando</span> 
     </span>
     <span class='ocr_line' id='line_1_3' title="bbox 429 474 1813 537; baseline -0.003 -15"><span class='ocrx_word' id='word_1_17' title='bbox 429 500 450 522; x_wconf 83' lang='lat'>»</span> <span class='ocrx_word' id='word_1_18' title='bbox 485 481 682 526; x_wconf 79' lang='lat' dir='ltr'>offendas</span> <span class='ocrx_word' id='word_1_19' title='bbox 706 480 759 523; x_wconf 83' lang='lat' dir='ltr'>ad</span> <span class='ocrx_word' id='word_1_20' title='bbox 777 479 966 537; x_wconf 82' lang='lat' dir='ltr'>lapidem</span> <span class='ocrx_word' id='word_1_21' title='bbox 992 478 1146 536; x_wconf 82' lang='lat' dir='ltr'>pedem</span> <span class='ocrx_word' id='word_1_22' title='bbox 1171 486 1297 520; x_wconf 87' lang='lat' dir='ltr'>tuum</span> <span class='ocrx_word' id='word_1_23' title='bbox 1312 479 1344 519; x_wconf 79' lang='lat'>1.</span> <span class='ocrx_word' id='word_1_24' title='bbox 1375 497 1392 517; x_wconf 89' lang='lat'>»</span> <span class='ocrx_word' id='word_1_25' title='bbox 1420 479 1506 520; x_wconf 89' lang='lat' dir='ltr'>Ista</span> <span class='ocrx_word' id='word_1_26' title='bbox 1528 483 1630 518; x_wconf 91' lang='lat' dir='ltr'>sunt</span> <span class='ocrx_word' id='word_1_27' title='bbox 1651 474 1784 518; x_wconf 86' lang='lat' dir='ltr'>verba</span> <span class='ocrx_word' id='word_1_28' title='bbox 1801 510 1813 530; x_wconf 95' lang='lat'><strong>‚</strong></span> 
     </span>
     <span class='ocr_line' id='line_1_4' title="bbox 426 545 1817 613; baseline -0.005 -17"><span class='ocrx_word' id='word_1_29' title='bbox 426 568 525 613; x_wconf 87' lang='lat' dir='ltr'>quae</span> <span class='ocrx_word' id='word_1_30' title='bbox 549 550 748 596; x_wconf 78' lang='lat' dir='ltr'>diabolus</span> <span class='ocrx_word' id='word_1_31' title='bbox 781 550 891 593; x_wconf 75' lang='lat' dir='ltr'>dixit</span> <span class='ocrx_word' id='word_1_32' title='bbox 918 549 1098 593; x_wconf 83' lang='lat' dir='ltr'>Domino</span> <span class='ocrx_word' id='word_1_33' title='bbox 1136 551 1238 592; x_wconf 86' lang='lat' dir='ltr'>Jesu</span> <span class='ocrx_word' id='word_1_34' title='bbox 1268 547 1442 592; x_wconf 89' lang='lat' dir='ltr'>Christo</span> <span class='ocrx_word' id='word_1_35' title='bbox 1459 582 1469 602; x_wconf 91' lang='lat'>,</span> <span class='ocrx_word' id='word_1_36' title='bbox 1495 545 1673 606; x_wconf 88' lang='lat' dir='ltr'>quando</span> <span class='ocrx_word' id='word_1_37' title='bbox 1691 545 1817 590; x_wconf 91' lang='lat' dir='ltr'>illum</span> 
     </span>
     <span class='ocr_line' id='line_1_5' title="bbox 426 617 1818 678; baseline -0.006 -10"><span class='ocrx_word' id='word_1_38' title='bbox 426 623 624 668; x_wconf 84' lang='lat' dir='ltr'>tentavit.</span> <span class='ocrx_word' id='word_1_39' title='bbox 655 620 739 666; x_wconf 84' lang='lat' dir='ltr'>Sed</span> <span class='ocrx_word' id='word_1_40' title='bbox 766 620 866 678; x_wconf 81' lang='lat' dir='ltr'>quia</span> <span class='ocrx_word' id='word_1_41' title='bbox 890 618 1140 677; x_wconf 81' lang='lat' dir='ltr'>diligentius</span> <span class='ocrx_word' id='word_1_42' title='bbox 1159 617 1472 662; x_wconf 83' lang='lat' dir='ltr'>consideranda</span> <span class='ocrx_word' id='word_1_43' title='bbox 1495 626 1598 661; x_wconf 85' lang='lat' dir='ltr'>sunt</span> <span class='ocrx_word' id='word_1_44' title='bbox 1614 652 1625 672; x_wconf 86' lang='lat'>‚</span> <span class='ocrx_word' id='word_1_45' title='bbox 1656 631 1712 660; x_wconf 91' lang='lat' dir='ltr'>ne</span> <span class='ocrx_word' id='word_1_46' title='bbox 1741 631 1818 660; x_wconf 87' lang='lat' dir='ltr'>vos</span> 
     </span>
     <span class='ocr_line' id='line_1_6' title="bbox 427 686 1818 750; baseline -0.005 -13"><span class='ocrx_word' id='word_1_47' title='bbox 427 692 681 750; x_wconf 79' lang='lat' dir='ltr'>fatigemus,</span> <span class='ocrx_word' id='word_1_48' title='bbox 717 688 969 733; x_wconf 76' lang='lat' dir='ltr'>differamus</span> <span class='ocrx_word' id='word_1_49' title='bbox 1002 689 1048 732; x_wconf 88' lang='lat' dir='ltr'>in</span> <span class='ocrx_word' id='word_1_50' title='bbox 1081 689 1341 742; x_wconf 86' lang='lat' dir='ltr'>crastinum,</span> <span class='ocrx_word' id='word_1_51' title='bbox 1373 690 1390 745; x_wconf 91' lang='lat'>(</span> <span class='ocrx_word' id='word_1_52' title='bbox 1417 687 1518 747; x_wconf 81' lang='lat' dir='ltr'>quja</span> <span class='ocrx_word' id='word_1_53' title='bbox 1558 696 1601 731; x_wconf 85' lang='lat' dir='ltr'>et</span> <span class='ocrx_word' id='word_1_54' title='bbox 1632 686 1818 731; x_wconf 87' lang='lat' dir='ltr'>crastino</span> 
     </span>
    </p>
   </div>
   <div class='ocr_carea' id='block_1_3' title="bbox 427 756 1852 815">
    <p class='ocr_par' dir='ltr' id='par_1_3' title="bbox 427 756 1852 815">
     <span class='ocr_line' id='line_1_7' title="bbox 427 756 1852 815; baseline -0.004 -9"><span class='ocrx_word' id='word_1_55' title='bbox 427 762 614 807; x_wconf 83' lang='lat' dir='ltr'>debetur</span> <span class='ocrx_word' id='word_1_56' title='bbox 635 759 759 804; x_wconf 84' lang='lat' dir='ltr'>vobis</span> <span class='ocrx_word' id='word_1_57' title='bbox 782 774 938 812; x_wconf 86' lang='lat' dir='ltr'>sermo,</span> <span class='ocrx_word' id='word_1_58' title='bbox 957 760 972 815; x_wconf 82' lang='lat'><em>)</em></span> <span class='ocrx_word' id='word_1_59' title='bbox 995 768 1045 802; x_wconf 91' lang='lat' dir='ltr'>ut</span> <span class='ocrx_word' id='word_1_60' title='bbox 1068 758 1122 802; x_wconf 86' lang='lat' dir='ltr'>ab</span> <span class='ocrx_word' id='word_1_61' title='bbox 1139 759 1221 802; x_wconf 85' lang='lat' dir='ltr'>isto</span> <span class='ocrx_word' id='word_1_62' title='bbox 1242 758 1340 802; x_wconf 90' lang='lat' dir='ltr'>loco</span> <span class='ocrx_word' id='word_1_63' title='bbox 1365 757 1520 801; x_wconf 83' lang='lat' dir='ltr'>Psalmi</span> <span class='ocrx_word' id='word_1_64' title='bbox 1539 771 1686 801; x_wconf 87' lang='lat' dir='ltr'>rursus</span> <span class='ocrx_word' id='word_1_65' title='bbox 1707 756 1819 801; x_wconf 84' lang='lat' dir='ltr'>inci·</span> <span class='ocrx_word' id='word_1_66' title='bbox 1848 764 1852 767; x_wconf 76' lang='grc'><strong>’</strong></span> 
     </span>
    </p>
   </div>
   <div class='ocr_carea' id='block_1_4' title="bbox 427 827 1820 1034">
    <p class='ocr_par' dir='ltr' id='par_1_4' title="bbox 427 827 1820 1034">
     <span class='ocr_line' id='line_1_8' title="bbox 428 827 1820 892; baseline -0.004 -16"><span class='ocrx_word' id='word_1_67' title='bbox 428 833 613 892; x_wconf 87' lang='lat' dir='ltr'>piamus,</span> <span class='ocrx_word' id='word_1_68' title='bbox 633 840 810 891; x_wconf 86' lang='lat' dir='ltr'>propter</span> <span class='ocrx_word' id='word_1_69' title='bbox 828 830 1010 876; x_wconf 55' lang='lat' dir='ltr'>taedium</span> <span class='ocrx_word' id='word_1_70' title='bbox 1032 838 1222 873; x_wconf 80' lang='lat' dir='ltr'>vestrum</span> <span class='ocrx_word' id='word_1_71' title='bbox 1241 864 1251 882; x_wconf 85' lang='lat'>,</span> <span class='ocrx_word' id='word_1_72' title='bbox 1277 844 1332 873; x_wconf 90' lang='lat' dir='ltr'>ne</span> <span class='ocrx_word' id='word_1_73' title='bbox 1354 844 1455 873; x_wconf 89' lang='lat' dir='ltr'>cum</span> <span class='ocrx_word' id='word_1_74' title='bbox 1478 827 1678 872; x_wconf 89' lang='lat' dir='ltr'>volumus</span> <span class='ocrx_word' id='word_1_75' title='bbox 1695 827 1820 872; x_wconf 87' lang='lat' dir='ltr'>finire</span> 
     </span>
     <span class='ocr_line' id='line_1_9' title="bbox 427 898 1819 962; baseline -0.004 -13"><span class='ocrx_word' id='word_1_76' title='bbox 427 920 495 949; x_wconf 88' lang='lat' dir='ltr'>res</span> <span class='ocrx_word' id='word_1_77' title='bbox 512 903 732 957; x_wconf 86' lang='lat' dir='ltr'>obscuras,</span> <span class='ocrx_word' id='word_1_78' title='bbox 758 902 1096 962; x_wconf 70' lang='lat' dir='ltr'>praecipitemus,</span> <span class='ocrx_word' id='word_1_79' title='bbox 1119 909 1162 946; x_wconf 88' lang='lat' dir='ltr'>et</span> <span class='ocrx_word' id='word_1_80' title='bbox 1186 916 1277 946; x_wconf 91' lang='lat' dir='ltr'>non</span> <span class='ocrx_word' id='word_1_81' title='bbox 1304 899 1560 960; x_wconf 85' lang='lat' dir='ltr'>perveniant</span> <span class='ocrx_word' id='word_1_82' title='bbox 1580 899 1638 944; x_wconf 85' lang='lat' dir='ltr'>ad</span> <span class='ocrx_word' id='word_1_83' title='bbox 1654 898 1819 944; x_wconf 88' lang='lat' dir='ltr'>intelli-</span> 
     </span>
     <span class='ocr_line' id='line_1_10' title="bbox 430 975 841 1034; baseline -0.007 -14"><span class='ocrx_word' id='word_1_84' title='bbox 430 975 621 1034; x_wconf 83' lang='lat' dir='ltr'>gentiam</span> <span class='ocrx_word' id='word_1_85' title='bbox 637 983 841 1021; x_wconf 86' lang='lat' dir='ltr'>vestram.</span> 
     </span>
    </p>
   </div>
   <div class='ocr_carea' id='block_1_5' title="bbox 434 1141 1076 1161">
    <p class='ocr_par' dir='ltr' id='par_1_5' title="bbox 434 1141 1076 1161">
     <span class='ocr_line' id='line_1_11' title="bbox 434 1141 1076 1161; baseline -0.008 1"><span class='ocrx_word' id='word_1_86' title='bbox 434 1141 1076 1161; x_wconf 50' lang='grc' dir='ltr'>ΜΜΈΜἎΙἉὯΊΜΜΜΝΙΝΒΜΜὮ</span> 
     </span>
    </p>
   </div>
   <div class='ocr_carea' id='block_1_6' title="bbox 1074 1140 1269 1158">
    <p class='ocr_par' dir='ltr' id='par_1_6' title="bbox 1074 1140 1269 1158">
     <span class='ocr_line' id='line_1_12' title="bbox 1074 1140 1269 1158; baseline 0 2181"><span class='ocrx_word' id='word_1_87' title='bbox 1074 1140 1269 1158; x_wconf 95' lang='lat' dir='ltr'> </span> 
     </span>
    </p>
   </div>
   <div class='ocr_carea' id='block_1_7' title="bbox 1270 1137 1822 1158">
    <p class='ocr_par' dir='ltr' id='par_1_7' title="bbox 1270 1137 1822 1158">
     <span class='ocr_line' id='line_1_13' title="bbox 1270 1137 1822 1158; baseline -0.005 0"><span class='ocrx_word' id='word_1_88' title='bbox 1270 1138 1534 1158; x_wconf 62' lang='lat' dir='ltr'>mmm</span> <span class='ocrx_word' id='word_1_89' title='bbox 1538 1137 1822 1156; x_wconf 62' lang='lat' dir='ltr'>mmmm</span> 
     </span>
    </p>
   </div>
   <div class='ocr_carea' id='block_1_8' title="bbox 880 1269 1360 1317">
    <p class='ocr_par' dir='ltr' id='par_1_8' title="bbox 880 1269 1360 1317">
     <span class='ocr_line' id='line_1_14' title="bbox 880 1269 1360 1317; baseline -0.006 0"><span class='ocrx_word' id='word_1_90' title='bbox 880 1269 1278 1317; x_wconf 70' lang='lat' dir='ltr'><strong>ENARRATIO</strong></span> <span class='ocrx_word' id='word_1_91' title='bbox 1316 1270 1360 1315; x_wconf 87' lang='grc' dir='ltr'>Π</span> 
     </span>
    </p>
   </div>
   <div class='ocr_carea' id='block_1_9' title="bbox 700 1430 1562 1475">
    <p class='ocr_par' dir='ltr' id='par_1_9' title="bbox 700 1430 1562 1475">
     <span class='ocr_line' id='line_1_15' title="bbox 700 1430 1562 1475; baseline -0.005 -2"><span class='ocrx_word' id='word_1_92' title='bbox 700 1436 762 1473; x_wconf 86' lang='lat' dir='ltr'>IN</span> <span class='ocrx_word' id='word_1_93' title='bbox 805 1434 1069 1474; x_wconf 79' lang='lat' dir='ltr'>EUMDEM</span> <span class='ocrx_word' id='word_1_94' title='bbox 1108 1433 1413 1475; x_wconf 77' lang='lat' dir='ltr'><strong>PSALMUM</strong></span> <span class='ocrx_word' id='word_1_95' title='bbox 1469 1430 1562 1470; x_wconf 89' lang='lat' dir='ltr'>XC.</span> 
     </span>
    </p>
   </div>
   <div class='ocr_carea' id='block_1_10' title="bbox 990 1587 1242 1623">
    <p class='ocr_par' dir='ltr' id='par_1_10' title="bbox 990 1587 1242 1623">
     <span class='ocr_line' id='line_1_16' title="bbox 990 1587 1242 1623; baseline -0.008 0"><span class='ocrx_word' id='word_1_96' title='bbox 990 1587 1161 1623; x_wconf 78' lang='lat' dir='ltr'>SERMO</span> <span class='ocrx_word' id='word_1_97' title='bbox 1190 1587 1242 1623; x_wconf 80' lang='lat'>11.</span> 
     </span>
    </p>
   </div>
   <div class='ocr_carea' id='block_1_11' title="bbox 427 1720 1829 2635">
    <p class='ocr_par' dir='ltr' id='par_1_11' title="bbox 427 1720 1829 2635">
     <span class='ocr_line' id='line_1_17' title="bbox 492 1720 1822 1776; baseline -0.007 -7"><span class='ocrx_word' id='word_1_98' title='bbox 492 1727 527 1769; x_wconf 91' lang='grc' dir='ltr'>Ι.</span> <span class='ocrx_word' id='word_1_99' title='bbox 555 1726 681 1769; x_wconf 70' lang='lat' dir='ltr'>S1ccT</span> <span class='ocrx_word' id='word_1_100' title='bbox 712 1738 804 1768; x_wconf 88' lang='lat' dir='ltr'>non</span> <span class='ocrx_word' id='word_1_101' title='bbox 831 1721 988 1767; x_wconf 91' lang='lat' dir='ltr'>dubito</span> <span class='ocrx_word' id='word_1_102' title='bbox 1016 1721 1262 1766; x_wconf 83' lang='lat' dir='ltr'>meminisse</span> <span class='ocrx_word' id='word_1_103' title='bbox 1291 1720 1560 1766; x_wconf 85' lang='lat' dir='ltr'>Charitatem</span> <span class='ocrx_word' id='word_1_104' title='bbox 1593 1720 1792 1776; x_wconf 77' lang='lat' dir='ltr'>Vestram</span> <span class='ocrx_word' id='word_1_105' title='bbox 1811 1751 1822 1773; x_wconf 95' lang='lat'>,</span> 
     </span>
     <span class='ocr_line' id='line_1_18' title="bbox 432 1790 1824 1856; baseline -0.006 -17"><span class='ocrx_word' id='word_1_106' title='bbox 432 1796 508 1856; x_wconf 89' lang='lat' dir='ltr'>qui</span> <span class='ocrx_word' id='word_1_107' title='bbox 524 1796 727 1839; x_wconf 78' lang='lat' dir='ltr'>hesterno</span> <span class='ocrx_word' id='word_1_108' title='bbox 753 1793 822 1837; x_wconf 88' lang='lat' dir='ltr'>die</span> <span class='ocrx_word' id='word_1_109' title='bbox 846 1792 1034 1837; x_wconf 88' lang='lat' dir='ltr'>sermoni</span> <span class='ocrx_word' id='word_1_110' title='bbox 1056 1791 1264 1846; x_wconf 79' lang='lat' dir='ltr'>affuistis,</span> <span class='ocrx_word' id='word_1_111' title='bbox 1292 1790 1511 1836; x_wconf 88' lang='lat' dir='ltr'>Psalmum</span> <span class='ocrx_word' id='word_1_112' title='bbox 1524 1804 1654 1851; x_wconf 89' lang='lat' dir='ltr'>quem</span> <span class='ocrx_word' id='word_1_113' title='bbox 1677 1803 1824 1849; x_wconf 86' lang='lat' dir='ltr'>coepe-</span> 
     </span>
     <span class='ocr_line' id='line_1_19' title="bbox 432 1859 1827 1925; baseline -0.004 -16"><span class='ocrx_word' id='word_1_114' title='bbox 432 1875 573 1910; x_wconf 88' lang='lat' dir='ltr'>tamus</span> <span class='ocrx_word' id='word_1_115' title='bbox 598 1880 834 1925; x_wconf 85' lang='lat' dir='ltr'>exponere,</span> <span class='ocrx_word' id='word_1_116' title='bbox 871 1879 926 1908; x_wconf 90' lang='lat' dir='ltr'>ne</span> <span class='ocrx_word' id='word_1_117' title='bbox 967 1864 1022 1908; x_wconf 91' lang='lat' dir='ltr'>ad</span> <span class='ocrx_word' id='word_1_118' title='bbox 1055 1863 1290 1908; x_wconf 90' lang='lat' dir='ltr'>terminum</span> <span class='ocrx_word' id='word_1_119' title='bbox 1322 1861 1592 1922; x_wconf 85' lang='lat' dir='ltr'>perveniret,</span> <span class='ocrx_word' id='word_1_120' title='bbox 1627 1859 1827 1919; x_wconf 84' lang='lat' dir='ltr'>angustia</span> 
     </span>
     <span class='ocr_line' id='line_1_20' title="bbox 432 1929 1827 1996; baseline -0.004 -16"><span class='ocrx_word' id='word_1_121' title='bbox 432 1936 638 1996; x_wconf 85' lang='lat' dir='ltr'>temporis</span> <span class='ocrx_word' id='word_1_122' title='bbox 659 1935 887 1995; x_wconf 84' lang='lat' dir='ltr'>impedivit</span> <span class='ocrx_word' id='word_1_123' title='bbox 916 1954 925 1980; x_wconf 88' lang='lat'>:</span> <span class='ocrx_word' id='word_1_124' title='bbox 946 1944 989 1979; x_wconf 88' lang='lat' dir='ltr'>et</span> <span class='ocrx_word' id='word_1_125' title='bbox 1007 1934 1139 1978; x_wconf 90' lang='lat' dir='ltr'>dilata</span> <span class='ocrx_word' id='word_1_126' title='bbox 1170 1943 1234 1978; x_wconf 87' lang='lat' dir='ltr'>est</span> <span class='ocrx_word' id='word_1_127' title='bbox 1255 1948 1354 1993; x_wconf 85' lang='lat' dir='ltr'>pars</span> <span class='ocrx_word' id='word_1_128' title='bbox 1376 1933 1468 1993; x_wconf 87' lang='lat' dir='ltr'>ejus</span> <span class='ocrx_word' id='word_1_129' title='bbox 1489 1932 1535 1976; x_wconf 88' lang='lat' dir='ltr'>in</span> <span class='ocrx_word' id='word_1_130' title='bbox 1561 1929 1827 1976; x_wconf 85' lang='lat' dir='ltr'>hodiernum</span> 
     </span>
     <span class='ocr_line' id='line_1_21' title="bbox 432 2000 1828 2067; baseline -0.004 -16"><span class='ocrx_word' id='word_1_131' title='bbox 432 2006 564 2051; x_wconf 89' lang='lat' dir='ltr'>diem.</span> <span class='ocrx_word' id='word_1_132' title='bbox 593 2008 688 2051; x_wconf 88' lang='lat' dir='ltr'>Hoc</span> <span class='ocrx_word' id='word_1_133' title='bbox 728 2006 805 2067; x_wconf 86' lang='lat' dir='ltr'>qui</span> <span class='ocrx_word' id='word_1_134' title='bbox 832 2005 926 2050; x_wconf 91' lang='lat' dir='ltr'>heri</span> <span class='ocrx_word' id='word_1_135' title='bbox 947 2004 1158 2061; x_wconf 83' lang='lat' dir='ltr'>affuistis,</span> <span class='ocrx_word' id='word_1_136' title='bbox 1183 2002 1474 2048; x_wconf 87' lang='lat' dir='ltr'>recordamini</span> <span class='ocrx_word' id='word_1_137' title='bbox 1501 2022 1511 2047; x_wconf 75' lang='grc' dir='ltr'>ε</span> <span class='ocrx_word' id='word_1_138' title='bbox 1536 2001 1614 2063; x_wconf 93' lang='lat' dir='ltr'>qui</span> <span class='ocrx_word' id='word_1_139' title='bbox 1644 2016 1735 2045; x_wconf 90' lang='lat' dir='ltr'>non</span> <span class='ocrx_word' id='word_1_140' title='bbox 1756 2000 1828 2046; x_wconf 88' lang='lat' dir='ltr'>af-</span> 
     </span>
     <span class='ocr_line' id='line_1_22' title="bbox 431 2071 1827 2136; baseline -0.004 -15"><span class='ocrx_word' id='word_1_141' title='bbox 431 2076 596 2132; x_wconf 84' lang='lat' dir='ltr'>fuistis,</span> <span class='ocrx_word' id='word_1_142' title='bbox 635 2076 899 2135; x_wconf 85' lang='lat' dir='ltr'>cognoscite.</span> <span class='ocrx_word' id='word_1_143' title='bbox 936 2080 1172 2136; x_wconf 87' lang='lat' dir='ltr'>Propterea</span> <span class='ocrx_word' id='word_1_144' title='bbox 1201 2073 1384 2119; x_wconf 88' lang='lat' dir='ltr'>fecimus</span> <span class='ocrx_word' id='word_1_145' title='bbox 1414 2073 1550 2133; x_wconf 85' lang='lat' dir='ltr'>ipsam</span> <span class='ocrx_word' id='word_1_146' title='bbox 1593 2071 1827 2116; x_wconf 85' lang='lat' dir='ltr'>lectionem</span> 
     </span>
     <span class='ocr_line' id='line_1_23' title="bbox 431 2142 1828 2207; baseline -0.004 -15"><span class='ocrx_word' id='word_1_147' title='bbox 431 2147 658 2207; x_wconf 85' lang='lat' dir='ltr'>Evangelii</span> <span class='ocrx_word' id='word_1_148' title='bbox 680 2147 867 2202; x_wconf 86' lang='lat' dir='ltr'>recitari,</span> <span class='ocrx_word' id='word_1_149' title='bbox 890 2147 966 2191; x_wconf 83' lang='lat' dir='ltr'>ubi</span> <span class='ocrx_word' id='word_1_150' title='bbox 994 2147 1206 2191; x_wconf 87' lang='lat' dir='ltr'>Dominus</span> <span class='ocrx_word' id='word_1_151' title='bbox 1227 2154 1419 2190; x_wconf 86' lang='lat' dir='ltr'>tentatus</span> <span class='ocrx_word' id='word_1_152' title='bbox 1442 2153 1504 2188; x_wconf 87' lang='lat' dir='ltr'>est</span> <span class='ocrx_word' id='word_1_153' title='bbox 1525 2159 1603 2204; x_wconf 92' lang='lat' dir='ltr'>per</span> <span class='ocrx_word' id='word_1_154' title='bbox 1625 2159 1673 2188; x_wconf 92' lang='lat' dir='ltr'>ea</span> <span class='ocrx_word' id='word_1_155' title='bbox 1694 2142 1828 2188; x_wconf 89' lang='lat' dir='ltr'>verba</span> 
     </span>
     <span class='ocr_line' id='line_1_24' title="bbox 432 2214 1829 2280; baseline -0.005 -16"><span class='ocrx_word' id='word_1_156' title='bbox 432 2219 608 2274; x_wconf 84' lang='lat' dir='ltr'>Psalmi,</span> <span class='ocrx_word' id='word_1_157' title='bbox 634 2235 732 2280; x_wconf 84' lang='lat' dir='ltr'>quae</span> <span class='ocrx_word' id='word_1_158' title='bbox 753 2219 825 2263; x_wconf 89' lang='lat' dir='ltr'>hic</span> <span class='ocrx_word' id='word_1_159' title='bbox 849 2217 1027 2262; x_wconf 86' lang='lat' dir='ltr'>audistis</span> <span class='ocrx_word' id='word_1_160' title='bbox 1043 2221 1076 2261; x_wconf 73' lang='lat'>².</span> <span class='ocrx_word' id='word_1_161' title='bbox 1108 2217 1214 2262; x_wconf 91' lang='lat' dir='ltr'>Ideo</span> <span class='ocrx_word' id='word_1_162' title='bbox 1236 2226 1427 2261; x_wconf 85' lang='lat' dir='ltr'>tentatus</span> <span class='ocrx_word' id='word_1_163' title='bbox 1450 2225 1514 2260; x_wconf 88' lang='lat' dir='ltr'>est</span> <span class='ocrx_word' id='word_1_164' title='bbox 1535 2214 1748 2269; x_wconf 85' lang='lat' dir='ltr'>Christus,</span> <span class='ocrx_word' id='word_1_165' title='bbox 1772 2228 1829 2258; x_wconf 91' lang='lat' dir='ltr'>ne</span> 
     </span>
     <span class='ocr_line' id='line_1_25' title="bbox 431 2284 1828 2348; baseline -0.005 -13"><span class='ocrx_word' id='word_1_166' title='bbox 431 2291 632 2335; x_wconf 87' lang='lat' dir='ltr'>vincatur</span> <span class='ocrx_word' id='word_1_167' title='bbox 653 2306 677 2334; x_wconf 91' lang='lat' dir='ltr'>a</span> <span class='ocrx_word' id='word_1_168' title='bbox 698 2299 914 2334; x_wconf 90' lang='lat' dir='ltr'>tentatore</span> <span class='ocrx_word' id='word_1_169' title='bbox 948 2288 1234 2334; x_wconf 84' lang='lat' dir='ltr'>Christianus.</span> <span class='ocrx_word' id='word_1_170' title='bbox 1256 2287 1336 2332; x_wconf 76' lang='lat' dir='ltr'>Ille</span> <span class='ocrx_word' id='word_1_171' title='bbox 1368 2287 1532 2348; x_wconf 85' lang='lat' dir='ltr'>quippe</span> <span class='ocrx_word' id='word_1_172' title='bbox 1560 2285 1763 2345; x_wconf 87' lang='lat' dir='ltr'>magister</span> <span class='ocrx_word' id='word_1_173' title='bbox 1781 2284 1828 2328; x_wconf 86' lang='lat' dir='ltr'>in</span> 
     </span>
     <span class='ocr_line' id='line_1_26' title="bbox 432 2354 1825 2421; baseline -0.005 -15"><span class='ocrx_word' id='word_1_174' title='bbox 432 2361 636 2417; x_wconf 90' lang='lat' dir='ltr'>omnibus</span> <span class='ocrx_word' id='word_1_175' title='bbox 655 2360 812 2405; x_wconf 88' lang='lat' dir='ltr'>tentari</span> <span class='ocrx_word' id='word_1_176' title='bbox 831 2359 988 2414; x_wconf 87' lang='lat' dir='ltr'>voluit,</span> <span class='ocrx_word' id='word_1_177' title='bbox 1009 2359 1110 2421; x_wconf 88' lang='lat' dir='ltr'>quia</span> <span class='ocrx_word' id='word_1_178' title='bbox 1134 2368 1354 2403; x_wconf 87' lang='lat' dir='ltr'>tentamur</span> <span class='ocrx_word' id='word_1_179' title='bbox 1374 2375 1384 2401; x_wconf 94' lang='lat'>.·</span> <span class='ocrx_word' id='word_1_180' title='bbox 1409 2358 1521 2401; x_wconf 88' lang='lat' dir='ltr'>sicut</span> <span class='ocrx_word' id='word_1_181' title='bbox 1543 2356 1651 2401; x_wconf 91' lang='lat' dir='ltr'>mori</span> <span class='ocrx_word' id='word_1_182' title='bbox 1668 2354 1825 2412; x_wconf 88' lang='lat' dir='ltr'>voluit,</span> 
     </span>
     <span class='ocr_line' id='line_1_27' title="bbox 431 2426 1827 2495; baseline -0.004 -18"><span class='ocrx_word' id='word_1_183' title='bbox 431 2433 531 2495; x_wconf 83' lang='lat' dir='ltr'>quia</span> <span class='ocrx_word' id='word_1_184' title='bbox 554 2433 766 2476; x_wconf 83' lang='lat' dir='ltr'>morimur</span> <span class='ocrx_word' id='word_1_185' title='bbox 793 2451 803 2476; x_wconf 87' lang='grc'>;</span> <span class='ocrx_word' id='word_1_186' title='bbox 827 2432 939 2475; x_wconf 89' lang='lat' dir='ltr'>sicut</span> <span class='ocrx_word' id='word_1_187' title='bbox 968 2445 1192 2490; x_wconf 84' lang='lat' dir='ltr'>resurgere</span> <span class='ocrx_word' id='word_1_188' title='bbox 1225 2429 1391 2484; x_wconf 86' lang='lat' dir='ltr'>voluit,</span> <span class='ocrx_word' id='word_1_189' title='bbox 1417 2429 1521 2490; x_wconf 88' lang='lat' dir='ltr'>quia</span> <span class='ocrx_word' id='word_1_190' title='bbox 1544 2426 1827 2472; x_wconf 88' lang='lat' dir='ltr'>resurrecturi</span> 
     </span>
     <span class='ocr_line' id='line_1_28' title="bbox 429 2497 1828 2562; baseline -0.004 -15"><span class='ocrx_word' id='word_1_191' title='bbox 429 2518 593 2548; x_wconf 90' lang='lat' dir='ltr'>sumus.</span> <span class='ocrx_word' id='word_1_192' title='bbox 622 2501 702 2546; x_wconf 91' lang='lat' dir='ltr'>Illa</span> <span class='ocrx_word' id='word_1_193' title='bbox 725 2501 841 2546; x_wconf 88' lang='lat' dir='ltr'>enim</span> <span class='ocrx_word' id='word_1_194' title='bbox 871 2517 969 2562; x_wconf 80' lang='lat' dir='ltr'>quae</span> <span class='ocrx_word' id='word_1_195' title='bbox 996 2500 1186 2545; x_wconf 88' lang='lat' dir='ltr'>ostendit</span> <span class='ocrx_word' id='word_1_196' title='bbox 1212 2501 1258 2544; x_wconf 88' lang='lat' dir='ltr'>in</span> <span class='ocrx_word' id='word_1_197' title='bbox 1284 2500 1480 2555; x_wconf 90' lang='lat' dir='ltr'>homine,</span> <span class='ocrx_word' id='word_1_198' title='bbox 1503 2499 1580 2561; x_wconf 85' lang='lat' dir='ltr'>qui</span> <span class='ocrx_word' id='word_1_199' title='bbox 1601 2497 1742 2543; x_wconf 89' lang='lat' dir='ltr'>factus</span> <span class='ocrx_word' id='word_1_200' title='bbox 1765 2506 1828 2541; x_wconf 89' lang='lat' dir='ltr'>est</span> 
     </span>
     <span class='ocr_line' id='line_1_29' title="bbox 427 2568 1824 2635; baseline -0.004 -16"><span class='ocrx_word' id='word_1_201' title='bbox 427 2583 607 2635; x_wconf 84' lang='lat' dir='ltr'>propter</span> <span class='ocrx_word' id='word_1_202' title='bbox 628 2589 707 2617; x_wconf 90' lang='lat' dir='ltr'>nos</span> <span class='ocrx_word' id='word_1_203' title='bbox 729 2573 878 2628; x_wconf 89' lang='lat' dir='ltr'>homo,</span> <span class='ocrx_word' id='word_1_204' title='bbox 901 2587 1002 2617; x_wconf 90' lang='lat' dir='ltr'>cum</span> <span class='ocrx_word' id='word_1_205' title='bbox 1020 2580 1130 2617; x_wconf 87' lang='lat' dir='ltr'>esset</span> <span class='ocrx_word' id='word_1_206' title='bbox 1151 2574 1264 2616; x_wconf 91' lang='lat' dir='ltr'>Deus</span> <span class='ocrx_word' id='word_1_207' title='bbox 1277 2586 1354 2630; x_wconf 87' lang='lat' dir='ltr'>per</span> <span class='ocrx_word' id='word_1_208' title='bbox 1375 2585 1504 2631; x_wconf 91' lang='lat' dir='ltr'>quem</span> <span class='ocrx_word' id='word_1_209' title='bbox 1530 2568 1634 2615; x_wconf 87' lang='lat' dir='ltr'>facti</span> <span class='ocrx_word' id='word_1_210' title='bbox 1655 2582 1824 2623; x_wconf 86' lang='lat' dir='ltr'>sumus,</span> 
     </span>
    </p>
   </div>
   <div class='ocr_carea' id='block_1_12' title="bbox 478 2679 1070 2724">
    <p class='ocr_par' dir='ltr' id='par_1_12' title="bbox 478 2679 1070 2724">
     <span class='ocr_line' id='line_1_30' title="bbox 478 2679 1070 2724; baseline -0.002 -10"><span class='ocrx_word' id='word_1_211' title='bbox 478 2689 488 2706; x_wconf 87' lang='lat'>¹</span> <span class='ocrx_word' id='word_1_212' title='bbox 509 2681 590 2716; x_wconf 86' lang='lat' dir='ltr'>Psal.</span> <span class='ocrx_word' id='word_1_213' title='bbox 613 2692 664 2724; x_wconf 79' lang='lat' dir='ltr'>xc,</span> <span class='ocrx_word' id='word_1_214' title='bbox 683 2692 717 2724; x_wconf 88' lang='lat'>9.</span> <span class='ocrx_word' id='word_1_215' title='bbox 739 2697 782 2706; x_wconf 86' lang='lat'>-·</span> <span class='ocrx_word' id='word_1_216' title='bbox 808 2688 821 2705; x_wconf 84' lang='lat'>²</span> <span class='ocrx_word' id='word_1_217' title='bbox 839 2680 955 2714; x_wconf 74' lang='lat' dir='ltr'>matth.</span> <span class='ocrx_word' id='word_1_218' title='bbox 973 2691 1019 2721; x_wconf 81' lang='lat' dir='ltr'>iv,</span> <span class='ocrx_word' id='word_1_219' title='bbox 1034 2679 1070 2713; x_wconf 87' lang='lat'>6.</span> 
     </span>
    </p>
   </div>
   <div class='ocr_carea' id='block_1_13' title="bbox 0 0 1926 317">
    <p class='ocr_par' dir='ltr' id='par_1_13' title="bbox 0 0 1926 317">
     <span class='ocr_line' id='line_1_31' title="bbox 0 0 1926 317; baseline 0 3022"><span class='ocrx_word' id='word_1_220' title='bbox 0 0 1926 317; x_wconf 95' lang='lat' dir='ltr'> </span> 
     </span>
    </p>
   </div>
  </div>
 </body>
</html>
