1926 3339
420 301 663 333 ENARRATIO
694 303 742 331 nv
772 300 976 330 numum
1008 302 1119 332 xcvr.
1379 296 1464 337 459

78 378 181 416 sunt
211 369 400 430 Angeli?
432 371 544 414 Sunt
571 368 689 412 enim
725 367 881 427 Angeli
919 368 1079 423 sancti,
1110 378 1154 413 et
1174 379 1276 415 sunt
1297 373 1469 432 spiritus

75 441 271 500 maligni.
300 444 392 498 Ego
419 440 516 484 dico
545 439 647 499 quia
670 439 714 482 in
745 438 918 498 templis
940 439 1024 483 tuis
1051 456 1139 485 non
1161 440 1364 486 coluntur
1386 445 1464 489 nisi

74 512 250 572 spiritus
277 510 458 570 maligni
477 530 486 555 :
511 511 587 571 qui
609 510 690 553 sibi
713 510 892 568 exigunt
913 511 1098 570 superbe
1119 512 1372 557 sacrificium
1389 549 1399 567 ,
1423 525 1466 558 et

72 581 230 627 volunt
252 597 297 626 se
318 580 400 626 coli
425 591 633 641 tanquam
656 579 759 625 deos
774 616 784 636 ,
810 580 991 640 maligni
1008 591 1125 637 sunt,
1148 583 1321 642 superbi
1344 593 1459 627 sunt.

75 652 197 697 Tales
233 661 337 696 sunt
364 652 494 696 etiam
532 652 728 696 homines
763 667 854 696 non
878 652 1007 707 boni,
1036 653 1111 713 qui
1135 670 1257 698 suam
1283 653 1463 713 gloriam

72 732 303 784 quaerunt,
343 731 386 766 et
420 721 498 766 Dei
520 720 697 780 gloriam
732 731 1037 767 contemnunt.
1078 724 1283 768 Homines
1315 735 1459 769 autem

70 803 237 839 sanctos
259 793 469 838 attendite
484 829 495 847 ‚
518 794 594 853 qui
615 802 717 837 sunt
738 793 896 837 similes
920 794 1107 852 Angelis.
1142 797 1255 840 Cum
1278 796 1460 839 invene-

70 866 127 910 ris
153 866 376 911 hominem
398 864 586 926 aliquem
606 875 806 910 sanctum
825 881 996 909 servum
1020 867 1097 910 Dei
1112 902 1122 922 ‚
1148 866 1181 910 si
1202 866 1389 910 volueris
1406 866 1461 910 il-

69 936 162 981 lum
183 935 326 982 colere
347 946 391 981 et
412 936 590 981 adorare
605 953 685 997 pro
709 940 813 992 Deo,
836 937 1041 995 prohibet
1060 946 1100 980 te
1122 957 1129 981 :
1151 953 1240 981 non
1263 938 1357 982 vult
1380 938 1461 982 sibi

70 1023 270 1067 arrogare
295 1009 509 1053 honorem
538 1008 642 1064 Dei,
681 1024 772 1053 non
801 1007 897 1053 vult
914 1008 995 1051 tibi
1027 1024 1117 1052 esse
1147 1024 1225 1068 pro
1248 1011 1363 1063 Deo,
1389 1008 1464 1052 sed

0 1083 3 1103 '
69 1088 215 1124 tecum
231 1095 320 1123 esse
342 1080 424 1123 sub
444 1083 549 1125 Deo.
570 1082 788 1123 Fecerunt
810 1079 894 1123 hoc
917 1078 1114 1138 Apostoli
1131 1080 1283 1133 sancti,
1306 1079 1466 1123 Paulus

0 1183 1 1189 ,
67 1160 111 1195 et
126 1151 360 1195 Barnabas.
384 1150 690 1195 Praedicabant
711 1151 895 1195 verbum
915 1150 993 1193 Dei
1016 1150 1061 1194 in
1078 1150 1309 1207 Lycaonia.
1330 1150 1464 1194 Mira-

68 1221 172 1266 bilia
190 1237 291 1266 cum
319 1222 524 1266 fecissent
547 1221 798 1279 Lycaoniae,
824 1221 936 1265 cives
955 1220 1148 1280 ejusdem
1172 1221 1358 1279 regionis
1385 1219 1463 1264 ad-

67 1292 287 1337 duxerunt
312 1293 508 1337 victimas
528 1328 539 1348 ‚
561 1302 605 1337 et
627 1291 863 1337 voluerunt
879 1290 962 1335 illis
984 1292 1222 1335 sacrificare
1239 1327 1249 1346 ‚
1271 1293 1464 1336 dicentes

67 1364 312 1407 Barnabam
335 1366 489 1408 Jovem
505 1399 515 1418 ,
541 1373 584 1408 et
618 1363 804 1408 Paulum
822 1362 1089 1407 Mercurium
1119 1383 1127 1406 ;
1153 1361 1216 1405 illi
1244 1378 1334 1406 non
1362 1372 1464 1406 sunt

67 1434 285 1479 delectati.
319 1438 389 1479 An
422 1434 535 1478 forte
569 1433 667 1478 ideo
696 1434 778 1478 sibi
814 1433 1029 1478 immolari
1059 1434 1296 1477 noluerunt
1314 1468 1324 1488 ,
1360 1434 1462 1493 quia

67 1504 343 1550 daemonibus
356 1521 399 1549 se
417 1507 658 1564 comparari
680 1505 865 1548 execrati
881 1506 1006 1548 sunt?
1023 1506 1136 1559 Non,
1163 1505 1238 1548 sed
1261 1504 1363 1565 quia
1383 1505 1463 1548 ho-

65 1592 218 1621 norem
252 1577 452 1620 divinum
480 1575 674 1620 exhiberi
709 1575 962 1619 hominibus
996 1576 1277 1619 horruerunt.
1320 1575 1463 1619 Verba

64 1648 258 1707 ipsorum
282 1648 478 1692 indicant
493 1683 504 1702 ‚
533 1663 623 1691 non
645 1647 930 1706 suspicamur.
967 1647 1173 1706 Sequitur
1195 1646 1310 1689 enim
1333 1645 1462 1690 lectio

64 1718 167 1766 Libri
189 1718 399 1779 ejusdem,
424 1728 467 1763 et
487 1717 594 1763 dicit
611 1718 834 1778 quomodo
850 1717 957 1761 moti
975 1726 1077 1761 sunt
1094 1737 1102 1762 ;
1121 1736 1137 1757 «
1154 1720 1277 1761 Tunc
1302 1716 1461 1761 Paulus

67 1807 89 1831 »
110 1799 153 1834 et
174 1789 393 1834 Barnabas
416 1788 724 1834 consciderunt
750 1789 1008 1833 vestimenta
1033 1804 1134 1843 sua,
1158 1798 1201 1833 et
1227 1788 1458 1832 dixerunt:

67 1879 89 1903 »
110 1861 202 1905 Viri
217 1860 386 1915 fratres,
402 1861 510 1921 quid
534 1860 700 1905 facitis?
720 1863 777 1904 Et
798 1876 877 1905 nos
900 1861 1099 1904 homines
1116 1876 1265 1905 sumus
1283 1860 1462 1920 passibi-

67 1950 88 1973 »
105 1931 182 1987 les,
203 1931 362 1976 similes
379 1932 502 1976 vobis
517 1934 548 1975 ¹.
577 1950 597 1973 κ)
620 1932 856 1976 Intendite.
882 1932 1116 1985 Quomodo
1139 1947 1240 1990 ergo
1263 1932 1460 1976 homines

65 2003 171 2047 boni
197 2003 435 2063 prohibent
461 2017 533 2047 eos
549 2038 560 2058 ‚
586 2003 663 2064 qui
690 2002 786 2047 illos
813 2002 1043 2047 voluerant
1072 2002 1214 2047 colere
1248 2012 1460 2062 tanquam

65 2074 185 2130 deos,
200 2083 244 2118 et
253 2073 411 2119 volunt
422 2075 568 2134 potius
582 2084 632 2118 ut
648 2077 761 2119 Deus
776 2090 890 2118 unus
907 2074 1090 2128 colatur,
1104 2078 1218 2118 Deus
1230 2090 1343 2118 unus
1358 2073 1462 2118 ado-

65 2154 200 2200 retur,
217 2148 308 2189 Deo
324 2145 399 2189 uni
418 2145 678 2190 sacrificium
696 2146 923 2199 offeratur,
940 2162 1030 2190 non
1053 2145 1155 2190 sibi:
1177 2145 1236 2189 sic
1252 2154 1294 2188 et
1309 2160 1458 2188 omnes

65 2216 203 2260 sancti
225 2215 397 2275 Angeli,
422 2216 537 2261 illius
560 2216 739 2275 gloriam
761 2226 984 2277 quaerunt,
1010 2232 1140 2276 quem
1163 2214 1379 2274 diligunt3
1405 2213 1461 2258 ad

66 2288 156 2348 ejus
171 2287 357 2342 cultum,
370 2287 424 2331 ad
437 2288 528 2347 ejus
541 2287 856 2342 adorationem,
869 2287 924 2331 ad
938 2288 974 2346 ej
982 2303 1029 2330 us
1047 2285 1460 2345 contemplationem

67 2372 216 2401 omnes
238 2373 347 2417 quos
368 2357 559 2417 diligunt
574 2374 725 2418 rapere
746 2367 790 2402 et
808 2358 1080 2402 inflammare
1097 2357 1274 2402 student
1292 2356 1459 2415 3ipsum

65 2428 150 2472 illis
173 2429 460 2484 annuntiant,
497 2444 587 2473 non
615 2445 681 2485 se,
707 2430 918 2489 quoniam
939 2428 1096 2487 Angeli
1118 2438 1220 2472 sunt
1249 2447 1258 2472 :
1291 2436 1334 2471 et
1356 2426 1456 2486 quia

66 2498 222 2544 milites
239 2509 357 2555 sunt,
375 2516 466 2545 non
489 2511 653 2545 norunt
667 2501 850 2560 gloriam
869 2516 1064 2561 quaerere
1085 2499 1167 2544 nisi
1190 2497 1459 2558 imperatoris

68 2571 155 2629 sui3
171 2571 205 2615 si
222 2580 366 2615 autem
381 2587 503 2617 suam
519 2572 700 2631 gloriam
714 2572 982 2634 quaesierint,
994 2582 1043 2615 ut
1059 2571 1232 2628 tyranni
1247 2569 1468 2613 damnan-.

105 2659 126 2679 '¹
148 2658 220 2688 Act.
240 2657 377 2701 11v‚13,
396 2657 445 2698 14.
