<?xml version="1.0" encoding="UTF-8"?>
<!DOCTYPE html PUBLIC "-//W3C//DTD XHTML 1.0 Transitional//EN"
    "http://www.w3.org/TR/xhtml1/DTD/xhtml1-transitional.dtd">
<html xmlns="http://www.w3.org/1999/xhtml" xml:lang="en" lang="en">
 <head>
  <title>
</title>
<meta http-equiv="Content-Type" content="text/html;charset=utf-8" />
  <meta name='ocr-system' content='tesseract 3.04.00' />
  <meta name='ocr-capabilities' content='ocr_page ocr_carea ocr_par ocr_line ocrx_word'/>
</head>
<body>
  <div class='ocr_page' id='page_1' title='image "./operaomniaaccura10auguuoft_0242.png"; bbox 0 0 1926 3339; ppageno 0'>
   <div class='ocr_carea' id='block_1_1' title="bbox 459 317 1394 357">
    <p class='ocr_par' dir='ltr' id='par_1_1' title="bbox 459 317 1394 357">
     <span class='ocr_line' id='line_1_1' title="bbox 459 317 1394 357; baseline -0.003 0"><span class='ocrx_word' id='word_1_1' title='bbox 459 317 543 357; x_wconf 90' lang='lat'>186</span> <span class='ocrx_word' id='word_1_2' title='bbox 880 330 915 355; x_wconf 81' lang='lat' dir='ltr'>s.</span> <span class='ocrx_word' id='word_1_3' title='bbox 950 327 1180 356; x_wconf 72' lang='lat' dir='ltr'>Aucus&#39;mm</span> <span class='ocrx_word' id='word_1_4' title='bbox 1212 329 1394 356; x_wconf 77' lang='lat' dir='ltr'>EPISCOPI</span> 
     </span>
    </p>
   </div>
   <div class='ocr_carea' id='block_1_2' title="bbox 453 379 1916 664">
    <p class='ocr_par' dir='ltr' id='par_1_2' title="bbox 453 379 1916 664">
     <span class='ocr_line' id='line_1_2' title="bbox 455 379 1915 453; baseline -0.004 -14"><span class='ocrx_word' id='word_1_5' title='bbox 455 393 511 439; x_wconf 83' lang='lat' dir='ltr'>ad</span> <span class='ocrx_word' id='word_1_6' title='bbox 533 403 750 439; x_wconf 87' lang='lat' dir='ltr'>tormenta</span> <span class='ocrx_word' id='word_1_7' title='bbox 762 396 791 438; x_wconf 90' lang='lat'>¹.</span> <span class='ocrx_word' id='word_1_8' title='bbox 809 394 1032 453; x_wconf 84' lang='lat' dir='ltr'><strong>Numquid</strong></span> <span class='ocrx_word' id='word_1_9' title='bbox 1049 409 1149 438; x_wconf 90' lang='lat' dir='ltr'>vere</span> <span class='ocrx_word' id='word_1_10' title='bbox 1165 393 1237 437; x_wconf 86' lang='lat' dir='ltr'>ille</span> <span class='ocrx_word' id='word_1_11' title='bbox 1253 408 1419 453; x_wconf 83' lang='lat' dir='ltr'>pauper</span> <span class='ocrx_word' id='word_1_12' title='bbox 1435 393 1591 437; x_wconf 90' lang='lat' dir='ltr'>merito</span> <span class='ocrx_word' id='word_1_13' title='bbox 1612 391 1728 436; x_wconf 88' lang='lat' dir='ltr'>illius</span> <span class='ocrx_word' id='word_1_14' title='bbox 1748 393 1842 437; x_wconf 85' lang='lat' dir='ltr'>ino·</span> <span class='ocrx_word' id='word_1_15' title='bbox 1908 379 1915 433; x_wconf 58' lang='lat' dir='ltr'>J</span> 
     </span>
     <span class='ocr_line' id='line_1_3' title="bbox 455 462 1914 525; baseline -0.001 -16"><span class='ocrx_word' id='word_1_16' title='bbox 455 466 539 525; x_wconf 81' lang='lat' dir='ltr'>piae</span> <span class='ocrx_word' id='word_1_17' title='bbox 561 465 731 509; x_wconf 85' lang='lat' dir='ltr'>ablatus</span> <span class='ocrx_word' id='word_1_18' title='bbox 754 474 816 509; x_wconf 88' lang='lat' dir='ltr'>est</span> <span class='ocrx_word' id='word_1_19' title='bbox 839 465 893 509; x_wconf 91' lang='lat' dir='ltr'>ab</span> <span class='ocrx_word' id='word_1_20' title='bbox 916 464 1090 522; x_wconf 77' lang='lat' dir='ltr'>Angelis</span> <span class='ocrx_word' id='word_1_21' title='bbox 1105 499 1116 519; x_wconf 82' lang='lat'>‚</span> <span class='ocrx_word' id='word_1_22' title='bbox 1142 464 1260 508; x_wconf 85' lang='lat' dir='ltr'>dives</span> <span class='ocrx_word' id='word_1_23' title='bbox 1299 473 1446 508; x_wconf 86' lang='lat' dir='ltr'>autem</span> <span class='ocrx_word' id='word_1_24' title='bbox 1477 463 1549 507; x_wconf 89' lang='lat' dir='ltr'>ille</span> <span class='ocrx_word' id='word_1_25' title='bbox 1571 472 1750 523; x_wconf 85' lang='lat' dir='ltr'>peccato</span> <span class='ocrx_word' id='word_1_26' title='bbox 1771 462 1841 507; x_wconf 86' lang='lat' dir='ltr'>di-</span> <span class='ocrx_word' id='word_1_27' title='bbox 1907 498 1914 512; x_wconf 39' lang='lat' dir='ltr'><strong><em>f</em></strong></span> 
     </span>
     <span class='ocr_line' id='line_1_4' title="bbox 454 528 1915 594; baseline -0.002 -13"><span class='ocrx_word' id='word_1_28' title='bbox 454 537 659 581; x_wconf 88' lang='lat' dir='ltr'>vitiarum</span> <span class='ocrx_word' id='word_1_29' title='bbox 680 551 854 580; x_wconf 85' lang='lat' dir='ltr'>suarum</span> <span class='ocrx_word' id='word_1_30' title='bbox 875 535 929 579; x_wconf 86' lang='lat' dir='ltr'>ad</span> <span class='ocrx_word' id='word_1_31' title='bbox 958 545 1174 579; x_wconf 87' lang='lat' dir='ltr'>tormenta</span> <span class='ocrx_word' id='word_1_32' title='bbox 1196 536 1347 578; x_wconf 83' lang='lat' dir='ltr'>missus</span> <span class='ocrx_word' id='word_1_33' title='bbox 1377 536 1470 578; x_wconf 80' lang='lat' dir='ltr'>est?</span> <span class='ocrx_word' id='word_1_34' title='bbox 1492 537 1543 578; x_wconf 91' lang='lat' dir='ltr'>In</span> <span class='ocrx_word' id='word_1_35' title='bbox 1559 533 1635 579; x_wconf 90' lang='lat' dir='ltr'>illo</span> <span class='ocrx_word' id='word_1_36' title='bbox 1652 549 1842 594; x_wconf 83' lang='lat' dir='ltr'><strong>paupere</strong></span> <span class='ocrx_word' id='word_1_37' title='bbox 1908 528 1915 578; x_wconf 60' lang='lat' dir='ltr'><em>s</em></span> 
     </span>
     <span class='ocr_line' id='line_1_5' title="bbox 453 603 1916 664; baseline -0.001 -13"><span class='ocrx_word' id='word_1_38' title='bbox 453 607 676 651; x_wconf 82' lang='lat' dir='ltr'>humilitas</span> <span class='ocrx_word' id='word_1_39' title='bbox 698 606 956 664; x_wconf 75' lang='lat' dir='ltr'>intelligitur</span> <span class='ocrx_word' id='word_1_40' title='bbox 976 605 1261 649; x_wconf 83' lang='lat' dir='ltr'>honorificata</span> <span class='ocrx_word' id='word_1_41' title='bbox 1278 640 1288 659; x_wconf 83' lang='lat'>,</span> <span class='ocrx_word' id='word_1_42' title='bbox 1313 605 1359 647; x_wconf 89' lang='lat' dir='ltr'>in</span> <span class='ocrx_word' id='word_1_43' title='bbox 1380 603 1456 648; x_wconf 92' lang='lat' dir='ltr'>illo</span> <span class='ocrx_word' id='word_1_44' title='bbox 1479 603 1612 648; x_wconf 89' lang='lat' dir='ltr'>divite</span> <span class='ocrx_word' id='word_1_45' title='bbox 1641 604 1842 663; x_wconf 84' lang='lat' dir='ltr'>superbia</span> <span class='ocrx_word' id='word_1_46' title='bbox 1908 636 1916 652; x_wconf 72' lang='grc'>,</span> 
     </span>
    </p>
   </div>
   <div class='ocr_carea' id='block_1_3' title="bbox 454 674 1843 874">
    <p class='ocr_par' dir='ltr' id='par_1_3' title="bbox 454 674 1843 874">
     <span class='ocr_line' id='line_1_6' title="bbox 455 674 1843 734; baseline -0.002 -14"><span class='ocrx_word' id='word_1_47' title='bbox 455 676 674 721; x_wconf 87' lang='lat' dir='ltr'>damnata.</span> <span class='ocrx_word' id='word_1_48' title='bbox 701 676 894 719; x_wconf 79' lang='lat' dir='ltr'>Breviter</span> <span class='ocrx_word' id='word_1_49' title='bbox 917 675 1056 733; x_wconf 89' lang='lat' dir='ltr'>probo</span> <span class='ocrx_word' id='word_1_50' title='bbox 1072 709 1082 728; x_wconf 83' lang='lat'><strong>‚</strong></span> <span class='ocrx_word' id='word_1_51' title='bbox 1103 676 1204 734; x_wconf 88' lang='lat' dir='ltr'>quia</span> <span class='ocrx_word' id='word_1_52' title='bbox 1227 690 1316 718; x_wconf 87' lang='lat' dir='ltr'>non</span> <span class='ocrx_word' id='word_1_53' title='bbox 1335 674 1496 718; x_wconf 68' lang='lat' dir='ltr'>divitiae</span> <span class='ocrx_word' id='word_1_54' title='bbox 1512 709 1523 727; x_wconf 82' lang='lat'>,</span> <span class='ocrx_word' id='word_1_55' title='bbox 1550 674 1623 718; x_wconf 86' lang='lat' dir='ltr'>sed</span> <span class='ocrx_word' id='word_1_56' title='bbox 1642 674 1843 733; x_wconf 88' lang='lat' dir='ltr'>superbia</span> 
     </span>
     <span class='ocr_line' id='line_1_7' title="bbox 454 742 1843 803; baseline -0.002 -14"><span class='ocrx_word' id='word_1_57' title='bbox 454 747 501 790; x_wconf 88' lang='lat' dir='ltr'>in</span> <span class='ocrx_word' id='word_1_58' title='bbox 532 745 607 789; x_wconf 88' lang='lat' dir='ltr'>illo</span> <span class='ocrx_word' id='word_1_59' title='bbox 644 744 777 789; x_wconf 89' lang='lat' dir='ltr'>divite</span> <span class='ocrx_word' id='word_1_60' title='bbox 814 744 1103 788; x_wconf 81' lang='lat' dir='ltr'>cruciabatur.</span> <span class='ocrx_word' id='word_1_61' title='bbox 1145 746 1272 788; x_wconf 89' lang='lat' dir='ltr'>Certe</span> <span class='ocrx_word' id='word_1_62' title='bbox 1306 742 1380 787; x_wconf 88' lang='lat' dir='ltr'>ille</span> <span class='ocrx_word' id='word_1_63' title='bbox 1415 759 1582 803; x_wconf 84' lang='lat' dir='ltr'>pauper</span> <span class='ocrx_word' id='word_1_64' title='bbox 1619 744 1665 786; x_wconf 90' lang='lat' dir='ltr'>in</span> <span class='ocrx_word' id='word_1_65' title='bbox 1699 743 1843 787; x_wconf 88' lang='lat' dir='ltr'>sinum</span> 
     </span>
     <span class='ocr_line' id='line_1_8' title="bbox 455 809 1838 874; baseline -0.003 -13"><span class='ocrx_word' id='word_1_66' title='bbox 455 816 642 861; x_wconf 83' lang='lat' dir='ltr'>Abrahae</span> <span class='ocrx_word' id='word_1_67' title='bbox 663 815 859 859; x_wconf 85' lang='lat' dir='ltr'>sublatus</span> <span class='ocrx_word' id='word_1_68' title='bbox 887 823 950 858; x_wconf 87' lang='lat' dir='ltr'>est</span> <span class='ocrx_word' id='word_1_69' title='bbox 975 834 984 859; x_wconf 90' lang='lat'>:</span> <span class='ocrx_word' id='word_1_70' title='bbox 1009 814 1064 858; x_wconf 90' lang='lat' dir='ltr'>de</span> <span class='ocrx_word' id='word_1_71' title='bbox 1091 815 1184 874; x_wconf 89' lang='lat' dir='ltr'>ipso</span> <span class='ocrx_word' id='word_1_72' title='bbox 1213 814 1437 858; x_wconf 81' lang='lat' dir='ltr'>Abraham</span> <span class='ocrx_word' id='word_1_73' title='bbox 1457 809 1563 858; x_wconf 86' lang='lat' dir='ltr'>dicit</span> <span class='ocrx_word' id='word_1_74' title='bbox 1587 814 1808 873; x_wconf 86' lang='lat' dir='ltr'>Scriptura</span> <span class='ocrx_word' id='word_1_75' title='bbox 1827 848 1838 869; x_wconf 87' lang='lat'>,</span> 
     </span>
    </p>
   </div>
   <div class='ocr_carea' id='block_1_4' title="bbox 456 882 1915 1015">
    <p class='ocr_par' dir='ltr' id='par_1_4' title="bbox 456 876 1915 1015">
     <span class='ocr_line' id='line_1_9' title="bbox 456 882 1909 946; baseline -0.002 -16"><span class='ocrx_word' id='word_1_76' title='bbox 456 886 556 946; x_wconf 87' lang='lat' dir='ltr'>quia</span> <span class='ocrx_word' id='word_1_77' title='bbox 579 886 773 930; x_wconf 88' lang='lat' dir='ltr'>habebat</span> <span class='ocrx_word' id='word_1_78' title='bbox 793 885 864 929; x_wconf 86' lang='lat' dir='ltr'>hie</span> <span class='ocrx_word' id='word_1_79' title='bbox 886 884 1124 944; x_wconf 80' lang='lat' dir='ltr'>plurimum</span> <span class='ocrx_word' id='word_1_80' title='bbox 1152 884 1245 928; x_wconf 88' lang='lat' dir='ltr'>auri</span> <span class='ocrx_word' id='word_1_81' title='bbox 1268 893 1311 928; x_wconf 90' lang='lat' dir='ltr'>et</span> <span class='ocrx_word' id='word_1_82' title='bbox 1333 884 1525 943; x_wconf 82' lang='lat' dir='ltr'>argenti,</span> <span class='ocrx_word' id='word_1_83' title='bbox 1555 893 1598 928; x_wconf 86' lang='lat' dir='ltr'>et</span> <span class='ocrx_word' id='word_1_84' title='bbox 1619 883 1739 927; x_wconf 90' lang='lat' dir='ltr'>dives</span> <span class='ocrx_word' id='word_1_85' title='bbox 1759 882 1844 927; x_wconf 85' lang='lat' dir='ltr'>fuit</span> <span class='ocrx_word' id='word_1_86' title='bbox 1906 924 1909 941; x_wconf 60' lang='lat'>‚</span> 
     </span>
     <span class='ocr_line' id='line_1_10' title="bbox 457 951 1915 1015; baseline -0.002 -15"><span class='ocrx_word' id='word_1_87' title='bbox 457 958 503 1000; x_wconf 90' lang='lat' dir='ltr'>in</span> <span class='ocrx_word' id='word_1_88' title='bbox 519 959 672 1000; x_wconf 72' lang='lat' dir='ltr'>terra2.</span> <span class='ocrx_word' id='word_1_89' title='bbox 702 956 743 1001; x_wconf 92' lang='lat' dir='ltr'>Si</span> <span class='ocrx_word' id='word_1_90' title='bbox 761 956 837 1015; x_wconf 85' lang='lat' dir='ltr'>qui</span> <span class='ocrx_word' id='word_1_91' title='bbox 855 954 973 999; x_wconf 88' lang='lat' dir='ltr'>dives</span> <span class='ocrx_word' id='word_1_92' title='bbox 996 964 1076 1009; x_wconf 82' lang='lat' dir='ltr'>est,</span> <span class='ocrx_word' id='word_1_93' title='bbox 1094 954 1149 999; x_wconf 89' lang='lat' dir='ltr'>ad</span> <span class='ocrx_word' id='word_1_94' title='bbox 1169 964 1383 999; x_wconf 87' lang='lat' dir='ltr'>tormenta</span> <span class='ocrx_word' id='word_1_95' title='bbox 1407 957 1574 1014; x_wconf 82' lang='lat' dir='ltr'>rapitur</span> <span class='ocrx_word' id='word_1_96' title='bbox 1590 975 1601 1012; x_wconf 82' lang='lat'>3</span> <span class='ocrx_word' id='word_1_97' title='bbox 1620 952 1844 1014; x_wconf 85' lang='lat' dir='ltr'>quomodo</span> <span class='ocrx_word' id='word_1_98' title='bbox 1910 951 1915 974; x_wconf 67' lang='lat'>³</span> 
     </span>
    </p>
   </div>
   <div class='ocr_carea' id='block_1_5' title="bbox 457 1025 1842 1086">
    <p class='ocr_par' dir='ltr' id='par_1_5' title="bbox 457 1025 1842 1086">
     <span class='ocr_line' id='line_1_11' title="bbox 457 1025 1842 1086; baseline -0.003 -15"><span class='ocrx_word' id='word_1_99' title='bbox 457 1027 678 1072; x_wconf 83' lang='lat' dir='ltr'>Abraham</span> <span class='ocrx_word' id='word_1_100' title='bbox 704 1036 978 1086; x_wconf 80' lang='lat' dir='ltr'>praecesserat</span> <span class='ocrx_word' id='word_1_101' title='bbox 1003 1041 1237 1085; x_wconf 80' lang='lat' dir='ltr'>pauperem</span> <span class='ocrx_word' id='word_1_102' title='bbox 1256 1061 1266 1080; x_wconf 87' lang='lat'>,</span> <span class='ocrx_word' id='word_1_103' title='bbox 1299 1035 1348 1069; x_wconf 93' lang='lat' dir='ltr'>ut</span> <span class='ocrx_word' id='word_1_104' title='bbox 1384 1025 1580 1069; x_wconf 89' lang='lat' dir='ltr'>ablatum</span> <span class='ocrx_word' id='word_1_105' title='bbox 1621 1025 1667 1068; x_wconf 88' lang='lat' dir='ltr'>in</span> <span class='ocrx_word' id='word_1_106' title='bbox 1699 1025 1842 1068; x_wconf 92' lang='lat' dir='ltr'>sinum</span> 
     </span>
    </p>
   </div>
   <div class='ocr_carea' id='block_1_6' title="bbox 457 1085 1916 1160">
    <p class='ocr_par' dir='ltr' id='par_1_6' title="bbox 457 1085 1916 1160">
     <span class='ocr_line' id='line_1_12' title="bbox 457 1085 1916 1160; baseline -0.003 -18"><span class='ocrx_word' id='word_1_107' title='bbox 457 1102 584 1142; x_wconf 80' lang='lat' dir='ltr'>suum</span> <span class='ocrx_word' id='word_1_108' title='bbox 602 1097 864 1156; x_wconf 79' lang='lat' dir='ltr'>susciperet?</span> <span class='ocrx_word' id='word_1_109' title='bbox 885 1097 970 1141; x_wconf 85' lang='lat' dir='ltr'>Sed</span> <span class='ocrx_word' id='word_1_110' title='bbox 983 1106 1075 1141; x_wconf 84' lang='lat' dir='ltr'>erat</span> <span class='ocrx_word' id='word_1_111' title='bbox 1087 1097 1306 1141; x_wconf 82' lang='lat' dir='ltr'>Abraham</span> <span class='ocrx_word' id='word_1_112' title='bbox 1322 1096 1368 1139; x_wconf 93' lang='lat' dir='ltr'>in</span> <span class='ocrx_word' id='word_1_113' title='bbox 1386 1095 1544 1140; x_wconf 84' lang='lat' dir='ltr'>divitiis</span> <span class='ocrx_word' id='word_1_114' title='bbox 1567 1109 1749 1155; x_wconf 82' lang='lat' dir='ltr'>pauper,</span> <span class='ocrx_word' id='word_1_115' title='bbox 1764 1095 1857 1138; x_wconf 79' lang='lat' dir='ltr'>hu--</span> <span class='ocrx_word' id='word_1_116' title='bbox 1910 1085 1916 1160; x_wconf 50' lang='grc' dir='ltr'>Ξ</span> 
     </span>
    </p>
   </div>
   <div class='ocr_carea' id='block_1_7' title="bbox 456 1165 1846 1437">
    <p class='ocr_par' dir='ltr' id='par_1_7' title="bbox 456 1165 1846 1437">
     <span class='ocr_line' id='line_1_13' title="bbox 456 1165 1844 1226; baseline -0.003 -14"><span class='ocrx_word' id='word_1_117' title='bbox 456 1168 583 1223; x_wconf 80' lang='lat' dir='ltr'>milis,</span> <span class='ocrx_word' id='word_1_118' title='bbox 598 1177 786 1211; x_wconf 88' lang='lat' dir='ltr'>tremens</span> <span class='ocrx_word' id='word_1_119' title='bbox 811 1167 954 1212; x_wconf 87' lang='lat' dir='ltr'>omnia</span> <span class='ocrx_word' id='word_1_120' title='bbox 977 1177 1212 1226; x_wconf 65' lang='lat' dir='ltr'>praecepta,</span> <span class='ocrx_word' id='word_1_121' title='bbox 1234 1176 1276 1210; x_wconf 91' lang='lat' dir='ltr'>et</span> <span class='ocrx_word' id='word_1_122' title='bbox 1294 1165 1548 1210; x_wconf 86' lang='lat' dir='ltr'>obaudiens.</span> <span class='ocrx_word' id='word_1_123' title='bbox 1568 1168 1713 1225; x_wconf 83' lang='lat' dir='ltr'>Usque</span> <span class='ocrx_word' id='word_1_124' title='bbox 1734 1165 1844 1208; x_wconf 87' lang='lat' dir='ltr'>adeo</span> 
     </span>
     <span class='ocr_line' id='line_1_14' title="bbox 456 1235 1845 1298; baseline -0.002 -16"><span class='ocrx_word' id='word_1_125' title='bbox 456 1247 600 1282; x_wconf 89' lang='lat' dir='ltr'>autem</span> <span class='ocrx_word' id='word_1_126' title='bbox 615 1254 694 1298; x_wconf 87' lang='lat' dir='ltr'>pro</span> <span class='ocrx_word' id='word_1_127' title='bbox 716 1238 853 1282; x_wconf 79' lang='lat' dir='ltr'>nihilo</span> <span class='ocrx_word' id='word_1_128' title='bbox 866 1238 1060 1282; x_wconf 84' lang='lat' dir='ltr'>habebat</span> <span class='ocrx_word' id='word_1_129' title='bbox 1081 1237 1176 1281; x_wconf 80' lang='lat' dir='ltr'>illas</span> <span class='ocrx_word' id='word_1_130' title='bbox 1194 1237 1380 1291; x_wconf 69' lang='lat' dir='ltr'>divitias,</span> <span class='ocrx_word' id='word_1_131' title='bbox 1396 1246 1446 1280; x_wconf 90' lang='lat' dir='ltr'>ut</span> <span class='ocrx_word' id='word_1_132' title='bbox 1464 1238 1607 1296; x_wconf 85' lang='lat' dir='ltr'>jussus</span> <span class='ocrx_word' id='word_1_133' title='bbox 1622 1252 1645 1280; x_wconf 89' lang='lat' dir='ltr'>a</span> <span class='ocrx_word' id='word_1_134' title='bbox 1660 1235 1845 1279; x_wconf 90' lang='lat' dir='ltr'>Domino</span> 
     </span>
     <span class='ocr_line' id='line_1_15' title="bbox 456 1305 1846 1362; baseline -0.001 -11"><span class='ocrx_word' id='word_1_135' title='bbox 456 1308 596 1351; x_wconf 87' lang='lat' dir='ltr'>filium</span> <span class='ocrx_word' id='word_1_136' title='bbox 625 1324 752 1351; x_wconf 89' lang='lat' dir='ltr'>suum</span> <span class='ocrx_word' id='word_1_137' title='bbox 782 1306 1028 1351; x_wconf 90' lang='lat' dir='ltr'>immolaret</span> <span class='ocrx_word' id='word_1_138' title='bbox 1047 1309 1062 1332; x_wconf 76' lang='lat'><strong>3</strong></span> <span class='ocrx_word' id='word_1_139' title='bbox 1081 1342 1092 1362; x_wconf 84' lang='lat'>,</span> <span class='ocrx_word' id='word_1_140' title='bbox 1125 1307 1197 1351; x_wconf 88' lang='lat' dir='ltr'>cui</span> <span class='ocrx_word' id='word_1_141' title='bbox 1227 1306 1425 1351; x_wconf 85' lang='lat' dir='ltr'>servabat</span> <span class='ocrx_word' id='word_1_142' title='bbox 1462 1306 1649 1350; x_wconf 86' lang='lat' dir='ltr'>divitias.</span> <span class='ocrx_word' id='word_1_143' title='bbox 1688 1305 1846 1349; x_wconf 85' lang='lat' dir='ltr'>Discite</span> 
     </span>
     <span class='ocr_line' id='line_1_16' title="bbox 457 1375 1845 1437; baseline -0.002 -15"><span class='ocrx_word' id='word_1_144' title='bbox 457 1393 558 1436; x_wconf 84' lang='lat' dir='ltr'>ergo</span> <span class='ocrx_word' id='word_1_145' title='bbox 589 1394 678 1422; x_wconf 88' lang='lat' dir='ltr'>esse</span> <span class='ocrx_word' id='word_1_146' title='bbox 700 1379 850 1437; x_wconf 85' lang='lat' dir='ltr'>inopes</span> <span class='ocrx_word' id='word_1_147' title='bbox 872 1387 915 1421; x_wconf 89' lang='lat' dir='ltr'>et</span> <span class='ocrx_word' id='word_1_148' title='bbox 937 1393 1148 1437; x_wconf 86' lang='lat' dir='ltr'>pauperes</span> <span class='ocrx_word' id='word_1_149' title='bbox 1165 1413 1176 1432; x_wconf 86' lang='lat'>‚</span> <span class='ocrx_word' id='word_1_150' title='bbox 1204 1378 1292 1422; x_wconf 90' lang='lat' dir='ltr'>sive</span> <span class='ocrx_word' id='word_1_151' title='bbox 1317 1377 1394 1437; x_wconf 88' lang='lat' dir='ltr'>qui</span> <span class='ocrx_word' id='word_1_152' title='bbox 1418 1377 1589 1421; x_wconf 86' lang='lat' dir='ltr'>habetis</span> <span class='ocrx_word' id='word_1_153' title='bbox 1612 1375 1778 1436; x_wconf 91' lang='lat' dir='ltr'>aliquid</span> <span class='ocrx_word' id='word_1_154' title='bbox 1798 1376 1845 1419; x_wconf 90' lang='lat' dir='ltr'>in</span> 
     </span>
    </p>
   </div>
   <div class='ocr_carea' id='block_1_8' title="bbox 456 1446 1919 1515">
    <p class='ocr_par' dir='ltr' id='par_1_8' title="bbox 456 1446 1919 1515">
     <span class='ocr_line' id='line_1_17' title="bbox 456 1446 1919 1515; baseline -0.003 -22"><span class='ocrx_word' id='word_1_155' title='bbox 456 1450 539 1494; x_wconf 86' lang='lat' dir='ltr'>isto</span> <span class='ocrx_word' id='word_1_156' title='bbox 557 1448 717 1493; x_wconf 85' lang='lat' dir='ltr'>saeculo</span> <span class='ocrx_word' id='word_1_157' title='bbox 731 1484 741 1504; x_wconf 81' lang='lat'>,</span> <span class='ocrx_word' id='word_1_158' title='bbox 762 1449 850 1492; x_wconf 89' lang='lat' dir='ltr'>sive</span> <span class='ocrx_word' id='word_1_159' title='bbox 867 1449 942 1508; x_wconf 86' lang='lat' dir='ltr'>qui</span> <span class='ocrx_word' id='word_1_160' title='bbox 960 1464 1050 1493; x_wconf 91' lang='lat' dir='ltr'>non</span> <span class='ocrx_word' id='word_1_161' title='bbox 1072 1448 1258 1492; x_wconf 83' lang='lat' dir='ltr'>habetis.</span> <span class='ocrx_word' id='word_1_162' title='bbox 1284 1451 1393 1492; x_wconf 82' lang='lat' dir='ltr'>Nam</span> <span class='ocrx_word' id='word_1_163' title='bbox 1413 1456 1457 1491; x_wconf 90' lang='lat' dir='ltr'>et</span> <span class='ocrx_word' id='word_1_164' title='bbox 1479 1446 1701 1491; x_wconf 88' lang='lat' dir='ltr'>hominem</span> <span class='ocrx_word' id='word_1_165' title='bbox 1723 1461 1846 1490; x_wconf 89' lang='lat' dir='ltr'>men·</span> <span class='ocrx_word' id='word_1_166' title='bbox 1897 1464 1919 1515; x_wconf 61' lang='lat' dir='ltr'>⁸ss</span> 
     </span>
    </p>
   </div>
   <div class='ocr_carea' id='block_1_9' title="bbox 453 1516 1846 1792">
    <p class='ocr_par' dir='ltr' id='par_1_9' title="bbox 453 1516 1846 1792">
     <span class='ocr_line' id='line_1_18' title="bbox 456 1516 1844 1578; baseline -0.002 -15"><span class='ocrx_word' id='word_1_167' title='bbox 456 1520 604 1565; x_wconf 88' lang='lat' dir='ltr'>dicum</span> <span class='ocrx_word' id='word_1_168' title='bbox 630 1520 797 1564; x_wconf 85' lang='lat' dir='ltr'>invenis</span> <span class='ocrx_word' id='word_1_169' title='bbox 820 1519 1144 1578; x_wconf 85' lang='lat' dir='ltr'>superbientem</span> <span class='ocrx_word' id='word_1_170' title='bbox 1161 1554 1172 1574; x_wconf 83' lang='lat'><strong>‚</strong></span> <span class='ocrx_word' id='word_1_171' title='bbox 1204 1528 1247 1562; x_wconf 87' lang='lat' dir='ltr'>et</span> <span class='ocrx_word' id='word_1_172' title='bbox 1267 1519 1492 1562; x_wconf 84' lang='lat' dir='ltr'>hominem</span> <span class='ocrx_word' id='word_1_173' title='bbox 1514 1517 1752 1561; x_wconf 85' lang='lat' dir='ltr'>habentem</span> <span class='ocrx_word' id='word_1_174' title='bbox 1775 1516 1844 1561; x_wconf 87' lang='lat' dir='ltr'>di-</span> 
     </span>
     <span class='ocr_line' id='line_1_19' title="bbox 453 1587 1846 1648; baseline -0.002 -14"><span class='ocrx_word' id='word_1_175' title='bbox 453 1591 577 1635; x_wconf 87' lang='lat' dir='ltr'>vitias</span> <span class='ocrx_word' id='word_1_176' title='bbox 598 1591 763 1635; x_wconf 87' lang='lat' dir='ltr'>invenis</span> <span class='ocrx_word' id='word_1_177' title='bbox 781 1591 1078 1634; x_wconf 89' lang='lat' dir='ltr'>confitentem.</span> <span class='ocrx_word' id='word_1_178' title='bbox 1092 1589 1268 1633; x_wconf 84' lang='lat' dir='ltr'>Resistit</span> <span class='ocrx_word' id='word_1_179' title='bbox 1288 1591 1403 1633; x_wconf 86' lang='lat' dir='ltr'>Deus</span> <span class='ocrx_word' id='word_1_180' title='bbox 1425 1587 1638 1648; x_wconf 87' lang='lat' dir='ltr'>superbis,</span> <span class='ocrx_word' id='word_1_181' title='bbox 1655 1596 1699 1631; x_wconf 89' lang='lat' dir='ltr'>et</span> <span class='ocrx_word' id='word_1_182' title='bbox 1719 1587 1846 1632; x_wconf 89' lang='lat' dir='ltr'>holo-</span> 
     </span>
     <span class='ocr_line' id='line_1_20' title="bbox 455 1659 1846 1721; baseline -0.002 -15"><span class='ocrx_word' id='word_1_183' title='bbox 455 1662 643 1706; x_wconf 86' lang='lat' dir='ltr'>sericatis</span> <span class='ocrx_word' id='word_1_184' title='bbox 666 1672 708 1706; x_wconf 88' lang='lat' dir='ltr'>et</span> <span class='ocrx_word' id='word_1_185' title='bbox 731 1662 932 1721; x_wconf 89' lang='lat' dir='ltr'>pannosis</span> <span class='ocrx_word' id='word_1_186' title='bbox 955 1681 963 1705; x_wconf 91' lang='lat'>:</span> <span class='ocrx_word' id='word_1_187' title='bbox 995 1660 1237 1705; x_wconf 86' lang='lat' dir='ltr'>humilibus</span> <span class='ocrx_word' id='word_1_188' title='bbox 1266 1669 1413 1704; x_wconf 87' lang='lat' dir='ltr'>autem</span> <span class='ocrx_word' id='word_1_189' title='bbox 1438 1659 1512 1704; x_wconf 86' lang='lat' dir='ltr'>dat</span> <span class='ocrx_word' id='word_1_190' title='bbox 1540 1659 1777 1717; x_wconf 67' lang='lat' dir='ltr'>gratiam‘1,</span> <span class='ocrx_word' id='word_1_191' title='bbox 1802 1668 1846 1703; x_wconf 90' lang='lat' dir='ltr'>et</span> 
     </span>
     <span class='ocr_line' id='line_1_21' title="bbox 455 1731 1845 1792; baseline -0.001 -16"><span class='ocrx_word' id='word_1_192' title='bbox 455 1733 719 1777; x_wconf 82' lang='lat' dir='ltr'>habentibus</span> <span class='ocrx_word' id='word_1_193' title='bbox 739 1732 931 1792; x_wconf 87' lang='lat' dir='ltr'>aliquam</span> <span class='ocrx_word' id='word_1_194' title='bbox 953 1732 1238 1777; x_wconf 85' lang='lat' dir='ltr'>substantiam</span> <span class='ocrx_word' id='word_1_195' title='bbox 1259 1733 1388 1791; x_wconf 83' lang='lat' dir='ltr'>hujus</span> <span class='ocrx_word' id='word_1_196' title='bbox 1412 1731 1560 1775; x_wconf 83' lang='lat' dir='ltr'>saeculi</span> <span class='ocrx_word' id='word_1_197' title='bbox 1581 1739 1624 1775; x_wconf 86' lang='lat' dir='ltr'>et</span> <span class='ocrx_word' id='word_1_198' title='bbox 1652 1746 1743 1775; x_wconf 72' lang='lat' dir='ltr'>non</span> <span class='ocrx_word' id='word_1_199' title='bbox 1763 1731 1845 1775; x_wconf 89' lang='lat' dir='ltr'>ha-</span> 
     </span>
    </p>
   </div>
   <div class='ocr_carea' id='block_1_10' title="bbox 455 1801 1859 1864">
    <p class='ocr_par' dir='ltr' id='par_1_10' title="bbox 455 1801 1859 1864">
     <span class='ocr_line' id='line_1_22' title="bbox 455 1801 1859 1864; baseline -0.002 -17"><span class='ocrx_word' id='word_1_200' title='bbox 455 1803 677 1848; x_wconf 87' lang='lat' dir='ltr'>bentibus.</span> <span class='ocrx_word' id='word_1_201' title='bbox 704 1804 889 1848; x_wconf 86' lang='lat' dir='ltr'>Interior</span> <span class='ocrx_word' id='word_1_202' title='bbox 915 1805 1132 1864; x_wconf 86' lang='lat' dir='ltr'>inspector</span> <span class='ocrx_word' id='word_1_203' title='bbox 1164 1812 1229 1847; x_wconf 89' lang='lat' dir='ltr'>est</span> <span class='ocrx_word' id='word_1_204' title='bbox 1258 1807 1371 1847; x_wconf 85' lang='lat' dir='ltr'>Deus</span> <span class='ocrx_word' id='word_1_205' title='bbox 1397 1821 1405 1846; x_wconf 93' lang='lat'>:</span> <span class='ocrx_word' id='word_1_206' title='bbox 1433 1802 1493 1845; x_wconf 87' lang='lat' dir='ltr'>ibi</span> <span class='ocrx_word' id='word_1_207' title='bbox 1520 1801 1729 1861; x_wconf 80' lang='lat' dir='ltr'>appendit</span> <span class='ocrx_word' id='word_1_208' title='bbox 1747 1837 1758 1857; x_wconf 81' lang='lat'>‚</span> <span class='ocrx_word' id='word_1_209' title='bbox 1783 1802 1859 1845; x_wconf 89' lang='lat' dir='ltr'>ibi.</span> 
     </span>
    </p>
   </div>
   <div class='ocr_carea' id='block_1_11' title="bbox 437 1871 1846 2569">
    <p class='ocr_par' dir='ltr' id='par_1_11' title="bbox 437 1871 1846 2482">
     <span class='ocr_line' id='line_1_23' title="bbox 455 1871 1846 1931; baseline -0.001 -14"><span class='ocrx_word' id='word_1_210' title='bbox 455 1874 672 1918; x_wconf 82' lang='lat' dir='ltr'>examinat</span> <span class='ocrx_word' id='word_1_211' title='bbox 692 1894 701 1918; x_wconf 80' lang='lat' dir='ltr'><em>z</em></span> <span class='ocrx_word' id='word_1_212' title='bbox 727 1883 930 1918; x_wconf 85' lang='lat' dir='ltr'>stateram</span> <span class='ocrx_word' id='word_1_213' title='bbox 952 1874 1031 1918; x_wconf 89' lang='lat' dir='ltr'>Dei</span> <span class='ocrx_word' id='word_1_214' title='bbox 1053 1890 1141 1918; x_wconf 89' lang='lat' dir='ltr'>non</span> <span class='ocrx_word' id='word_1_215' title='bbox 1162 1873 1280 1918; x_wconf 89' lang='lat' dir='ltr'>vides</span> <span class='ocrx_word' id='word_1_216' title='bbox 1297 1909 1307 1928; x_wconf 81' lang='lat'>‚</span> <span class='ocrx_word' id='word_1_217' title='bbox 1335 1873 1539 1931; x_wconf 81' lang='lat' dir='ltr'>cogitatio</span> <span class='ocrx_word' id='word_1_218' title='bbox 1563 1881 1638 1916; x_wconf 86' lang='lat' dir='ltr'>tua</span> <span class='ocrx_word' id='word_1_219' title='bbox 1659 1872 1704 1916; x_wconf 92' lang='lat' dir='ltr'>in</span> <span class='ocrx_word' id='word_1_220' title='bbox 1725 1871 1846 1916; x_wconf 87' lang='lat' dir='ltr'>illam</span> 
     </span>
     <span class='ocr_line' id='line_1_24' title="bbox 455 1941 1840 2004; baseline -0.001 -17"><span class='ocrx_word' id='word_1_221' title='bbox 455 1943 638 1989; x_wconf 87' lang='lat' dir='ltr'>levatur.</span> <span class='ocrx_word' id='word_1_222' title='bbox 670 1943 826 1988; x_wconf 87' lang='lat' dir='ltr'>Videte</span> <span class='ocrx_word' id='word_1_223' title='bbox 847 1945 948 2004; x_wconf 89' lang='lat' dir='ltr'>quia</span> <span class='ocrx_word' id='word_1_224' title='bbox 977 1944 1183 1988; x_wconf 88' lang='lat' dir='ltr'>meritum</span> <span class='ocrx_word' id='word_1_225' title='bbox 1216 1942 1502 1987; x_wconf 81' lang='lat' dir='ltr'>exauditionis</span> <span class='ocrx_word' id='word_1_226' title='bbox 1531 1959 1620 1987; x_wconf 84' lang='lat' dir='ltr'>suae</span> <span class='ocrx_word' id='word_1_227' title='bbox 1637 1977 1648 1998; x_wconf 89' lang='lat'>‚</span> <span class='ocrx_word' id='word_1_228' title='bbox 1672 1941 1718 1986; x_wconf 90' lang='lat' dir='ltr'>id</span> <span class='ocrx_word' id='word_1_229' title='bbox 1749 1951 1840 1998; x_wconf 84' lang='lat' dir='ltr'>est,</span> 
     </span>
     <span class='ocr_line' id='line_1_25' title="bbox 454 2013 1845 2076; baseline -0.001 -17"><span class='ocrx_word' id='word_1_230' title='bbox 454 2031 543 2076; x_wconf 90' lang='lat' dir='ltr'>quo</span> <span class='ocrx_word' id='word_1_231' title='bbox 561 2015 863 2071; x_wconf 75' lang='lat' dir='ltr'>exaudiretur,</span> <span class='ocrx_word' id='word_1_232' title='bbox 884 2016 929 2059; x_wconf 89' lang='lat' dir='ltr'>in</span> <span class='ocrx_word' id='word_1_233' title='bbox 946 2032 998 2060; x_wconf 83' lang='lat' dir='ltr'>eo</span> <span class='ocrx_word' id='word_1_234' title='bbox 1014 2015 1160 2075; x_wconf 88' lang='lat' dir='ltr'>posuit</span> <span class='ocrx_word' id='word_1_235' title='bbox 1182 2024 1232 2058; x_wconf 90' lang='lat' dir='ltr'>ut</span> <span class='ocrx_word' id='word_1_236' title='bbox 1252 2014 1415 2059; x_wconf 87' lang='lat' dir='ltr'>diceret</span> <span class='ocrx_word' id='word_1_237' title='bbox 1436 2034 1444 2058; x_wconf 90' lang='lat'>:</span> <span class='ocrx_word' id='word_1_238' title='bbox 1475 2033 1496 2056; x_wconf 86' lang='grc'>«</span> <span class='ocrx_word' id='word_1_239' title='bbox 1515 2013 1734 2067; x_wconf 89' lang='lat' dir='ltr'>Quoniam</span> <span class='ocrx_word' id='word_1_240' title='bbox 1751 2029 1845 2073; x_wconf 85' lang='lat' dir='ltr'>ege-</span> 
     </span>
     <span class='ocr_line' id='line_1_26' title="bbox 457 2086 1846 2146; baseline 0.001 -19"><span class='ocrx_word' id='word_1_241' title='bbox 457 2104 478 2128; x_wconf 88' lang='lat'>»</span> <span class='ocrx_word' id='word_1_242' title='bbox 513 2102 596 2130; x_wconf 90' lang='lat' dir='ltr'>nus</span> <span class='ocrx_word' id='word_1_243' title='bbox 617 2096 661 2130; x_wconf 88' lang='lat' dir='ltr'>et</span> <span class='ocrx_word' id='word_1_244' title='bbox 686 2087 812 2146; x_wconf 92' lang='lat' dir='ltr'>inops</span> <span class='ocrx_word' id='word_1_245' title='bbox 835 2102 914 2144; x_wconf 88' lang='lat' dir='ltr'>ego</span> <span class='ocrx_word' id='word_1_246' title='bbox 936 2102 1049 2131; x_wconf 90' lang='lat' dir='ltr'>sum.</span> <span class='ocrx_word' id='word_1_247' title='bbox 1077 2104 1097 2127; x_wconf 92' lang='lat'>»</span> <span class='ocrx_word' id='word_1_248' title='bbox 1123 2086 1316 2130; x_wconf 90' lang='lat' dir='ltr'>Observa</span> <span class='ocrx_word' id='word_1_249' title='bbox 1341 2101 1396 2129; x_wconf 88' lang='lat' dir='ltr'>ne</span> <span class='ocrx_word' id='word_1_250' title='bbox 1425 2101 1515 2129; x_wconf 90' lang='lat' dir='ltr'>non</span> <span class='ocrx_word' id='word_1_251' title='bbox 1536 2086 1590 2129; x_wconf 88' lang='lat' dir='ltr'>sis</span> <span class='ocrx_word' id='word_1_252' title='bbox 1616 2099 1779 2143; x_wconf 81' lang='lat' dir='ltr'>egenus</span> <span class='ocrx_word' id='word_1_253' title='bbox 1801 2093 1846 2129; x_wconf 85' lang='lat' dir='ltr'>et</span> 
     </span>
     <span class='ocr_line' id='line_1_27' title="bbox 453 2155 1844 2216; baseline -0.001 -16"><span class='ocrx_word' id='word_1_254' title='bbox 453 2157 579 2216; x_wconf 88' lang='lat' dir='ltr'>inops</span> <span class='ocrx_word' id='word_1_255' title='bbox 606 2177 614 2201; x_wconf 94' lang='lat'>:</span> <span class='ocrx_word' id='word_1_256' title='bbox 646 2157 680 2200; x_wconf 91' lang='lat' dir='ltr'>si</span> <span class='ocrx_word' id='word_1_257' title='bbox 703 2173 793 2201; x_wconf 92' lang='lat' dir='ltr'>non</span> <span class='ocrx_word' id='word_1_258' title='bbox 815 2156 975 2214; x_wconf 75' lang='lat' dir='ltr'>fueris,</span> <span class='ocrx_word' id='word_1_259' title='bbox 1000 2172 1090 2200; x_wconf 92' lang='lat' dir='ltr'>non</span> <span class='ocrx_word' id='word_1_260' title='bbox 1112 2156 1368 2200; x_wconf 76' lang='lat' dir='ltr'>exaudieris.</span> <span class='ocrx_word' id='word_1_261' title='bbox 1395 2155 1619 2216; x_wconf 82' lang='lat' dir='ltr'>Quidquid</span> <span class='ocrx_word' id='word_1_262' title='bbox 1640 2165 1704 2199; x_wconf 90' lang='lat' dir='ltr'>est</span> <span class='ocrx_word' id='word_1_263' title='bbox 1731 2155 1844 2200; x_wconf 85' lang='lat' dir='ltr'>circa</span> 
     </span>
     <span class='ocr_line' id='line_1_28' title="bbox 454 2227 1844 2287; baseline -0.001 -16"><span class='ocrx_word' id='word_1_264' title='bbox 454 2236 497 2271; x_wconf 88' lang='lat' dir='ltr'>te</span> <span class='ocrx_word' id='word_1_265' title='bbox 518 2227 588 2272; x_wconf 89' lang='lat' dir='ltr'>vel</span> <span class='ocrx_word' id='word_1_266' title='bbox 605 2228 650 2271; x_wconf 91' lang='lat' dir='ltr'>in</span> <span class='ocrx_word' id='word_1_267' title='bbox 667 2237 710 2272; x_wconf 88' lang='lat' dir='ltr'>te</span> <span class='ocrx_word' id='word_1_268' title='bbox 731 2228 852 2271; x_wconf 79' lang='lat' dir='ltr'>unde</span> <span class='ocrx_word' id='word_1_269' title='bbox 869 2228 1003 2287; x_wconf 84' lang='lat' dir='ltr'>possis</span> <span class='ocrx_word' id='word_1_270' title='bbox 1025 2242 1303 2287; x_wconf 67' lang='lat' dir='ltr'>praesumere,</span> <span class='ocrx_word' id='word_1_271' title='bbox 1324 2227 1462 2286; x_wconf 85' lang='lat' dir='ltr'>abjice</span> <span class='ocrx_word' id='word_1_272' title='bbox 1483 2243 1506 2271; x_wconf 87' lang='lat' dir='ltr'>a</span> <span class='ocrx_word' id='word_1_273' title='bbox 1525 2236 1567 2271; x_wconf 91' lang='lat' dir='ltr'>te</span> <span class='ocrx_word' id='word_1_274' title='bbox 1585 2247 1596 2284; x_wconf 78' lang='lat'><em>3</em></span> <span class='ocrx_word' id='word_1_275' title='bbox 1623 2235 1713 2271; x_wconf 85' lang='lat' dir='ltr'>tota</span> <span class='ocrx_word' id='word_1_276' title='bbox 1729 2241 1844 2286; x_wconf 86' lang='lat' dir='ltr'>prae-</span> 
     </span>
     <span class='ocr_line' id='line_1_29' title="bbox 454 2296 1844 2357; baseline -0.001 -15"><span class='ocrx_word' id='word_1_277' title='bbox 454 2299 644 2357; x_wconf 87' lang='lat' dir='ltr'>sumptio</span> <span class='ocrx_word' id='word_1_278' title='bbox 675 2307 750 2342; x_wconf 85' lang='lat' dir='ltr'>tua</span> <span class='ocrx_word' id='word_1_279' title='bbox 784 2301 898 2342; x_wconf 90' lang='lat' dir='ltr'>Deus</span> <span class='ocrx_word' id='word_1_280' title='bbox 932 2298 987 2342; x_wconf 84' lang='lat' dir='ltr'>sit</span> <span class='ocrx_word' id='word_1_281' title='bbox 1017 2317 1026 2342; x_wconf 78' lang='lat'>2</span> <span class='ocrx_word' id='word_1_282' title='bbox 1062 2296 1178 2340; x_wconf 88' lang='lat' dir='ltr'>illius</span> <span class='ocrx_word' id='word_1_283' title='bbox 1201 2297 1398 2356; x_wconf 83' lang='lat' dir='ltr'>indigens</span> <span class='ocrx_word' id='word_1_284' title='bbox 1421 2307 1539 2352; x_wconf 87' lang='lat' dir='ltr'>esto,</span> <span class='ocrx_word' id='word_1_285' title='bbox 1569 2306 1620 2341; x_wconf 89' lang='lat' dir='ltr'>ut</span> <span class='ocrx_word' id='word_1_286' title='bbox 1642 2297 1736 2356; x_wconf 89' lang='lat' dir='ltr'>ipso</span> <span class='ocrx_word' id='word_1_287' title='bbox 1757 2297 1844 2341; x_wconf 92' lang='lat' dir='ltr'>im-</span> 
     </span>
     <span class='ocr_line' id='line_1_30' title="bbox 437 2367 1843 2428; baseline 0.001 -18"><span class='ocrx_word' id='word_1_288' title='bbox 437 2367 624 2428; x_wconf 81' lang='lat' dir='ltr'>plearis.</span> <span class='ocrx_word' id='word_1_289' title='bbox 655 2367 881 2428; x_wconf 87' lang='lat' dir='ltr'>Quidquid</span> <span class='ocrx_word' id='word_1_290' title='bbox 917 2371 1034 2412; x_wconf 91' lang='lat' dir='ltr'>enim</span> <span class='ocrx_word' id='word_1_291' title='bbox 1062 2367 1181 2412; x_wconf 88' lang='lat' dir='ltr'>aliud</span> <span class='ocrx_word' id='word_1_292' title='bbox 1212 2368 1415 2412; x_wconf 86' lang='lat' dir='ltr'>habueris</span> <span class='ocrx_word' id='word_1_293' title='bbox 1447 2368 1539 2412; x_wconf 89' lang='lat' dir='ltr'>sine</span> <span class='ocrx_word' id='word_1_294' title='bbox 1560 2368 1681 2428; x_wconf 83' lang='lat' dir='ltr'>ipso,</span> <span class='ocrx_word' id='word_1_295' title='bbox 1714 2368 1843 2412; x_wconf 89' lang='lat' dir='ltr'>latius</span> 
     </span>
     <span class='ocr_line' id='line_1_31' title="bbox 452 2453 676 2482; baseline -0.004 0"><span class='ocrx_word' id='word_1_296' title='bbox 452 2454 594 2482; x_wconf 80' lang='lat' dir='ltr'>inanis</span> <span class='ocrx_word' id='word_1_297' title='bbox 617 2453 676 2482; x_wconf 86' lang='lat' dir='ltr'>cs.</span> 
     </span>
    </p>

    <p class='ocr_par' dir='ltr' id='par_1_12' title="bbox 515 2507 1836 2569">
     <span class='ocr_line' id='line_1_32' title="bbox 515 2507 1836 2569; baseline -0.002 -17"><span class='ocrx_word' id='word_1_298' title='bbox 515 2511 590 2552; x_wconf 92' lang='lat' dir='ltr'>IV.</span> <span class='ocrx_word' id='word_1_299' title='bbox 617 2507 835 2553; x_wconf 83' lang='lat' dir='ltr'>«Custodi</span> <span class='ocrx_word' id='word_1_300' title='bbox 853 2509 1042 2552; x_wconf 86' lang='lat' dir='ltr'>animam</span> <span class='ocrx_word' id='word_1_301' title='bbox 1064 2522 1222 2564; x_wconf 82' lang='lat' dir='ltr'>meam,</span> <span class='ocrx_word' id='word_1_302' title='bbox 1248 2509 1456 2569; x_wconf 87' lang='lat' dir='ltr'>quoniam</span> <span class='ocrx_word' id='word_1_303' title='bbox 1480 2518 1652 2553; x_wconf 88' lang='lat' dir='ltr'>sanctus</span> <span class='ocrx_word' id='word_1_304' title='bbox 1668 2510 1836 2552; x_wconf 75' lang='lat' dir='ltr'>sum5.»</span> 
     </span>
    </p>
   </div>
   <div class='ocr_carea' id='block_1_12' title="bbox 458 2602 1839 2696">
    <p class='ocr_par' dir='ltr' id='par_1_13' title="bbox 458 2602 1839 2696">
     <span class='ocr_line' id='line_1_33' title="bbox 502 2602 1839 2647; baseline 0 -12"><span class='ocrx_word' id='word_1_305' title='bbox 502 2611 511 2626; x_wconf 91' lang='lat'>¹</span> <span class='ocrx_word' id='word_1_306' title='bbox 529 2606 607 2636; x_wconf 87' lang='lat' dir='ltr'>Luc.</span> <span class='ocrx_word' id='word_1_307' title='bbox 623 2615 692 2645; x_wconf 79' lang='lat' dir='ltr'>xvi,</span> <span class='ocrx_word' id='word_1_308' title='bbox 711 2603 831 2647; x_wconf 64' lang='lat'>19—24.</span> <span class='ocrx_word' id='word_1_309' title='bbox 849 2622 890 2627; x_wconf 93' lang='lat'>—</span> <span class='ocrx_word' id='word_1_310' title='bbox 915 2611 928 2626; x_wconf 83' lang='lat'>²</span> <span class='ocrx_word' id='word_1_311' title='bbox 947 2606 1027 2636; x_wconf 86' lang='lat' dir='ltr'>Gen.</span> <span class='ocrx_word' id='word_1_312' title='bbox 1050 2615 1115 2640; x_wconf 58' lang='grc' dir='ltr'>ειη,</span> <span class='ocrx_word' id='word_1_313' title='bbox 1135 2613 1165 2636; x_wconf 74' lang='lat'>2.</span> <span class='ocrx_word' id='word_1_314' title='bbox 1184 2621 1225 2626; x_wconf 90' lang='lat'>—-</span> <span class='ocrx_word' id='word_1_315' title='bbox 1246 2603 1259 2627; x_wconf 88' lang='lat'><em>3</em></span> <span class='ocrx_word' id='word_1_316' title='bbox 1279 2605 1325 2637; x_wconf 89' lang='lat' dir='ltr'>Id.</span> <span class='ocrx_word' id='word_1_317' title='bbox 1347 2615 1424 2645; x_wconf 76' lang='lat' dir='ltr'>xxii,</span> <span class='ocrx_word' id='word_1_318' title='bbox 1447 2615 1496 2636; x_wconf 80' lang='grc' dir='ltr'>ιο.</span> <span class='ocrx_word' id='word_1_319' title='bbox 1519 2622 1558 2626; x_wconf 91' lang='grc'>-</span> <span class='ocrx_word' id='word_1_320' title='bbox 1577 2603 1720 2636; x_wconf 65' lang='lat' dir='ltr'>liJacob.</span> <span class='ocrx_word' id='word_1_321' title='bbox 1746 2614 1792 2644; x_wconf 74' lang='lat' dir='ltr'>iv,</span> <span class='ocrx_word' id='word_1_322' title='bbox 1806 2602 1839 2635; x_wconf 90' lang='grc'>6.</span> 
     </span>
     <span class='ocr_line' id='line_1_34' title="bbox 458 2658 828 2696; baseline 0.003 -5"><span class='ocrx_word' id='word_1_323' title='bbox 458 2678 499 2686; x_wconf 75' lang='lat'>—</span> <span class='ocrx_word' id='word_1_324' title='bbox 520 2658 534 2683; x_wconf 83' lang='lat'><strong><em>5</em></strong></span> <span class='ocrx_word' id='word_1_325' title='bbox 549 2660 626 2692; x_wconf 86' lang='lat' dir='ltr'>Psal.</span> <span class='ocrx_word' id='word_1_326' title='bbox 654 2671 773 2696; x_wconf 68' lang='lat' dir='ltr'>mxxv,</span> <span class='ocrx_word' id='word_1_327' title='bbox 797 2670 828 2692; x_wconf 71' lang='lat'>2.</span> 
     </span>
    </p>
   </div>
   <div class='ocr_carea' id='block_1_13' title="bbox 1890 0 1926 2181">
    <p class='ocr_par' dir='ltr' id='par_1_14' title="bbox 1890 0 1926 2181">
     <span class='ocr_line' id='line_1_35' title="bbox 1890 0 1926 2181; baseline 0 0"><span class='ocrx_word' id='word_1_328' title='bbox 1890 0 1926 2181; x_wconf 95' lang='lat' dir='ltr'> </span> 
     </span>
    </p>
   </div>
  </div>
 </body>
</html>
