1926 3339
446 343 531 381 392
878 352 911 380 s.
949 351 1177 380 AUGUSTIM
1209 351 1390 378 EPISCOPI

1903 381 1906 415 i

446 421 562 464 Deus
584 417 737 471 filium,
754 427 899 463 currat
921 418 1002 462 sub
1025 432 1155 461 manu
1175 416 1310 460 Patris
1327 414 1583 473 flagellantis
1603 433 1613 459 ε
1633 414 1736 474 quia
1753 414 1828 474 qui
1903 433 1906 473 g

445 489 651 548 flagellat,
682 490 736 534 ad
760 488 1058 533 haereditatem
1084 486 1241 530 erudit.
1269 486 1338 531 Ab
1370 484 1624 529 haereditate
1646 500 1739 528 non
1759 501 1829 529 re-
1904 491 1908 540 ,ἐ

445 559 571 620 pellit
598 559 738 603 filium
761 574 910 613 suum,
935 573 1064 619 quem
1090 557 1271 615 castigat
1303 576 1311 600 :
1339 555 1414 600 sed
1435 555 1534 600 ideo
1556 553 1762 615 flagellat,
1783 564 1832 599 ut
1904 555 1907 598 ῗ

444 631 638 689 recipiat.
660 633 757 674 Non
779 630 832 673 sit
854 639 943 673 tam
958 634 1070 673 vano
1095 642 1222 672 sensu
1243 636 1287 671 et
1298 627 1469 687 puerili,
1494 636 1545 670 ut
1566 627 1682 670 dicat
1704 646 1712 671 ε
1730 625 1832 670 Plus
1906 675 1908 690 1

446 710 563 744 amat
584 709 706 759 pater
718 715 839 743 meus
855 698 1033 742 fratrem
1047 713 1209 752 meum,
1229 699 1299 741 cui
1320 697 1532 756 permittit
1550 696 1691 740 facere
1708 696 1833 757 quid·
1906 707 1914 742 Γ·

447 769 557 829 quid
574 769 669 813 vult
695 788 703 814 :
722 784 799 827 ego
822 769 856 813 si
877 784 947 813 me
969 783 1144 813 movero
1161 776 1307 812 contra
1321 767 1558 827 jussionem
1580 766 1713 826 patris
1729 766 1830 821 mei,
1906 791 1909 815 2

447 840 620 900 flagella
646 841 837 885 invenio.
867 844 932 884 Tu
963 839 1103 899 gaude
1126 839 1207 884 sub
1232 837 1411 897 flagellis
1436 858 1445 883 2
1470 838 1572 898 quia
1595 838 1674 882 tibi
1691 853 1835 882 serva-
1908 879 1910 882 .

445 920 519 955 tur
545 912 776 956 haereditas
823 931 831 956 :
876 932 895 953 «
928 912 1036 965 Quia
1073 927 1161 956 non
1195 909 1378 970 repellet
1413 909 1624 954 Dominus
1659 908 1834 968 plebem

449 1000 471 1024 »
505 997 643 1026 suam.
665 1000 684 1023 »
716 981 785 1027 Ad
805 991 975 1042 tempus
994 982 1212 1037 emendat,
1233 996 1323 1025 non
1340 981 1384 1024 in
1407 989 1620 1024 aeternum
1638 979 1831 1024 damnat.
1908 991 1911 1006 ²

446 1052 537 1097 Illis
558 1061 704 1096 autem
727 1053 782 1096 ad
802 1062 973 1112 tempus
997 1053 1152 1112 parcit,
1175 1054 1219 1096 in
1241 1062 1453 1096 aeternum
1470 1050 1567 1095 illos
1589 1049 1828 1094 damnabit.

446 1123 572 1183 Elige
594 1123 675 1168 tibi
697 1143 705 1169 :
727 1123 1011 1184 temporalem
1029 1124 1090 1169 vis
1106 1123 1320 1180 laborem,
1347 1139 1401 1168 an
1415 1122 1718 1182 sempiternam
1741 1137 1835 1181 poe-

448 1196 582 1238 nam?
614 1194 900 1254 temporalem
939 1193 1213 1248 felicitatem,
1252 1211 1306 1238 an
1343 1194 1648 1253 sempiternam
1676 1192 1835 1236 vitam?
1910 1178 1926 1207 ⁴³

448 1263 561 1318 Quid
577 1266 769 1310 minatur
787 1269 900 1310 Deus
915 1267 932 1307 ⁶?
950 1265 1265 1324 Sempiternam
1283 1279 1477 1324 poenam.
1496 1264 1610 1316 Quid
1624 1262 1836 1322 promittit

447 1338 599 1380 Deus?
634 1337 949 1395 Sempiternam
986 1335 1198 1396 requiem.
1238 1338 1290 1379 In
1326 1350 1415 1395 quo
1452 1333 1640 1391 flagellat
1674 1334 1833 1388 bonos,
1909 1359 1911 1363 <

449 1405 690 1465 temporale
710 1416 774 1450 est
798 1426 807 1450 :
832 1407 877 1450 in
899 1422 988 1467 quo
1005 1406 1144 1465 parcit
1160 1405 1300 1461 malis,
1321 1404 1562 1464 temporale
1581 1404 1666 1448 est.'
1683 1423 1703 1446 «
1729 1404 1836 1457 Quia

451 1494 473 1518 »
508 1492 599 1521 non
634 1476 814 1537 repellet
844 1479 1054 1522 Dominus
1084 1476 1255 1537 plebem
1289 1491 1434 1530 suam,
1469 1485 1513 1520 et
1538 1475 1837 1520 haereditatem

452 1566 473 1588 »
509 1564 632 1592 suam
654 1564 742 1592 non
759 1547 1049 1608 derelinquet.
1080 1567 1099 1589 »

508 1621 718 1662 XXVIII.
769 1637 789 1660 «
815 1621 1053 1679 Quousque
1069 1618 1236 1678 justitia
1253 1653 1263 1671 ‚
1294 1617 1466 1677 inquit,
1493 1625 1772 1661 eonvertatur
1794 1616 1840 1659 in

452 1707 474 1730 >›
504 1687 721 1750 judicium
746 1707 753 1733 :
779 1698 822 1733 et
839 1690 915 1750 qui
927 1690 1094 1733 habent
1109 1705 1202 1733 eam
1222 1703 1371 1733 omnes
1389 1697 1507 1733 recto
1521 1697 1624 1732 sunt
1641 1688 1837 1732 corde¹.»

450 1759 640 1804 Attende
657 1758 804 1815 modo,
829 1769 871 1803 et
894 1759 1006 1803 habe
1024 1760 1238 1819 justitiam
1263 1778 1271 1803 :
1293 1758 1618 1818 quiajudicium
1643 1757 1841 1802 nondum

450 1839 574 1890 potes
597 1830 773 1873 hahere.
800 1830 924 1874 Prius
946 1839 1011 1874 est
1033 1829 1256 1874 uthabeas
1268 1829 1480 1890 justitiam
1509 1847 1518 1873 ε
1543 1827 1619 1872 sed
1640 1828 1731 1887 ipsa
1744 1830 1842 1888 jus·
1911 1844 1914 1883 ζ

451 1900 546 1944 titia
577 1910 652 1944 tua
682 1909 962 1945 convertetur
992 1900 1037 1943 in
1066 1899 1297 1960 judicium.
1333 1900 1596 1943 Habuerunt
1626 1899 1698 1942 hic
1714 1898 1844 1958 justi·

453 1971 558 2015 tiam
582 1970 794 2030 Apostoli,
816 1980 859 2015 et
875 1970 1153 2030 pertulerunt
1176 1970 1362 2030 iniquos.
1395 1969 1479 2014 Sed
1501 1969 1610 2030 quid
1630 1968 1714 2012 illis
1733 1968 1843 2013 ‹lici-
1911 1963 1914 2017 ξ

451 2043 549 2086 tur?
568 2061 588 2083 «
609 2040 822 2086 Sedebitis
843 2057 974 2101 super
996 2039 1230 2085 duodecim
1253 2041 1390 2095 sedes,
1405 2039 1844 2100 judicanteslduode-
1912 2047 1914 2100 J

457 2131 475 2154 »
511 2111 594 2156 eim
612 2112 752 2156 tribus
773 2111 946 2156 Israel2.
975 2130 995 2152 »
1021 2114 1136 2169 Ergo
1151 2111 1318 2170 justitia
1346 2111 1540 2170 ipsorum
1563 2119 1844 2154 convertetur
1912 2143 1914 2163 z

451 2181 498 2225 in
524 2180 757 2242 judicium.
790 2180 925 2226 Modo
959 2181 1075 2225 enim
1097 2181 1239 2241 justus
1273 2181 1469 2241 quisquis
1496 2180 1568 2224 hie
1597 2180 1757 2235 fuerit,
1789 2178 1845 2224 ad
1912 2232 1914 2238 Ι

452 2253 538 2297 hoc
559 2261 624 2297 est
656 2262 706 2297 ut
739 2253 932 2312 patiatur
952 2252 1065 2296 mala
1083 2261 1126 2296 et
1144 2251 1314 2296 toleret.
1341 2252 1537 2295 Patiatur
1552 2261 1724 2311 tempus
1745 2265 1846 2311 pas·
1912 2251 1914 2258 ’

454 2323 607 2377 sionis,
632 2331 676 2367 et
695 2323 816 2367 venit
837 2322 929 2366 dies
955 2322 1251 2382 judicationis.
1289 2321 1374 2367 Sed
1395 2321 1502 2381 quid
1523 2321 1621 2366 dico
1643 2322 1698 2365 de
1714 2321 1844 2366 servis
1912 2350 1914 2353 «

454 2394 562 2439 Dei?
589 2397 685 2453 Ipse
722 2394 932 2439 Dominus
969 2394 1045 2454 qui
1075 2392 1211 2454 judex
1242 2402 1306 2437 est
1340 2393 1537 2438 omnium
1563 2393 1765 2438 vivorum
1801 2401 1846 2437 et

455 2473 747 2520 mortuorum,
772 2465 914 2525 primo
932 2463 1117 2525 judicari
1133 2463 1294 2519 voluit,
1322 2465 1435 2508 etsie
1451 2463 1663 2527 judicare.
1693 2483 1712 2506 «
1733 2467 1845 2516 Quo·
1912 2464 1914 2519 j

459 2555 478 2578 η
512 2552 653 2597 usque
668 2537 833 2596 juStitia
856 2545 1136 2581 convertatur
1156 2536 1201 2580 in
1231 2535 1445 2596 judicium
1475 2555 1484 2581 ε
1516 2545 1559 2580 et
1581 2536 1657 2596 qui
1680 2535 1845 2579 habent
1912 2547 1916 2586 15

457 2625 479 2648 »
514 2622 609 2651 eam
637 2622 787 2652 omnes
814 2617 931 2652 recto
962 2616 1063 2651 sunt
1084 2607 1231 2652 corde.
1261 2625 1281 2648 »
1307 2608 1389 2660 Qui
1408 2607 1572 2651 habent
1601 2605 1734 2653 modo
1750 2607 1844 2666 jus-

506 2698 512 2713 ¹
535 2691 613 2723 psal.
637 2703 722 2729 v(cnr,
753 2692 802 2723 ις’).
826 2709 866 2714 -—
886 2699 898 2714 ²
920 2691 1033 2723 Matrh.
1056 2701 1120 2728 xix,
1143 2693 1197 2723 528.
