1926 3339
366 317 607 346 ENAnnAno
640 320 683 345 m
719 317 923 345 PsALMUM
955 318 1131 345 Lxxxm.
1349 307 1429 345 143

38 391 201 426 terrore
229 381 396 426 dietum
418 391 508 426 est:
530 401 551 424 «
575 385 797 427 Memento
817 391 860 426 te
882 383 1025 426 uxoris
1049 386 1131 426 Lot
1152 384 1182 425 1.
1212 400 1231 421 »
1264 381 1431 441 thuid

39 451 155 496 enim
182 461 322 497 statua
343 453 440 497 salis
463 453 618 499 effecta
647 457 763 508 est‘2,
788 453 823 498 si
851 469 940 497 non
962 453 1160 496 homines
1182 451 1353 506 condit,
1379 460 1431 495 ut

37 523 233 582 sapiant?
255 526 371 582 Ergo
400 523 647 584 exemplum.
674 523 790 568 illius
820 524 1007 578 malum,
1032 524 1113 567 tibi
1145 524 1196 567 fit
1230 522 1398 566 bonum
1415 556 1426 577 ,

38 594 73 638 si
87 594 264 638 caveris.
286 597 554 640 Mementote
572 630 582 650 ,
608 595 774 655 inquit,
799 595 944 640 uxoris
968 598 1064 639 Lot.
1088 594 1290 654 Respexit
1312 593 1429 636 enim

40 673 176 719 retro,
201 663 322 708 unde
336 664 515 709 liberata
533 674 625 710 erat
642 681 666 709 a
687 665 906 722 Sodomis,
926 675 970 710 et
987 666 1045 710 ibi
1063 664 1290 719 remansit,
1311 661 1431 707 unde

40 734 241 794 respexit,
267 735 356 795 ipsa
380 737 425 779 in
444 736 541 781 loeo
563 751 781 792 mansura,
804 746 848 781 et
865 745 1137 780 transeuntes
1157 734 1261 779 alios
1275 732 1429 779 eondi-

39 814 150 849 tura.
177 804 366 849 Liberati
389 822 492 865 ergo
512 823 535 850 a
556 806 753 851 Sodomis
776 807 1007 866 praeteritae
1028 807 1152 860 vitae,
1179 821 1268 849 non
1292 804 1429 863 respi-

38 875 200 920 ciamus
221 885 352 920 retro.
377 880 488 922 Nam
511 879 592 921 hoc
610 877 814 925 festinare
836 886 900 921 est
914 912 924 932 ,
948 892 1036 921 non
1060 875 1285 920 attendere
1308 875 1431 935 quod

38 946 236 1006 promisit
265 950 401 1002 Deus,
428 948 530 1007 quia
563 947 693 1006 longe
715 957 804 1003 est,
831 958 873 992 et
896 947 1106 1007 respicere
1139 945 1194 990 ad
1230 945 1275 989 id
1307 945 1429 1006 quod

38 1017 284 1077 proximum
316 1027 407 1073 est,
437 1017 557 1062 unde
573 1019 663 1078 jam
696 1018 903 1062 liberatus
937 1034 995 1062 es,
1033 1021 1094 1062 De
1126 1017 1286 1061 talibus
1318 1015 1427 1076 quid

39 1087 142 1132 dicit
164 1090 383 1148 apostolus
407 1091 590 1132 Petrus?
617 1108 637 1131 α
662 1089 857 1147 Contigit
878 1088 961 1133 illis
986 1104 1050 1133 res
1071 1088 1160 1133 veri
1181 1087 1423 1147 proverbii,

42 1178 62 1202 »
96 1161 222 1205 Canis
246 1176 478 1204 conversus
498 1161 553 1204 ad
577 1177 704 1205 suum
727 1161 939 1206 vomitum
954 1163 985 1204 3.
1009 1181 1024 1200 n
1059 1160 1290 1204 Premebat
1312 1159 1427 1202 enim

40 1241 188 1291 peetus
210 1233 469 1276 conscientia
487 1242 781 1291 peecatorum,
812 1241 987 1291 accepta
1009 1230 1281 1289 indulgentia
1306 1229 1429 1289 quasi

37 1302 253 1357 vomuisti,
270 1311 313 1346 et
327 1302 565 1346 revelatum
583 1312 808 1361 estpectus
826 1312 967 1358 tuum,
984 1300 1095 1346 faeta
1115 1311 1179 1344 est
1193 1302 1306 1344 bona
1320 1316 1428 1344 eon-

38 1373 214 1418 scientia
236 1389 287 1417 ex
309 1373 422 1416 mala
451 1374 713 1417 conscientia
742 1393 750 1418 :
777 1374 885 1433 quid
908 1389 1055 1417 rursus
1087 1371 1351 1417 converteris
1374 1371 1430 1414 ad

37 1445 250 1489 vomitum
274 1445 429 1488 tuum?
453 1445 495 1489 Si
512 1445 627 1488 canis
646 1445 728 1489 hoc
746 1443 907 1488 faciens
928 1445 1076 1489 horret
1099 1442 1235 1488 oeulis
1251 1442 1335 1486 tuis
1349 1476 1359 1496 ,
1380 1451 1430 1485 tu

39 1513 146 1576 quid
168 1514 249 1558 eris
264 1514 400 1558 oeulis
420 1514 522 1558 Dei?

98 1588 172 1629 IV.
195 1584 504 1645 Unusquisque
526 1594 673 1629 autem
687 1620 697 1640 ,
722 1585 874 1630 fratres
896 1585 1152 1639 charissimi,
1173 1583 1228 1627 de
1249 1583 1346 1627 loeo
1368 1581 1433 1625 iti-

39 1657 153 1701 neris
175 1657 262 1711 sui,
288 1656 343 1699 ad
365 1672 494 1716 quem
528 1656 797 1716 proficiendo
822 1656 1047 1716 pervenit,
1083 1665 1127 1699 et
1155 1670 1285 1715 quem
1313 1653 1432 1698 vovit

39 1730 152 1782 Deo,
172 1726 273 1771 inde
296 1727 470 1786 respicit
488 1736 617 1782 retro,
645 1744 746 1771 cum
769 1728 911 1787 ipsum
933 1727 1157 1770 dimiserit.
1177 1725 1309 1769 Verbi
1333 1740 1433 1783 gra-

39 1798 97 1843 tia
113 1834 124 1852 ,
151 1797 300 1842 statuit
317 1798 559 1841 castitatem
582 1797 859 1859 conjugalem
880 1813 1048 1841 servare
1065 1833 1075 1851 ,
1102 1797 1204 1840 inde
1222 1796 1338 1839 enim
1362 1795 1433 1838 in-

40 1869 145 1928 cipit
171 1869 359 1928 justitia,
386 1869 559 1912 recessit
580 1884 603 1912 a
622 1867 1007 1922 fornicationibus,
1033 1877 1076 1911 et
1099 1867 1154 1910 ab
1184 1865 1258 1910 illa
1285 1866 1434 1909 illicita

39 1938 319 1983 immunditia
339 1958 347 1983 :
369 1954 453 1999 qua
463 1938 551 1982 ndo
571 1954 615 1982 se
631 1938 686 1982 ad
702 1937 1007 1982 fornicationes
1024 1937 1300 1991 converterit,
1320 1945 1435 1979 retro

40 2011 240 2069 respexit.
267 2009 388 2072 Alius
412 2025 463 2053 ex
487 2025 667 2053 munere
690 2009 767 2053 Dei
789 2010 927 2068 maius
946 2008 1110 2068 aliquid
1131 2007 1265 2061 vovit,
1286 2007 1438 2050 statuit

40 2095 120 2125 nec
137 2081 310 2140 nuptias
329 2080 417 2140 pati
434 2096 443 2121 t
463 2080 539 2140 qui
558 2096 646 2124 non
663 2068 962 2133 damnaretur,
983 2079 1016 2123 si
1028 2079 1220 2122 duxisset
1238 2092 1433 2131 uxorem,

40 2161 138 2212 post
157 2161 309 2196 votum
332 2151 454 2212 quod
484 2154 573 2195 Deo
605 2151 802 2210 promisit
831 2150 866 2194 si
894 2150 1088 2205 duxerit,
1123 2149 1436 2192 damnabitur:

42 2237 142 2266 cum
161 2222 246 2266 hoc
270 2221 421 2277 faeiat,
446 2220 568 2282 quod
589 2220 661 2264 ille
680 2221 756 2281 qui
774 2236 863 2264 non
885 2221 1170 2280 promiserat,
1197 2229 1343 2262 tamen
1365 2217 1438 2261 ille

42 2308 132 2337 non
154 2291 403 2347 damnatur,
428 2292 507 2336 iste
535 2292 786 2335 damnatur.
817 2294 987 2345 Quare,
1014 2289 1096 2334 nisi
1123 2290 1225 2349 quia
1247 2289 1326 2332 iste
1349 2303 1439 2331 res-

41 2363 158 2422 pexit
179 2364 319 2406 retro?
333 2365 431 2405 Jam
448 2362 563 2405 enim
584 2370 683 2405 ante
706 2370 822 2416 erat,
849 2362 928 2404 iste
946 2371 1092 2404 autem
1115 2359 1218 2403 illue
1242 2358 1439 2402 nondum

43 2442 313 2493 pervenerat.
351 2433 419 2477 Sic
453 2432 600 2490 virgo,
638 2449 738 2492 quae
768 2432 801 2476 si
830 2432 1044 2486 nuberet,
1074 2447 1163 2475 non
1193 2431 1436 2490 peccaret&

44 2502 379 2548 sanctimonialis
409 2503 443 2547 si
472 2503 689 2563 nupserit,
721 2503 882 2548 Christi
907 2501 1105 2546 adultera
1137 2500 1436 2560 deputabitur.

93 2607 102 2623 ¹
128 2602 205 2632 Luc.
225 2611 311 2633 xxvn
327 2624 336 2642 ,
360 2600 412 2635 32.
444 2617 485 2622 —
510 2605 523 2623 ²
541 2600 624 2632 Gen.
643 2610 692 2631 xix
710 2624 719 2641 ,
739 2598 793 2631 26.
815 2614 857 2621 -—-
878 2596 891 2621 3
917 2607 936 2630 2
954 2600 1039 2631 Petr.
1072 2609 1112 2639 11,
1141 2606 1194 2630 22.
1220 2614 1261 2619 —-
1283 2595 1299 2626 4
1332 2608 1343 2628 1
1365 2598 1437 2628 Cor.

49 2667 108 2698 vu,
123 2659 176 2689 28.
