1926 3339
473 286 524 322 (38
900 295 930 318 s.
971 292 1195 318 Αιρυετιω
1230 291 1409 318 Eriscom

470 367 609 418 potest
644 379 651 401 ;
685 377 702 398 «
732 355 977 413 intelligere
1012 371 1080 398 me
1112 354 1270 407 facito,
1304 364 1347 399 et
1373 355 1681 414 perscrutabor
1707 354 1847 411 legem

471 447 490 469 »
527 438 646 471 tuam
663 430 693 470 ¹,
720 445 739 467 »
762 424 963 479 Proinde,
981 440 1035 467 ne
1059 424 1112 468 ab
1131 423 1204 468 illo
1226 439 1417 468 erremus
1432 460 1443 479 ,
1468 425 1574 469 dum
1603 424 1657 468 de
1675 432 1818 468 nostra
1834 457 1845 475 ‚

465 497 584 541 velut
605 513 657 540 ex
675 496 798 540 nobis
820 495 872 539 sit
887 530 901 550 ,
925 493 1209 552 intelligentia
1223 494 1397 538 fidimus
1416 516 1426 551 3
1451 496 1540 554 ejus
1558 494 1759 539 manibus
1771 506 1849 536 nos

466 567 682 611 credendo
714 563 962 609 subdamus.
988 567 1084 622 Ipse
1105 564 1150 606 in
1172 564 1296 608 nobis
1318 579 1411 608 eam
1435 562 1565 608 faciat
1582 600 1596 620 ,
1627 573 1677 608 ut
1704 564 1749 606 in
1782 562 1851 605 in-

468 636 703 695 telligentia
722 651 932 679 manuum
954 649 1129 678 suarum
1152 649 1230 678 nos
1248 633 1437 678 deducat
1459 643 1602 678 erutos
1616 634 1670 677 ab
1688 647 1847 687 errore,

467 722 605 766 eoque
636 705 845 765 perducat
886 705 960 748 ubi
981 706 1071 765 jam
1103 719 1191 748 non
1229 705 1441 763 possimus
1475 719 1631 748 errare.
1670 703 1751 747 Hic
1788 711 1852 746 est

465 777 633 822 fructus
658 776 807 836 populi
831 775 934 830 Dei,
962 775 1225 820 attendentis
1252 774 1391 833 legem
1410 776 1508 830 Dei,
1544 784 1587 819 et
1604 773 1852 818 inclinantis

465 863 611 892 aurem
637 863 757 892 suam
789 848 833 890 in
851 846 983 891 verba
1005 846 1090 890 oris
1107 846 1218 906 ejus,
1236 854 1285 889 ut
1301 845 1516 904 dirigatin
1534 861 1585 889 eo
1601 860 1676 889 cor
1696 858 1823 888 suum
1837 878 1848 899 ,

466 928 509 961 et
524 919 576 962 sit
597 933 696 962 cum
713 917 788 962 illo
810 917 997 961 creditus
1013 916 1186 975 spiritus
1203 916 1294 976 ejus
1312 951 1323 971 ,
1357 931 1411 959 ne
1434 916 1690 960 immutetur
1710 915 1757 958 in
1776 929 1852 972 ge-

466 988 733 1033 nerationem
766 1003 942 1047 pravam
980 996 1023 1030 et
1060 987 1364 1031 amaricantem
1383 1008 1395 1044 3
1431 985 1507 1030 sed
1546 986 1612 1030 his
1650 984 1853 1030 omnihus

466 1060 546 1103 sibi
561 1059 846 1114 annuntiatis,
871 1074 961 1103 non
983 1057 1124 1102 solum
1148 1056 1203 1101 ad
1225 1067 1483 1118 praesentem
1506 1057 1656 1112 vitam,
1681 1070 1864 1100 verum->

466 1130 592 1174 etiam
620 1129 675 1174 ad
705 1138 912 1173 seternam
929 1165 939 1184 ‚
972 1144 1051 1173 nce
1080 1137 1251 1173 tanturn
1275 1129 1329 1173 ad
1358 1127 1604 1188 recipienda
1635 1128 1854 1172 bonorum

466 1217 647 1261 operum
668 1201 844 1260 praemia
863 1236 873 1253 ,
902 1200 976 1244 sed
998 1199 1129 1244 etiam
1146 1200 1191 1244 in
1215 1200 1308 1261 ipsa
1336 1200 1452 1245 bona
1475 1214 1606 1259 opera
1628 1197 1825 1244 facienda
1840 1232 1851 1253 ‚

467 1280 599 1332 ponat
620 1272 664 1314 in
684 1277 769 1316 Deo
793 1286 910 1330 spem
931 1285 1067 1315 suam.

469 1443 604 1459 ’κνυὶνἏΜ
611 1443 675 1459 wu
680 1442 746 1459 ὯὮἋ
751 1440 962 1458 svmmvm
966 1440 1677 1458 ΜᾹΊΜΛΝἎννὶΜΛΑΜὶΝΜΝΜΑΜΙΜΜΜΜΜ
1682 1438 1853 1456 mmm

955 1582 1367 1637 ENARRATtffl

792 1751 849 1787 iu
894 1749 1195 1789 PSALMUM
1256 1750 1527 1788 Lxxviii.

530 1906 564 1947 Ι.
602 1906 651 1947 ΙΝ
670 1902 797 1947 titulo
821 1902 978 1946 Psalmi
1000 1903 1130 1962 hujus
1159 1912 1248 1945 tam
1274 1902 1396 1946 brevi
1418 1911 1461 1946 et
1483 1901 1664 1962 simplici
1696 1902 1855 1946 immo-

471 1972 655 2017 randum
678 1988 766 2017 esse
789 1988 878 2016 non
907 1981 1031 2031 puto.
1068 1973 1345 2032 Prophetiam
1365 1987 1468 2017 vero
1493 1987 1626 2032 quam
1647 1972 1718 2016 hic
1740 1987 1855 2031 prae-

471 2045 641 2089 missam
667 2043 849 2102 legimus
870 2078 880 2098 ⁷
907 2042 1130 2087 evidenter
1157 2044 1313 2087 scimus
1340 2042 1579 2102 impletam.
1605 2045 1717 2087 Cum
1740 2043 1855 2087 enim

470 2115 549 2159 ista
571 2123 830 2158 canerentur
853 2114 1122 2173 temporibus
1143 2114 1252 2172 regis
1276 2114 1438 2168 David,
1466 2113 1571 2157 nihil
1596 2112 1680 2157 tale
1712 2113 1856 2158 adhuc

471 2185 712 2244 contigerat
733 2201 785 2229 ex
808 2183 1065 2229 adversitate
1087 2184 1291 2228 Gentium
1315 2184 1477 2228 civitati
1495 2183 1731 2228 Jerusalem
1749 2219 1760 2239 ‚
1776 2200 1856 2228 nec

473 2255 636 2315 templo
666 2255 770 2310 Dei,
796 2255 917 2315 quod
939 2270 1017 2299 nec
1040 2254 1302 2299 aedificatum
1326 2253 1470 2298 adhuc
1489 2263 1594 2298 erat.
1618 2258 1720 2299 Post
1740 2270 1857 2299 mor-

477 2336 562 2370 tem
584 2326 746 2387 quippe
771 2326 907 2371 David
925 2362 935 2382 ‚
960 2327 1098 2370 filium
1120 2328 1212 2387 ejus
1236 2325 1510 2371 Salomonem
1535 2329 1624 2371 Deo
1642 2326 1856 2387 templum

473 2396 623 2442 secisse
644 2398 740 2457 quis
771 2398 962 2442 nesciat?
992 2397 1157 2442 Dicitur
1191 2412 1292 2455 ergo
1326 2407 1535 2458 tanquam
1561 2397 1852 2457 praeteritum,

473 2466 592 2528 quod
614 2467 659 2510 in
684 2467 845 2527 Spiritu
862 2466 1092 2512 videbatur
1113 2483 1202 2512 esse
1219 2467 1432 2512 futurum,
1456 2487 1472 2507 «
1487 2471 1620 2522 Deus,
1641 2476 1856 2512 venerunt

523 2584 528 2599 ¹
565 2576 642 2608 rsal.
667 2588 759 2609 cxviii
778 2603 783 2616 ‚
806 2576 856 2618 34
887 2594 926 2599 --
948 2584 958 2599 2
986 2577 1107 2609 Dictum
1129 2581 1198 2618 posi
1220 2577 1396 2619 expos-iiim]
1418 2577 1570 2609 Psulinum
1597 2588 1717 2619 mxvii,
1736 2577 1776 2609 de
1792 2588 1854 2620 quo

474 2633 551 2664 iufra
575 2645 603 2664 u.
623 2633 651 2664 3.
