1926 3339
418 286 502 327 488
855 298 889 328 s.
925 297 1154 330 Aucus-nm
1184 301 1366 329 muscum

417 380 588 426 semper
613 365 749 410 habet
774 381 976 426 parcere3
1007 376 1084 412 aut
1110 366 1187 428 qui
1217 366 1349 411 modo
1381 365 1642 427 praedicatur
1669 375 1722 412 ut
1741 368 1800 412 ti-

417 445 611 490 meatur,
637 452 727 481 non
751 445 815 480 est
835 447 1044 482 venturus
1064 447 1115 481 ut
1131 438 1330 498 judicet?
1355 440 1576 483 Venturus
1597 447 1683 494 est,
1708 437 1800 483 fra-

416 516 502 551 tres
518 507 618 562 mei,
636 516 844 551 venturus
872 517 962 552 est:
988 508 1217 551 timeamus
1237 507 1379 562 illum,
1396 508 1509 552 etsie
1522 508 1734 564 vivamus,
1751 518 1803 554 ut

416 577 472 622 ad
495 576 716 620 dexteram
737 576 852 621 illius
873 577 1159 621 inveniamur.
1173 579 1394 621 Venturus
1416 588 1479 622 est
1500 579 1639 633 enim,
1665 588 1708 623 et
1724 581 1802 639 ju·-

417 648 656 701 dicaturus‚
672 657 721 691 ut
743 647 845 692 alios
866 657 1001 708 ponat
1020 647 1076 691 ad
1097 648 1327 704 sinistram,
1346 648 1449 693 alios
1467 648 1522 693 ad
1544 648 1799 694 dexteram1.

415 722 473 764 Et
495 735 584 763 non
605 718 716 762 illud
737 718 838 763 facit
862 721 953 779 ipse
974 719 1404 781 quomodocumque,
1429 729 1478 764 ut
1496 730 1610 765 erret
1629 721 1741 766 forte
1757 722 1804 766 in

415 789 746 844 hominibus,ut
758 793 832 850 qui
855 789 909 834 ad
933 790 1151 834 dexteram
1170 790 1399 851 ponendus
1416 801 1494 846 est,
1511 792 1566 836 ad
1588 792 1805 837 sinistram

415 869 606 920 ponatur
620 881 631 917 3
647 870 722 904 aut
744 861 820 921 qui
834 860 889 905 ad
914 861 1130 905 sinistram
1153 861 1285 905 debet
1299 870 1411 905 stare
1427 896 1438 916 ‚
1460 871 1630 906 errante
1646 865 1735 907 Deo
1751 862 1808 906 ad

417 933 637 976 dexteram
653 943 857 991 ponatur.
873 936 971 977 Non
991 942 1133 993 potest
1150 948 1308 988 errare,
1322 943 1373 977 ut
1395 933 1458 977 ibi
1476 943 1611 993 ponat
1623 934 1804 989 malum,

415 1003 495 1046 ubi
513 1018 674 1062 ponere
697 1003 829 1047 debet
851 1004 1017 1048 bonum
1032 1024 1040 1049 :
1055 1020 1136 1049 nec
1153 1005 1214 1048 ibi
1227 1014 1360 1064 ponet
1382 1005 1565 1059 bonum,
1582 1005 1660 1049 ubi
1678 1005 1810 1049 debet

415 1089 578 1134 ponere
597 1074 776 1119 malum.
804 1075 847 1119 Si
869 1090 1010 1119 errare
1027 1091 1115 1120 non
1138 1085 1281 1135 potest
1296 1112 1306 1131 ‚
1331 1092 1409 1121 nos
1433 1092 1647 1132 erramus,
1672 1077 1809 1120 sinon

417 1147 621 1190 timemus
636 1167 644 1191 ;
659 1147 692 1190 si
711 1155 857 1189 autem
876 1147 1144 1190 timuerimus
1161 1147 1309 1202 modo,
1321 1156 1427 1192 tunc
1444 1148 1564 1208 quod
1581 1149 1810 1192 timeamus

417 1232 508 1261 non
530 1217 1062 1270 habebimus.«Quoniam
1085 1217 1278 1261 terribile
1291 1227 1332 1261 et
1354 1228 1552 1262 sanctum
1576 1227 1658 1263 est:
1677 1228 1720 1262 et
1736 1220 1811 1263 ho-

420 1305 440 1327 »
462 1303 543 1331 nor
559 1287 668 1346 regis
679 1287 897 1348 judicium
913 1286 1087 1345 diligit2.
1098 1307 1116 1328 n
1133 1288 1201 1333 Sic
1215 1303 1316 1346 ergo
1329 1289 1511 1333 timeant
1524 1305 1624 1333 eum
1640 1289 1807 1349 populi,

417 1367 468 1402 ut
486 1359 703 1416 corrigant
722 1374 787 1403 se:
807 1375 896 1402 non
914 1360 1036 1419 quasi
1049 1359 1239 1403 multum
1258 1370 1568 1419 praesumentes
1581 1360 1635 1404 de
1648 1360 1811 1404 miseri-

419 1429 564 1473 cordia
588 1430 718 1488 ipsius
735 1465 745 1484 ,
778 1428 1000 1473 dimittant
1021 1446 1065 1474 se
1084 1465 1094 1485 ,
1123 1440 1164 1474 et
1187 1430 1300 1474 male
1323 1431 1499 1487 vivant3
1525 1430 1667 1490 diligit
1696 1431 1811 1475 enim

419 1499 778 1554 misericordiam,
799 1499 875 1543 sed
898 1499 1039 1559 diligit
1057 1510 1100 1544 et
1116 1501 1348 1561 judicium.
1364 1506 1468 1554 Quae
1490 1510 1554 1545 est
1571 1501 1810 1545 misericor-

420 1570 524 1614 dia‘?
554 1573 611 1614 Ut
642 1570 773 1614 modo
802 1570 1010 1629 praedicet
1033 1570 1113 1614 tibi
1136 1571 1360 1614 veritatem
1381 1606 1390 1625 ‚
1421 1581 1470 1615 ut
1492 1572 1624 1615 modo
1655 1571 1814 1616 clamet

421 1640 477 1685 ad
509 1650 549 1684 te
572 1650 622 1684 ut
645 1642 922 1685 convertaris.
952 1645 1087 1686 Parva
1112 1641 1405 1686 misericordia
1437 1651 1498 1685 θεῖ
1514 1677 1524 1696 ,
1551 1643 1652 1702 quia
1674 1642 1813 1686 vixisti

419 1711 467 1755 in
491 1711 614 1755 malis
637 1712 781 1764 factis,
815 1721 858 1755 et
887 1711 1032 1756 adhuc
1061 1728 1151 1755 non
1174 1721 1217 1755 te
1248 1711 1350 1756 tulit
1382 1728 1481 1756 cum
1511 1727 1736 1772 peccares,
1766 1722 1815 1757 ut

421 1781 618 1826 credenti
647 1782 891 1840 ignosceret
913 1791 1089 1841 peccata
1111 1784 1217 1827 tua?
1238 1798 1371 1842 parva
1394 1782 1687 1828 misericordia
1717 1785 1815 1828 est?

423 1857 555 1897 Putas
579 1853 678 1913 quia
703 1853 762 1897 sic
785 1869 953 1912 semper
975 1854 1056 1898 erit
1079 1853 1389 1909 misericordia,
1417 1864 1465 1899 ut
1486 1855 1707 1898 neminem
1726 1870 1814 1914 pu-

422 1925 544 1969 niat?
565 1924 663 1969 Noli
686 1925 744 1969 sic
764 1927 795 1968 3.
829 1925 1038 1969 Terribile
1064 1935 1106 1969 et
1135 1935 1335 1970 sanctum
1369 1941 1532 1969 nomen
1566 1927 1682 1985 ejus,
1712 1944 1731 1967 «
1759 1928 1816 1969 Et

424 2015 445 2038 n
482 1997 624 2040 honor
646 1997 755 2054 regis
775 1996 988 2056 judicium
1010 1996 1202 2055 diligit.»
1231 1998 1448 2057 Injustum
1473 2006 1536 2041 est
1556 1997 1673 2040 enim
1691 1996 1814 2056 judi-

422 2067 538 2110 cium
554 2102 565 2120 ,
591 2076 634 2110 et
652 2067 830 2111 onmino
853 2083 943 2111 non
966 2076 1030 2111 est
1045 2066 1259 2126 judicium
1275 2103 1285 2122 ,
1307 2067 1387 2110 nisi
1404 2068 1557 2111 merita
1573 2066 1815 2111 reddantur

422 2153 500 2181 sua
522 2139 705 2197 cuique,
741 2136 1114 2197 quemadmodum
1148 2138 1332 2198 quisque
1357 2137 1482 2195 gessit
1518 2138 1564 2180 in
1601 2152 1782 2196 corpore
1798 2173 1810 2193 ,

422 2207 511 2252 sive
531 2207 698 2251 bonum
716 2243 726 2262 ,
751 2208 839 2251 sive
861 2207 1023 2251 malum
1037 2209 1068 2250 4.
1098 2227 1118 2250 «
1146 2211 1204 2252 Et
1224 2209 1365 2252 honor
1385 2208 1496 2266 rcgis
1510 2207 1725 2268 judicium
1743 2208 1813 2252 di-
1868 2240 1872 2246 ·

423 2295 443 2318 ))
480 2277 591 2336 ligit.
618 2298 636 2319 >›
662 2281 778 2338 Ergo
801 2279 1051 2334 timeamus,
1090 2293 1191 2336 ergo
1210 2277 1418 2323 faciamus
1443 2279 1656 2339 justitiam
1674 2314 1685 2334 ,
1712 2293 1815 2338 crgo

420 2347 632 2392 faciamus
649 2350 917 2409 aequitatem.

484 2421 584 2462 VII.
627 2420 711 2464 Sed
744 2421 840 2480 quis
877 2419 980 2464 facit
1007 2419 1289 2480 aequitatem?
1321 2421 1418 2481 quis
1442 2419 1546 2464 facit
1568 2420 1813 2480 Justitiam?

421 2492 565 2534 Homo
596 2500 798 2550 peccator
813 2527 824 2547 ‚
850 2492 982 2536 homo
1010 2492 1188 2552 iniquus
1205 2528 1216 2548 ‚
1243 2493 1376 2536 homo
1397 2507 1624 2551 perversus
1640 2527 1652 2547 ,
1676 2492 1811 2537 homo

465 2594 475 2609 ¹
502 2588 616 2620 Matth.
638 2600 720 2630 xxv,
737 2590 789 2621 33.
811 2607 852 2612 —-
873 2597 885 2612 ²
905 2589 987 2622 Psal.
1011 2600 1105 2623 xcvm
1121 2614 1129 2630 ‚
1149 2588 1181 2631 4.
1202 2606 1244 2613 —-
1265 2587 1278 2612 3
1297 2589 1434 2633 Supple,
1450 2593 1575 2632 putare.
1594 2605 1636 2612 --
1654 2587 1670 2618 4
1692 2598 1711 2620 2
1730 2590 1804 2621 Cor.

421 2653 461 2682 v,
485 2654 534 2675 ro.
