1926 3339
421 328 661 358 ENARRATIO
692 328 737 354 IN
772 326 968 352 rsALMUM
1007 326 1086 350 xm.
1361 309 1437 347 341

66 407 203 442 maret
232 396 287 441 ad
319 411 446 456 opera
476 395 590 438 bona
609 429 620 448 ,
650 407 738 436 non
771 405 913 435 nosses
941 390 1021 433 nisi
1056 403 1184 447 opera
1209 396 1280 430 tua
1315 386 1439 429 mala.

69 488 89 510 «
124 469 205 522 Qui
228 468 341 511 enim
360 466 555 526 loquitur
576 462 866 516 mendacium,
891 461 945 505 de
967 475 1045 504 suo
1062 458 1299 518 loquum-¹.
1321 458 1446 498 »Hoc

64 537 348 597 Evangelium
378 535 497 580 dicit.
513 536 654 579 Omne
676 542 903 594 peccatum
926 529 1201 575 mendacium
1225 535 1302 571 est.
1328 528 1448 570 Con-

65 618 131 654 tra
159 612 317 667 Legem
341 608 456 652 enim
479 615 522 650 et
542 614 692 650 contra
720 604 945 648 veritatem
967 599 1185 662 quidquid
1214 606 1298 652 est,
1326 611 1450 640 men-

65 678 239 724 dacium
257 678 551 735 dicitur.Ergo
570 675 678 737 quid
692 675 750 718 ait
766 676 783 719 Ρ
797 693 816 715 «
831 673 917 727 Qui
933 672 1129 733 loquitur
1145 667 1420 713 mendacium
1434 700 1446 720 ‚

67 750 156 794 »de
178 766 256 794 suo
270 749 486 809 loquitur:
505 767 522 789 n
537 748 582 791 id
596 756 675 802 est,
693 745 769 806 qui
783 753 949 805 peccat,
962 742 1016 786 de
1033 757 1110 785 suo
1126 741 1448 801 peccat.Atten-

66 821 157 866 dite
170 821 430 866 sententiam
442 828 608 865 contra.
619 818 661 863 Si
675 818 789 861 enim
805 816 878 876 qui
889 807 1450 874 loquiturmendacium,de

66 908 145 937 suo
171 892 427 936 sententiam
445 890 640 950 loquitur
655 910 666 946 3
681 896 813 931 restat
829 895 878 929 ut
895 884 971 945 qui
991 883 1185 942 loquitur
1202 872 1456 931 veritatem,

66 963 121 1008 de
138 964 215 1008 Dei
228 963 448 1023 loquatur.
468 961 573 1005 Ideo
591 959 751 1003 dicitur
766 958 811 1001 in
827 955 910 1000 alio
926 954 1023 1000 loco
1046 973 1054 998 :
1077 972 1096 994 «
1114 956 1226 996 Deus
1245 949 1360 994 solus
1376 964 1452 992 ve-

69 1053 91 1077 »
127 1051 216 1091 rax,
235 1035 373 1080 omnis
397 1043 543 1079 autem
565 1033 697 1076 homo
718 1026 948 1072 mendax2.
969 1044 989 1067 »
1006 1027 1104 1070 Non
1125 1022 1206 1067 tibi
1227 1021 1386 1066 dicitur
1408 1019 1453 1062 in

66 1105 386 1151 hacssententia
402 1126 413 1162 3
432 1103 568 1158 Vade,
593 1115 767 1146 securus
789 1097 989 1152 mentire,
1011 1095 1113 1155 quia
1130 1094 1262 1138 homo
1287 1106 1329 1135 es
1343 1111 1352 1135 ;
1368 1091 1456 1134 imo

66 1177 165 1221 vide
184 1186 226 1220 te
249 1175 471 1220 hominem
490 1209 500 1228 ,
526 1173 628 1233 quia
654 1169 840 1215 mendax
862 1184 905 1213 es
926 1189 937 1226 3
959 1177 1002 1211 et
1028 1175 1078 1210 ut
1100 1154 1326 1217 sis‘veraX,
1353 1161 1456 1205 bibe

66 1248 293 1293 veritatem
311 1282 322 1302 ,
358 1255 408 1290 ut
442 1245 496 1290 de
525 1248 614 1289 Deo
651 1252 820 1297 ructes,
853 1250 903 1284 ut
925 1241 978 1283 sis
999 1254 1143 1282 verax,
1168 1236 1278 1289 Quia
1301 1234 1356 1278 de
1382 1242 1456 1277 tuo

66 1318 183 1363 illam
209 1333 298 1362 non
326 1326 449 1377 potes
471 1315 654 1369 habere,
680 1321 811 1357 restat
833 1320 883 1355 ut
904 1309 1006 1354 inde
1029 1308 1149 1352 illam
1167 1306 1292 1350 bibas
1308 1340 1318 1360 ,
1339 1303 1458 1347 unde

68 1389 181 1432 ssuit.
208 1386 440 1441 Quomodo
469 1386 503 1430 si
528 1402 550 1429 a
582 1385 680 1428 luce
703 1381 924 1427 recesseris
940 1415 950 1435 ,
971 1380 1017 1423 in
1042 1376 1232 1422 tenebris
1253 1391 1296 1419 es
1318 1395 1326 1419 ;
1348 1388 1460 1434 quo-

68 1458 201 1502 modo
222 1458 331 1517 lapis
353 1472 443 1501 non
466 1455 520 1499 de
547 1471 590 1498 se
612 1455 751 1499 fervet
771 1488 781 1508 ,
809 1450 883 1496 sed
905 1449 974 1494 vel
998 1465 1019 1493 a
1037 1447 1141 1502 sole,
1166 1445 1236 1491 vel
1253 1445 1307 1489 ab
1329 1445 1430 1502 igne
1445 1478 1456 1497 ,

69 1530 104 1573 si
125 1544 225 1573 cum
249 1527 381 1572 calori
399 1526 677 1580 subtraxeris,
697 1523 910 1583 frigescit,
926 1521 984 1565 ihi
1011 1527 1205 1579 apparet,
1220 1516 1322 1577 quia
1339 1513 1460 1574 quod

69 1598 291 1654 fervebat,
316 1614 406 1643 non
429 1607 520 1641 erat
543 1597 673 1656 ipsius
699 1615 707 1639 :
741 1593 815 1638 sed
838 1591 1033 1636 fervebat
1055 1588 1124 1633 vel
1147 1604 1169 1631 a
1199 1587 1287 1631 sole
1313 1584 1381 1629 vel
1405 1584 1459 1628 ab

71 1671 169 1729 igne
191 1690 199 1715 :
222 1670 280 1714 sic
310 1679 353 1714 et
382 1678 430 1713 tu
451 1669 483 1712 si
507 1684 529 1711 a
552 1671 641 1711 Deo
671 1663 889 1709 recesseris
907 1698 917 1717 ,
943 1661 1171 1720 frigesces,
1197 1658 1229 1702 si
1250 1656 1303 1700 ad
1323 1659 1461 1699 Deum

72 1741 324 1796 accesseris,
362 1740 574 1783 fervesces
612 1757 620 1782 ε
656 1736 767 1779 sicut
801 1733 907 1778 dicit
944 1730 1179 1791 Apostolus
1206 1749 1214 1774 :
1252 1748 1271 1769 «
1300 1725 1462 1786 Spiritu

77 1832 97 1856 »
133 1812 348 1856 ferventes
362 1812 394 1853 3.
415 1829 434 1850 »
450 1813 558 1853 Item
581 1807 636 1851 de
660 1807 756 1850 luce
778 1803 885 1865 quid
903 1803 1040 1847 dicit?
1063 1802 1105 1846 Si
1129 1799 1185 1844 ad
1203 1814 1303 1843 eum
1321 1811 1463 1841 acces-

74 1883 177 1928 seris
196 1918 206 1937 ,
233 1882 278 1925 in
305 1880 471 1924 lumine
501 1878 611 1922 eris:
637 1876 735 1921 ideo
758 1874 953 1919 Psalmus
978 1872 1083 1917 dicit
1104 1891 1112 1916 ε
1143 1889 1163 1912 «
1183 1868 1388 1914 Accedite
1410 1865 1465 1910 ad

77 1974 96 1997 »
133 1969 261 2006 eum,
301 1962 343 1996 et
376 1948 708 2000 illuminamini,
741 1956 784 1990 et
815 1945 963 1990 vultus
997 1943 1129 1988 vestri
1159 1957 1246 1985 non
1286 1939 1467 1983 crubes-

79 2046 96 2067 »
132 2025 276 2069 cent4.
307 2021 462 2075 »Quia
484 2036 587 2079 ergo
615 2018 725 2062 nihil
754 2017 858 2061 honi
885 2024 1007 2075 potes
1036 2012 1231 2073 operari,
1263 2008 1464 2054 nisiillu-

74 2096 263 2140 minatus
309 2111 331 2138 a
363 2093 528 2136 lumine
561 2090 665 2143 Dei,
707 2098 749 2132 et
784 2086 1044 2131 fervefactus
1089 2101 1112 2128 a
1148 2082 1307 2142 Spiritu
1343 2080 1418 2124 Dei
1453 2100 1463 2135 3

72 2165 253 2227 quando
283 2163 442 2209 videris
467 2172 508 2206 te
536 2162 648 2205 bene
671 2167 945 2218 operantem,
970 2155 1177 2200 confitere
1200 2156 1312 2205 Deo,
1335 2161 1377 2194 et
1398 2150 1467 2193 dic

75 2237 195 2298 quod
219 2236 278 2279 ait
305 2233 560 2294 Apostolus,
592 2230 662 2275 dic
686 2230 766 2273 tibi
791 2244 845 2272 ne
869 2225 1086 2271 extollaris
1108 2244 1116 2268 2
1152 2244 1171 2264 «
1198 2222 1316 2276 Quid
1351 2222 1466 2264 enim

79 2327 100 2350 »
135 2307 268 2351 habes
291 2306 412 2366 quod
434 2320 523 2348 non
547 2300 827 2361 accepistiPSi
847 2308 993 2342 autem
1019 2293 1234 2354 accepisti,
1253 2292 1359 2352 quid
1379 2291 1471 2350 glo·

81 2398 100 2420 »
136 2378 256 2422 riaris
283 2376 405 2437 quasi
428 2390 517 2419 non
537 2372 774 2432 acceperis-⁵
794 2372 810 2412 ‘2
837 2389 855 2411 »
879 2369 959 2413 Hic
976 2382 1078 2426 ergo
1095 2365 1329 2409 confitetur
1353 2365 1466 2415 Deo,

79 2458 124 2493 et
145 2448 275 2493 docet
297 2462 375 2491 nos
402 2446 565 2490 bonam
587 2442 902 2488 confessionem
925 2458 934 2485 :
958 2438 1061 2499 quia
1082 2436 1188 2482 dicit
1213 2454 1222 2480 ε
1253 2454 1272 2477 «
1298 2437 1469 2478 Jucun-

129 2564 138 2582 ¹
166 2559 257 2590 Joan.
277 2567 356 2597 vm,
382 2553 436 2598 44.
456 2571 498 2577 -·
524 2560 537 2577 ·
557 2555 649 2586 Rom.
674 2563 723 2594 111,
738 2550 770 2593 4.
792 2566 834 2574 -·
852 2548 865 2574 3
885 2549 932 2583 Id.
951 2559 1009 2589 xn,
1031 2558 1082 2581 11.
1104 2562 1146 2569 —-
1162 2544 1179 2575 4
1199 2543 1282 2577 Psal.
1304 2553 1417 2583 xxxux,
1436 2541 1467 2573 5.

83 2630 125 2636 ·-
140 2611 155 2636 ⁵
177 2624 188 2645 1
209 2615 280 2646 Cor.
302 2623 350 2653 lv,
366 2622 398 2654 7.

1407 2645 1427 2655 ,ν-
