1926 3339
0 0 11 243 ἒ

0 268 6 542 ἕ

0 574 2 614 i

387 310 629 340 ENARRATIO
660 313 707 340 nv
739 310 942 339 PsALMUM
975 313 1094 339 xc111.
1367 304 1450 343 395

61 377 123 423 illi
148 378 344 422 mulieri?
367 378 479 421 Vide
512 393 586 421 cor
616 385 838 436 paratum,
870 376 970 421 vide
1002 392 1076 421 cor
1110 387 1291 421 rectum.
1319 383 1452 423 Num-

61 448 168 509 quid
190 464 280 493 non
312 447 559 508 patiebatur
588 447 908 507 persecutiones
935 456 976 492 et
1009 450 1189 505 graves?
1216 451 1273 492 Et
1304 464 1452 493 omnes

61 519 293 565 Christiani
316 519 544 578 patiuntur
578 537 586 563 ε
618 528 661 562 et
689 519 722 563 si
751 534 840 563 non
873 519 1056 563 saeviunt
1082 519 1296 574 homines,
1329 520 1451 564 saevit

59 589 274 634 diabolus.
307 592 366 634 Et
398 590 432 634 si
465 589 697 634 Christiani
720 589 819 634 iacti
846 599 949 634 sunt
977 590 1283 649 imperatores,
1318 606 1446 634 num-

59 660 168 720 quid
190 659 390 705 diabolus
411 660 681 705 Christianus
705 659 843 705 factus
865 662 953 704 est?
978 660 1183 711 intendat
1201 676 1303 719 ergo
1323 664 1452 706 Sanc-

58 732 158 775 titas
179 733 331 775 Vestra
353 730 462 792 quid
485 731 538 775 sit
561 740 728 775 rectum
752 747 838 776 cor.
861 732 1049 776 Accessit
1071 732 1124 776 ad
1146 748 1263 787 cum,
1290 742 1333 776 et
1356 733 1415 776 ait
1437 752 1445 777 :

63 821 84 845 «
117 803 194 847 Dic
212 801 376 862 aliquid
400 803 444 846 in
467 805 602 846 Deum
618 838 628 857 ‚
663 812 706 847 et
729 818 909 847 morere.
940 822 960 844 »
986 804 1271 847 Enumeravit
1300 819 1450 848 omnes

58 889 274 918 aerumnas
296 872 365 917 vel
390 873 524 932 ipsius
546 872 618 918 vel
640 889 736 918 suas
768 893 776 917 :
813 893 830 913 «
870 874 946 918 Dic
979 873 1158 933 aliquid,
1196 874 1361 934 inquit,
1406 875 1451 918 in

61 963 81 985 »
117 947 273 998 Deum,
297 953 341 987 et
364 959 547 988 morere.
571 962 591 985 »
625 947 682 988 Et
702 943 775 987 ille
793 945 884 1004 jam
914 959 1180 1002 cognoscens
1201 947 1353 999 Evam,
1381 960 1450 988 re-

57 1014 151 1059 dire
171 1014 321 1059 volens
343 1014 461 1058 unde
493 1014 638 1075 lapsus
666 1024 756 1069 est,
790 1015 875 1059 fixo
903 1014 1036 1059 corde
1058 1015 1101 1058 in
1130 1018 1221 1059 Deo
1244 1025 1450 1075 tanquam

57 1085 273 1130 luminare
303 1085 348 1129 in
377 1086 679 1141 firmamento,
716 1085 918 1130 habitans
948 1086 1080 1130 corde
1105 1085 1150 1129 in
1187 1085 1298 1129 libro
1328 1087 1405 1130 Dei
1440 1106 1448 1131 ;

62 1176 82 1200 «
117 1160 282 1201 Locuta
305 1172 349 1200 es
366 1192 376 1211 ,
402 1156 572 1216 inquit,
599 1166 809 1217 tanquam
833 1173 920 1201 una
953 1172 1003 1200 ex
1024 1157 1328 1216 insipientibus
1351 1172 1452 1201 mu-

63 1248 81 1269 »
116 1226 322 1284 lieribus3
356 1227 391 1271 si
419 1227 535 1271 bona
573 1229 839 1287 suscepimus
871 1227 926 1272 de
951 1243 1082 1272 manu
1108 1228 1307 1282 Domini,
1340 1227 1452 1272 mala

64 1317 84 1339 »
120 1313 209 1342 non
232 1297 572 1342 tolerabimus1?
597 1317 616 1340 »
646 1299 756 1352 Quia
781 1299 917 1342 fixum
938 1299 1074 1343 corin
1109 1302 1215 1352 Deo,
1239 1298 1336 1342 ideo
1358 1314 1452 1343 rec-

60 1378 172 1413 tum.
198 1369 310 1422 Quia
333 1369 448 1412 enim
472 1377 614 1413 rectus
639 1378 701 1413 est
726 1372 854 1423 Deus,
886 1368 1064 1429 quando
1085 1369 1131 1412 in
1152 1366 1228 1413 illo
1246 1369 1341 1427 figis
1359 1384 1448 1423 cor,

64 1438 205 1485 forma
228 1440 309 1484 tibi
331 1440 400 1494 sit,
423 1449 473 1483 ut
494 1439 547 1484 sit
574 1439 654 1483 tibi
675 1455 750 1484 cor
772 1449 955 1484 rectum.
983 1440 1089 1498 Fige
1107 1454 1210 1497 ergo
1233 1454 1307 1483 cor
1324 1448 1451 1483 tuum

59 1511 105 1555 in
127 1510 218 1566 illo,
245 1521 288 1555 et
317 1520 484 1555 rectum
511 1526 586 1555 cor
607 1511 705 1555 erit.
733 1510 818 1555 Sed
844 1510 1107 1570 subrepebat
1134 1510 1337 1554 voluntas
1365 1511 1451 1554 hu-

59 1597 189 1626 mana
204 1617 214 1637 ‚
242 1581 387 1626 nescio
411 1580 519 1642 quid
542 1580 596 1625 de
618 1581 757 1625 carnis
779 1582 1031 1626 infirmitate
1054 1581 1245 1625 lactabat
1261 1590 1452 1624 mentem

59 1662 181 1698 tuam
200 1673 209 1698 z
230 1653 321 1697 noli
337 1655 429 1715 jam
447 1651 690 1712 desperare.
716 1655 774 1697 Te
796 1653 1076 1713 praesignavit
1092 1652 1303 1697 Dominus
1317 1652 1361 1695 in
1377 1667 1452 1696 sua

58 1723 322 1779 infirmitate,
348 1740 435 1767 non
459 1738 503 1767 sc
528 1742 536 1768 :
558 1739 647 1768 non
669 1723 785 1766 enim
804 1723 987 1767 timebat
1005 1723 1215 1767 Dominus
1233 1722 1338 1782 pati,
1363 1731 1447 1766 ter-

59 1796 121 1841 tio
143 1796 215 1839 die
237 1804 572 1840 resurrecturus.
601 1795 643 1839 Si
667 1810 842 1854 prorsus
864 1794 1088 1855 quomodo
1117 1795 1251 1838 homo
1281 1803 1451 1853 patere-

59 1875 148 1922 tur,
168 1875 211 1910 et
231 1882 321 1911 non
335 1865 558 1926 quomodo
580 1868 694 1910 Deus
716 1865 806 1924 pati
827 1865 1011 1919 veniret⁷
1032 1873 1074 1908 et
1091 1866 1125 1908 si
1147 1864 1273 1908 sciret
1296 1880 1340 1908 se
1358 1873 1455 1923 post

58 1935 255 1982 triduum
269 1946 632 1992 resurrecturum,
649 1935 771 1980 nullo
784 1934 916 1980 modo
931 1935 1187 1979 formidaret
1197 1935 1450 1988 moriturus,

59 2008 182 2069 quod
199 2024 289 2053 non
312 2006 565 2053 formidavit
594 2006 813 2067 apostolus
836 2005 1011 2061 Paulus,
1045 2009 1090 2050 in
1113 2007 1199 2050 fine
1222 2005 1367 2049 saeculi
1391 2020 1455 2049 re-

59 2088 347 2124 surrecturus.
379 2079 452 2123 Ait
484 2079 628 2132 enim,
665 2098 683 2120 «
723 2076 974 2136 Compellor
1006 2087 1151 2121 autem
1175 2092 1227 2120 ex
1255 2075 1450 2131 duobus,

63 2169 84 2193 »
118 2150 516 2210 concupiscentiam
540 2149 705 2194 habens
728 2148 920 2203 dissolvi,
946 2158 988 2194 et
1017 2164 1107 2193 esse
1129 2164 1229 2193 cum
1252 2148 1452 2205 Christo3

63 2241 84 2264 n
119 2221 261 2266 multo
290 2222 405 2266 enim
428 2221 564 2281 magis
593 2221 806 2281 optimum
844 2240 852 2266 :
878 2236 1053 2265 manere
1085 2220 1130 2263 in
1154 2236 1283 2264 carne
1307 2235 1455 2263 neces-

65 2310 86 2334 »
120 2293 279 2336 sarium
301 2301 479 2352 propter
504 2295 625 2336 vos2.
656 2310 675 2332 »
711 2290 906 2335 Taedium
942 2291 1058 2334 enim
1082 2289 1145 2334 illi
1167 2300 1258 2334 erat
1280 2305 1454 2334 manere

60 2363 107 2407 in
129 2379 274 2417 carne,
296 2378 348 2406 ex
372 2361 545 2406 duobus
572 2361 819 2422 patiebatur
844 2361 1072 2419 ardorem3
1098 2360 1273 2405 dissolvi
1302 2370 1344 2404 et
1362 2376 1455 2404 esse

63 2449 163 2478 cum
187 2433 381 2486 Christo,
412 2432 552 2477 multo
581 2433 715 2491 magis
738 2432 953 2492 optimum
977 2433 1166 2477 dicebat.
1205 2430 1326 2476 Adeo
1354 2446 1454 2475 cum

64 2504 433 2564 appropinquaret
470 2504 562 2563 ipsa
596 2505 761 2563 passio,
792 2503 1016 2564 quomodo
1053 2502 1302 2547 exultabat!
1347 2517 1455 2561 quo-

63 2573 196 2619 modo
226 2573 516 2632 gloriabatur!
555 2593 575 2615 «
610 2576 782 2618 Bonum
812 2583 1028 2617 certamen
1059 2574 1250 2623 certavi,
1277 2588 1450 2616 cursum

113 2666 121 2681 ¹
142 2660 211 2691 Job.
234 2672 267 2701 n,
288 2671 334 2692 10.
353 2678 392 2683 -—-
414 2667 425 2681 ⁷
446 2660 556 2701 Philip.
574 2672 596 2697 ιἹ
623 2658 678 2700 23,
707 2659 761 2700 24.
