1926 3339
460 296 538 332 132
880 304 913 330 s.
950 304 1177 331 Ausus-‘rim
1211 303 1390 331 EPtscol‘l

458 389 476 411 »
512 385 600 429 prae
632 369 912 429 participibus
946 368 1030 412 tuis
1051 370 1082 413 ².
1112 387 1131 409 »
1166 369 1276 412 Huic
1300 382 1404 426 ergo
1426 374 1470 409 et
1489 379 1607 408 nunc
1630 362 1790 407 dicitur
1816 383 1826 408 ε

456 460 476 482 «
511 443 640 494 Deus,
657 439 753 499 quis
772 437 918 482 similis
938 438 1019 481 erit
1040 438 1150 481 tibi?
1167 437 1345 482 »Multis
1369 435 1486 480 enim
1507 433 1656 478 similis
1678 433 1724 476 in
1746 433 1833 477 hu-

451 509 633 553 militate
656 523 744 552 esse
766 507 954 562 voluisti,
969 522 1109 567 usque
1129 516 1172 551 et
1192 506 1450 561 latronibus,
1469 505 1545 565 qui
1568 513 1713 548 tecum
1731 512 1834 548 sunt

449 579 665 624 crucifixi²
693 597 701 622 :
727 577 801 622 sed
823 578 869 620 in
891 576 1084 621 claritate
1106 592 1206 620 cum
1229 576 1390 630 venies,
1412 594 1432 616 «
1454 575 1559 627 Quis
1582 572 1729 617 similis
1751 572 1832 618 erit

453 668 473 691 υ
508 649 620 693 tibi?
645 665 665 688 »
691 646 808 699 Quid
830 646 944 689 enim
962 660 1168 703 magnum
1191 645 1370 699 dicitur,
1399 659 1500 689 cum
1522 647 1613 687 Deo
1635 643 1792 686 dicitur
1818 661 1827 687 ι

453 740 472 761 «
507 719 608 771 Quis
631 716 778 761 similis
801 716 882 760 erit
904 716 1012 760 tibi?
1039 734 1058 757 »
1085 716 1167 760 nisi
1196 715 1266 759 illa
1292 716 1460 760 dicatur
1487 734 1496 759 ε
1525 732 1544 755 ι(
1571 713 1657 766 Qui
1683 712 1831 758 similis

451 809 471 831 »
508 804 596 833 esse
618 787 867 831 hominibus
888 786 1041 841 voluit,
1065 785 1250 831 formam
1272 786 1381 830 servi
1400 784 1627 843 accipiens,
1644 783 1689 826 in
1710 783 1830 827 simi-

449 879 469 902 »
505 858 689 903 litudine
702 856 929 902 hominum
944 856 1100 910 factus,
1111 865 1154 900 et
1165 855 1322 899 habitu
1334 855 1535 898 inventus
1552 862 1603 897 ut
1622 853 1825 897 hom03P»

448 934 504 975 Et
527 930 623 975 ideo
645 945 734 974 non
756 929 814 973 ait
840 947 849 973 :
875 927 980 981 Quis
1002 926 1149 971 similis
1172 935 1236 970 est
1258 927 1367 971 tibi?
1396 924 1517 986 quod
1539 924 1691 984 utique
1714 933 1830 969 recte

448 1001 685 1056 diceretur,
712 1000 745 1044 si
766 1000 850 1044 hoc
872 998 927 1042 ad
951 999 1227 1043 Divinitatem
1250 997 1499 1042 referretur.
1518 995 1630 1048 Quia
1651 1011 1753 1040 vero
1776 994 1830 1040 ad

446 1071 631 1116 formam
654 1069 764 1114 servi
791 1069 974 1113 relatum
996 1077 1086 1124 est,
1114 1077 1217 1112 tunc
1241 1069 1331 1128 ejus
1349 1083 1372 1111 a
1395 1067 1560 1111 caeteris
1581 1065 1832 1110 hominibus

446 1140 749 1186 dissimilitudo
772 1139 998 1200 apparebit
1013 1174 1023 1194 ,
1049 1137 1224 1199 quando
1243 1137 1468 1197 apparebit
1489 1137 1534 1180 in
1559 1134 1707 1195 gloria.
1725 1135 1831 1180 Ideo

446 1212 666 1273 sequitur:
688 1231 707 1253 «
732 1213 820 1255 Nec
843 1220 981 1254 taceas
999 1244 1010 1264 ,
1037 1224 1178 1270 neque
1201 1208 1500 1268 compescaris,
1526 1210 1691 1251 Deus.»
1717 1207 1828 1259 Quia

447 1284 585 1343 primo
603 1281 767 1342 taquit,
793 1289 843 1324 ut
861 1279 1132 1339 judicaretur
1159 1298 1168 1324 ε
1194 1278 1372 1339 quando
1395 1278 1506 1322 sicut
1529 1292 1664 1336 agnus
1687 1291 1832 1321 coram

449 1353 658 1398 tondente
686 1367 729 1396 se
751 1351 836 1395 fuit
858 1354 948 1395 sine
970 1366 1100 1405 voce,
1127 1351 1187 1395 sic
1210 1366 1299 1395 non
1323 1349 1492 1409 aperuit
1513 1364 1559 1393 os
1583 1363 1711 1392 suum
1726 1349 1764 1403 4,
1789 1357 1834 1392 et

445 1440 565 1468 suam
590 1421 857 1481 compescuit
878 1430 1152 1480 potestatem.
1177 1423 1318 1473 Quam
1342 1429 1392 1463 ut
1413 1435 1458 1463 se
1474 1433 1746 1478 compescere
1764 1433 1834 1462 os-

448 1494 673 1548 tenderet,
701 1495 756 1537 ad
778 1492 897 1536 illam
924 1493 1016 1551 ejus
1048 1507 1199 1535 vocem
1222 1507 1308 1551 qua
1332 1490 1466 1534 dixit:
1496 1493 1621 1548 «Ego
1644 1503 1738 1533 sum
1753 1491 1790 1543 Β,
1808 1507 1829 1530 »

446 1566 491 1610 hi
514 1565 589 1625 qui
614 1579 715 1607 eum
738 1560 1157 1622 apprehendendum
1173 1560 1445 1621 quaerebant,
1463 1559 1686 1604 redierunt
1699 1568 1830 1614 retro,

447 1645 490 1680 ct
512 1635 779 1680 ceciderunt.
792 1632 978 1686 Quando
992 1648 1094 1691 ergo
1110 1640 1331 1676 teneretur
1346 1640 1476 1690 atque
1497 1639 1733 1689 pateretur,
1753 1629 1834 1673 nisi

448 1722 490 1751 se
511 1707 601 1766 ipse
618 1706 842 1750 cohiberet
856 1713 987 1764 atque
1006 1711 1314 1762 compesceret,
1331 1711 1373 1745 et
1390 1701 1582 1761 quodam
1601 1700 1732 1744 modo
1747 1700 1831 1743 mi-

452 1777 626 1835 tigaret?
646 1778 755 1821 Nam
779 1784 821 1819 et
842 1776 900 1819 sic
924 1773 1100 1834 quidam
1120 1772 1389 1832 interpretati
1410 1781 1511 1815 sunt
1533 1770 1653 1831 quod
1674 1771 1744 1815 hic
1761 1786 1834 1831 po-

448 1848 578 1891 situm
611 1855 705 1900 est,
740 1864 760 1887 «
792 1847 943 1905 Neque
977 1843 1276 1903 compescaris,
1308 1846 1422 1886 Deus
1441 1877 1450 1894 ,
1474 1860 1494 1882 »
1519 1850 1569 1885 ut
1601 1841 1796 1886 dicerent
1822 1861 1832 1887 ε

452 1938 472 1960 «
506 1921 656 1978 Neque
679 1917 890 1970 mitescas,
910 1919 1040 1959 Deus.
1060 1933 1079 1955 »
1095 1918 1189 1974 lpse
1208 1913 1311 1958 alibi
1334 1913 1439 1958 dicit
1465 1933 1473 1958 :
1504 1913 1689 1967 «Tacui,
1716 1929 1834 1957 nun-

451 2008 472 2031 »
508 1989 615 2049 quid
638 2003 806 2047 semper
827 1986 982 2030 tacebo
997 1987 1045 2029 ⁶?
1067 2004 1086 2026 »
1114 1985 1197 2030 Cui
1214 1985 1374 2029 dicitur
1389 1985 1484 2029 hic:
1506 1987 1605 2029 «Ne
1625 1993 1792 2030 taceas:
1811 2003 1831 2026 »

449 2060 504 2103 de
522 2059 597 2102 itlo
616 2058 718 2101 alibi
731 2057 905 2112 dicitur,
922 2059 1070 2100 «Deus
1086 2054 1340 2099 manifestus
1361 2054 1521 2110 veniet,
1541 2058 1654 2098 Deus
1670 2063 1832 2110 noster,

453 2150 473 2173 »
509 2139 551 2174 et
573 2146 661 2174 nou
684 2128 865 2172 silebit7.
884 2128 1082 2172 »Dicitur
1104 2127 1172 2171 hic
1190 2146 1198 2172 ε
1216 2129 1313 2171 «Ne
1337 2135 1489 2181 taceas,
1506 2144 1526 2167 »
1542 2126 1678 2170 tacuit
1690 2126 1804 2170 enim
1821 2160 1832 2181 ‚

452 2211 501 2246 ut
523 2200 818 2261 judicaretur,
843 2198 1020 2258 quando
1042 2197 1162 2242 venit
1183 2196 1378 2241 occultus
1401 2216 1409 2241 ;
1433 2212 1522 2241 non
1546 2205 1692 2241 autem
1717 2205 1834 2241 tace-

454 2273 520 2318 hit
537 2307 547 2326 ,
573 2280 622 2315 ut
638 2269 806 2330 judicet
821 2305 831 2324 ,
857 2268 1033 2329 quando
1055 2268 1201 2312 veniet
1221 2266 1487 2311 manifestus.

513 2345 594 2386 ΠΙ.
625 2361 642 2382 «
665 2340 997 2398 Quoniamkecce
1018 2338 1177 2382 inimici
1203 2338 1266 2382 tui
1290 2347 1546 2393 sonuerunt,
1572 2346 1614 2381 et
1636 2337 1712 2398 qui
1733 2337 1836 2382 ode-

456 2433 476 2455 »
513 2421 614 2457 runt
633 2421 673 2455 te
697 2410 943 2454 extulerunt
962 2410 1136 2468 caputss.
1166 2426 1185 2448 »
1212 2408 1471 2453 Novissimos
1488 2407 1577 2451 dies
1598 2408 1836 2465 significare

454 2485 560 2529 mihi
582 2482 775 2538 videtur,
808 2480 984 2542 quando
1007 2482 1100 2525 haec
1128 2496 1227 2540 quae
1251 2495 1368 2524 nunc
1392 2488 1512 2523 metu
1540 2479 1836 2538 comprimun-

505 2590 512 2605 ¹
541 2581 620 2614 psal.
638 2592 721 2621 μιν,
742 2591 774 2621 7,
794 2582 827 2612 8.
853 2597 894 2602 —-
914 2586 926 2601 2
948 2581 1020 2610 Luc.
1042 2589 1108 2617 xm,
1125 2578 1178 2610 33.
1206 2594 1245 2600 -
1265 2575 1277 2600 3
1295 2576 1405 2620 Philip.
1426 2588 1460 2617 ιι,
1476 2587 1506 2617 7.
1528 2592 1566 2599 —-
1593 2574 1697 2608 415111.
1719 2586 1782 2616 mu,
1803 2586 1834 2617 7.

457 2657 497 2662 —
517 2636 530 2661 5
546 2641 635 2670 Joau.
660 2647 750 2678 xvin,
771 2635 801 2668 5.
819 2653 859 2658 —
881 2633 895 2658 ⁶
911 2637 981 2667 lsai.
1006 2645 1079 2676 xtn,
1100 2633 1150 2676 14.
1175 2650 1212 2656 -
1232 2640 1245 2667 7
1267 2633 1343 2665 psal.
1366 2643 1450 2673 xmx,
1471 2633 1553 2664 3.-
1571 2630 1586 2654 8
1605 2632 1651 2664 ld.
1671 2642 1789 2672 Lxxxn,
1803 2630 1833 2663 3.

1902 569 1905 598 -,
1900 351 1905 557 --m-w
1901 330 1903 337 ,
1896 0 1926 314 „mmm-...3
