1926 3339
217 350 458 380 ENARRATJO
491 352 505 376 1
537 350 582 376 m
615 347 819 377 PsALMUM
851 349 1068 389 LXXXVIII,
1103 350 1242 381 senno
1274 357 1304 382 1.
1370 343 1454 383 263

6 418 9 427 ¹
71 416 181 461 titia.
208 414 390 461 Auferat
422 415 477 459 de
498 413 644 458 medio
671 413 884 474 justitiam
907 429 1054 468 suam,
1089 424 1134 460 et
1164 416 1419 463 humilietur
1442 440 1453 466 z

69 486 215 532 veniet
235 487 314 531 Dei
328 485 513 546 justitia,
528 493 572 529 et
593 483 869 530 exaltabitur.
890 487 982 530 «Et
1001 485 1049 529 in
1069 493 1143 531 tua
1155 487 1322 547 justitia
1345 489 1458 534 exal-

71 575 93 599 »
127 556 355 602 tabuntur.
378 574 399 598 »

60 650 63 651 ’
126 640 291 684 XVIII.
326 657 348 681 «
374 638 589 692 Quoniam
620 636 756 696 gloria
788 637 960 683 virtutis
992 644 1141 683 eorum
1173 648 1223 685 tu
1255 654 1325 697 es,
1350 649 1394 685 et
1413 642 1461 686 in

4 747 6 760 ,
69 727 91 751 »
125 709 400 769 beneplacito
423 718 500 753 tuo
516 707 780 752 exaltabitur
792 724 930 753 cornu
952 719 1151 754 nostrum
1166 712 1232 755 ¹.»
1249 711 1360 765 Quia
1375 712 1458 756 tibi

66 780 350 841 beneplacuit
367 816 378 836 ‚
403 796 493 825 non
514 779 617 841 quia
638 795 717 824 nos
736 780 857 840 digni
878 795 1042 826 sumus.

123 863 248 906 XIX.
280 881 300 904 «
324 862 541 915 Quoniam
570 861 744 905 Domini
768 870 829 905 est
852 862 1082 922 susceptio.
1112 880 1131 903 »
1161 865 1271 909 Nam
1305 879 1386 923 ego
1407 874 1459 909 ut

65 932 268 978 cumulus
299 948 442 976 arenae
479 932 692 993 impulsus
721 947 844 988 sum,
880 942 932 977 ut
959 932 1186 992 caderem3
1211 943 1255 979 et
1276 934 1459 980 cecidis-

60 1015 171 1060 sem,
194 1004 278 1048 nisi
300 1005 511 1048 Dominus
533 1004 789 1063 suscepisset
809 1018 893 1047 me.
916 1004 1171 1058 «Quoniam
1195 1005 1372 1050 Domini
1393 1015 1458 1052 est

1 1119 3 1129 1
65 1093 87 1116 »
121 1074 367 1134 susceptio:
390 1083 433 1118 et
455 1074 591 1118 sancti
614 1072 747 1118 Israel
766 1074 877 1133 regis
903 1074 1088 1119 nostri2.
1116 1094 1136 1116 n
1166 1078 1264 1136 Ipse
1281 1092 1458 1137 suscep-

62 1145 124 1190 tio
140 1181 151 1201 ,
175 1145 266 1206 ipse
285 1154 326 1189 te
342 1143 562 1189 illuminat
584 1164 592 1190 :
616 1145 661 1188 in
686 1145 777 1205 ejus
799 1144 965 1190 lumine
987 1155 1107 1191 tutus
1130 1162 1189 1202 es,
1206 1147 1252 1191 in
1275 1148 1366 1209 ejus
1383 1147 1458 1193 lu-

63 1217 180 1260 mine
209 1215 436 1272 ambulas,
465 1216 633 1277 justitia
664 1217 756 1276 ejus
788 1216 1001 1261 exaltaris.
1038 1220 1136 1278 Ipse
1163 1227 1206 1262 te
1241 1220 1456 1280 suscepit,

0 1286 3 1317 s
61 1287 361 1331 infirmitatem
392 1296 515 1331 tuam
535 1287 627 1347 ipse
660 1286 881 1343 custodit,
906 1287 998 1347 ipse
1030 1297 1073 1332 te
1096 1286 1200 1333 facit
1225 1289 1457 1335 robustum

61 1359 116 1402 de
137 1374 182 1402 se
199 1394 209 1413 ,
229 1374 320 1403 non
337 1358 392 1403 de
407 1367 465 1402 te.

119 1440 218 1483 XX.
252 1459 272 1482 «
299 1442 422 1485 Tunc
444 1439 618 1485 locutus
636 1455 679 1484 es
698 1440 745 1484 in
767 1449 944 1501 aspectu
960 1439 1059 1485 filiis
1075 1440 1177 1497 tuis,
1203 1450 1246 1485 et
1266 1440 1454 1487 dixistiss.

63 1527 84 1551 »
105 1513 297 1554 Locutus
320 1526 363 1555 es
381 1511 425 1554 in
445 1519 622 1570 aspectu
638 1520 731 1566 tuo,
747 1529 766 1553 »
786 1510 986 1555 revelasti
1001 1511 1086 1555 hoc
1109 1512 1337 1572 Prophetis
1352 1513 1452 1557 tuis.

0 1626 1 1630 ,
60 1581 166 1625 Ideo
188 1579 362 1625 locutus
384 1596 427 1624 es
449 1581 495 1623 in
526 1590 702 1640 aspectu
720 1616 731 1636 ,
756 1580 803 1625 id
823 1591 887 1625 est
901 1617 911 1637 ‚
944 1582 990 1626 in
1012 1581 1276 1627 revelatione
1296 1618 1307 1639 ,
1337 1583 1456 1628 unde

0 1689 1 1721 ἶ
60 1653 289 1713 Prophetae
302 1651 510 1696 Videntes
534 1651 834 1697 dicebantur4.
852 1652 1070 1698 Viderunt
1089 1653 1300 1714 quiddam
1316 1655 1451 1712 intus,

0 1729 1 1763 ἔ
58 1723 180 1785 quod
201 1723 396 1768 dicerent
424 1722 527 1768 foris
548 1743 557 1768 2
584 1733 627 1767 et
648 1723 694 1767 in
712 1723 886 1768 occulto
913 1723 1147 1769 audierunt
1168 1724 1288 1786 quod
1311 1725 1454 1786 palam

0 1834 1 1838 ,
58 1795 419 1855 praedicaverunt.
451 1815 469 1837 α
492 1798 615 1839 Tunc
636 1795 811 1839 locutus
833 1811 876 1839 es
894 1795 939 1839 in
962 1805 1140 1855 aspectu
1161 1796 1259 1841 filiis
1282 1797 1385 1853 tuis,
1411 1807 1454 1842 et

60 1884 80 1906 »
117 1864 259 1910 dixisti
281 1886 289 1909 :
316 1865 445 1909 Posui
463 1864 729 1925 adjutorium
751 1881 881 1925 super
900 1875 1139 1926 potentem.
1165 1886 1184 1907 »
1208 1866 1456 1927 Intelligitis

57 1953 188 1998 quem
212 1946 451 1997 potentem.
482 1955 502 1979 (ι
523 1937 720 1981 Exaltavi
738 1937 926 1981 electum
944 1938 999 1981 de
1020 1937 1185 1998 populo
1202 1955 1315 1983 meo.
1344 1957 1364 1981 >›
1385 1943 1454 1984 In-

56 2006 250 2066 telligitis
272 2022 405 2067 quem
427 2006 613 2051 electum
643 2027 651 2051 :
682 2023 813 2068 quem
832 2009 923 2068 jam
946 2008 1141 2066 gaudetis
1164 2008 1416 2053 exaltatum.

115 2091 237 2133 XXI.
268 2109 289 2132 «
316 2089 468 2134 Inveni
490 2090 628 2133 David
650 2105 822 2134 servum
846 2105 992 2134 meum
1009 2092 1022 2116 ⁵
1045 2106 1054 2132 ε
1085 2109 1104 2132 »
1129 2091 1261 2135 istum
1285 2092 1448 2148 David,

57 2175 106 2203 ex
128 2159 291 2203 semine
320 2159 473 2204 David.
500 2179 519 2201 «
548 2162 599 2204 In
630 2159 727 2204 oleo
748 2169 902 2205 sancto
934 2176 1032 2205 meo
1055 2162 1162 2205 unxi
1199 2177 1316 2206 eum.
1346 2181 1365 2203 »
1390 2165 1453 2207 De

56 2229 131 2275 illo
150 2230 267 2274 enim
290 2230 475 2276 dicitur:
505 2250 525 2273 «
556 2231 683 2275 Unxit
704 2239 772 2286 te,
790 2234 930 2289 Deus,
955 2235 1071 2277 Deus
1087 2241 1189 2277 tuus
1210 2231 1308 2278 oleo
1329 2233 1454 2278 exul-

57 2319 78 2342 »
113 2292 287 2348 tationis
310 2318 399 2362 prae
417 2301 703 2362 participibus
720 2302 846 2346 tui56.
871 2320 892 2344 »

65 2436 80 2441 μ’
108 2386 274 2436 XXII„
291 2403 312 2426 «
332 2388 487 2429 Manus
510 2384 627 2428 enim
647 2399 748 2439 mea
767 2383 1050 2431 auxiliabitur
1073 2386 1139 2441 ei,
1166 2396 1210 2431 et
1225 2387 1456 2432 brachium

59 2470 84 2496 »⁷
114 2470 262 2499 meum
289 2455 559 2512 confortabit
589 2472 688 2501 eum
704 2458 736 2501 ⁷.
762 2475 782 2499 »
811 2457 1064 2502 Secundum
1086 2456 1208 2517 quod
1237 2460 1456 2518 susceptio

55 2524 244 2570 hominis
257 2519 377 2570 facta
403 2536 481 2582 est,
507 2527 751 2571 secundum
773 2527 895 2587 quod
917 2544 1017 2572 caro
1040 2528 1085 2571 in
1111 2537 1237 2573 utero
1261 2529 1454 2588 Virginis

106 2639 115 2654 ¹
133 2633 215 2665 Psal.
235 2645 397 2674 Lxxxvm,
424 2634 476 2666 18.
500 2651 539 2655 —
569 2641 580 2656 ²
604 2634 684 2666 ibid.
707 2646 754 2676 ¹9-
779 2652 820 2657 ——
840 2634 853 2658 3
875 2635 954 2667 lbid.
971 2644 1024 2667 ¹20.
1054 2653 1093 2658 —
1113 2635 1127 2663 4
1151 2647 1161 2667 ι
1193 2639 1268 2670 Rea.
1288 2647 1331 2675 ix,
1351 2648 1372 2676 9
1405 2653 1435 2660 ν-

61 2686 74 2709 5
90 2688 167 2719 psal.
195 2700 476 2726 =,xxxv111‚z)1.-
493 2688 507 2709 ‘5
533 2690 578 2719 hl.
598 2700 679 2725 mv,
697 2696 727 2720 ὅ.
754 2707 793 2711 -
814 2697 826 2719 7
849 2693 1067 2730 Lismwwu,
1089 2700 1140 2721 Ἡ.
