1926 3339
456 239 539 278 418
887 250 920 277 s.
957 251 1187 278 Auous‘rim
1219 252 1400 278 EPISCOPI

451 316 533 360 Hic
553 316 699 374 accipe
721 315 917 359 homines
949 315 1053 360 deos
1078 335 1087 360 ε
1120 331 1210 360 non
1240 316 1357 359 enim
1379 330 1452 358 rex
1476 315 1685 358 Dominus
1707 330 1836 373 super

400 397 406 400 ”
447 385 678 430 daemonia.
719 389 776 430 Et
818 386 919 430 hinc
964 386 1175 429 habemus
1216 385 1452 444 Scripturae
1492 384 1791 428 testimonium
1823 403 1834 429 ς

456 476 473 497 «
509 460 622 501 Deus
644 458 763 501 stetit
782 458 829 500 in
856 472 1076 515 synagoga
1097 456 1278 500 deorum
1295 478 1307 514 3
1325 456 1371 500 in
1393 456 1536 500 medio
1559 464 1707 499 autem
1735 455 1839 499 deos

450 546 469 568 »
506 526 794 571 discernere1.
827 548 843 567 »
877 530 987 570 Deos
1021 526 1132 569 dixit
1158 527 1515 585 participatione,
1540 541 1631 570 non
1654 534 1838 576 natura;

453 599 587 656 gratia
603 633 614 651 ,
643 614 728 658 qua
747 598 888 642 voluit
904 597 1044 641 facere
1057 597 1176 641 deos.
1195 600 1393 650 Quantus
1412 599 1527 641 Deus
1544 598 1621 656 qui
1643 596 1748 641 facit
1777 604 1841 639 est

449 669 578 712 deos?
592 672 680 712 Aut
693 669 842 728 quales
857 667 916 711 dii
934 677 1036 711 sunt
1052 683 1160 727 quos
1180 667 1286 712 facit
1304 668 1612 720 l1omo?Quam
1629 667 1704 711 ille
1721 682 1844 725 mag-

449 754 530 782 nus
557 739 660 782 deos
689 737 916 793 faciendo,
952 747 1041 782 tam
1075 737 1143 781 isti
1172 737 1283 781 nihil
1315 738 1393 798 qui
1433 738 1488 781 ab
1526 737 1704 781 homine
1737 735 1844 781 facti

446 819 562 853 sunt.
585 813 699 854 Deus
719 825 846 854 verus
871 808 975 854 facit
999 810 1104 854 deos
1125 808 1353 853 credentes
1375 809 1421 852 in
1443 824 1487 853 se
1503 844 1513 863 ,
1535 809 1696 869 quibus
1719 807 1844 852 dedit

443 888 703 939 potestatem
723 879 833 924 filios
853 880 931 924 Dei
954 880 1094 923 ssei-12.
1121 883 1179 923 Et
1200 879 1299 923 ideo
1322 879 1413 938 ipse
1430 894 1557 923 verus
1581 882 1719 934 Deus,
1742 879 1844 939 quia

444 952 559 993 Deus
582 966 672 994 non
693 949 834 994 factus
856 958 919 993 est
951 969 960 994 :
988 965 1066 994 nos
1089 960 1238 994 autem
1259 949 1388 1005 facti,
1413 965 1504 994 non
1526 949 1617 993 veri.
1637 948 1724 1004 dii,
1749 963 1845 992 me-

446 1020 574 1065 liores
596 1030 743 1066 tamen
769 1020 853 1065 illis
881 1037 991 1081 quos
1014 1022 1147 1066 homo
1170 1021 1290 1065 facit.
1320 1041 1341 1063 «
1367 1021 1586 1074 Quoniam
1614 1019 1869 1076 simulacra,

452 1110 471 1131 »
508 1093 702 1150 gentium
723 1101 949 1149 argentum
971 1102 1015 1136 et
1032 1107 1204 1146 aurum,
1222 1108 1331 1151 opus
1349 1107 1561 1135 manuum
1585 1091 1844 1136 hominum:

453 1180 472 1202 »
509 1178 555 1206 os
586 1162 751 1205 habent
773 1197 783 1217 ‚
819 1171 863 1206 et
891 1177 981 1205 non
1003 1161 1270 1222 loquentum,
1310 1161 1461 1206 oculos
1480 1162 1646 1205 habent
1674 1171 1717 1206 et
1755 1176 1847 1205 non

450 1250 470 1273 »
506 1231 764 1276 videbunt3.
794 1250 814 1273 »
839 1232 970 1277 Nobis
993 1242 1142 1276 autem
1165 1236 1278 1276 Deus
1304 1241 1452 1276 noster
1478 1231 1627 1276 oculos
1648 1230 1849 1275 videntes

447 1300 564 1345 fecit.
584 1304 673 1347 Nec
696 1302 741 1345 in
759 1317 811 1346 eo
833 1311 980 1346 tamen
998 1319 1075 1348 nos
1093 1301 1197 1348 deos
1219 1301 1338 1357 fecit,
1355 1303 1456 1363 quia
1475 1302 1684 1346 videntes
1700 1300 1849 1346 oculos

448 1372 574 1416 nobis
592 1372 718 1430 fecit3
738 1388 839 1417 nam
861 1372 965 1417 fecit
986 1374 1070 1417 hoc
1088 1382 1129 1418 et
1146 1374 1378 1434 pecoribus
1395 1393 1404 1418 2
1425 1372 1502 1418 sed
1522 1372 1623 1417 ideo
1641 1388 1721 1417 nos
1739 1371 1848 1416 deos
1909 1395 1913 1398 «

449 1442 579 1497 fecit,
606 1443 707 1502 quia
730 1443 956 1487 interiores
978 1442 1130 1488 oculos
1158 1453 1327 1488 nostros
1349 1442 1629 1487 illuminavit.
1655 1445 1769 1500 Ergo
1787 1441 1842 1486 sit

450 1512 544 1556 laus
564 1512 625 1556 illi
656 1532 664 1557 :
696 1514 909 1558 confessio
930 1513 1023 1568 illi,
1053 1514 1106 1557 sit
1129 1513 1334 1574 jubilatio
1355 1513 1449 1558 illi:
1479 1532 1498 1554 «
1527 1513 1639 1566 Quia
1665 1527 1849 1571 magnus

455 1602 475 1623 »
511 1593 575 1627 est
593 1584 800 1628 Dominus
812 1620 831 1638 ‚X
842 1593 885 1628 et
906 1600 980 1627 rex
998 1599 1180 1643 magnus
1202 1599 1333 1643 super
1352 1598 1503 1628 omnes
1525 1583 1646 1627 deos.
1675 1601 1696 1623 »

511 1656 611 1698 VII.
637 1673 658 1696 «
683 1655 789 1707 Quia
811 1670 901 1698 non
919 1653 1100 1714 repellet
1122 1655 1332 1699 Dominus
1350 1653 1527 1713 plebem
1549 1668 1699 1697 suam:
1721 1652 1850 1697 »laus

456 1725 539 1780 illi,
559 1724 763 1784 jubilatio
786 1724 865 1768 illi.
893 1727 1034 1777 Quam
1057 1724 1231 1783 plebem
1254 1740 1345 1768 non
1367 1723 1582 1783 repellet?
1619 1723 1702 1768 Hic
1724 1723 1852 1767 nobis

455 1796 731 1855 interpretari
754 1795 922 1855 aliquid
947 1811 1037 1839 non
1058 1794 1157 1839 licet
1185 1814 1194 1839 z
1225 1794 1526 1854 praescriptum
1548 1793 1765 1841 habemus
1796 1793 1852 1838 ab

458 1865 666 1926 Apostolo
683 1900 694 1920 ‚
720 1866 917 1925 exposuit
938 1867 1018 1909 hoc
1041 1864 1275 1924 Apostolus
1301 1865 1420 1908 unde
1437 1864 1492 1908 sit
1516 1862 1725 1908 dictum4.
1747 1866 1854 1907 Erat

459 1936 575 1980 enim
595 1935 716 1995 plebs
733 1935 895 1995 judaea,
921 1935 1044 1995 plebs
1060 1935 1139 1979 ubi
1162 1934 1343 1992 fuerunt
1361 1935 1610 1994 Prophetae,
1632 1933 1757 1994 plebs
1775 1933 1854 1978 ubi

460 2007 639 2052 fuerunt
660 2008 941 2062 Patriarchae‚
966 2006 1089 2066 plebs
1119 2006 1251 2050 etiam
1270 2005 1516 2050 secundum
1550 2020 1726 2049 carnem
1747 2020 1852 2064 pro—

459 2087 615 2138 pagata
632 2077 687 2122 de
708 2078 870 2122 semine
884 2077 1097 2133 Abrahae3
1117 2076 1239 2136 plebs
1261 2076 1308 2119 in
1325 2092 1408 2136 qua
1431 2084 1746 2135 praecesserunt
1762 2091 1854 2119 om-

462 2150 534 2193 nia
561 2157 828 2193 sacramenta
862 2147 1127 2192 salvatorem
1153 2156 1350 2191 nostrum
1374 2146 1700 2206 promittentia3
1728 2145 1854 2205 plebs

462 2219 541 2263 ubi
563 2219 811 2263 institutum
830 2227 894 2262 est
913 2216 1146 2276 templum,
1163 2217 1329 2272 unctio,
1355 2216 1555 2261 sacerdos
1577 2217 1632 2261 ad
1648 2217 1850 2275 figuram,

463 2299 513 2334 ut
540 2305 643 2333 cum
665 2303 814 2333 omnes
832 2288 935 2347 ipsae
956 2288 1123 2331 umbrae
1148 2287 1440 2346 praeterirent,
1462 2287 1554 2346 ipsa
1575 2286 1651 2330 lux
1672 2286 1854 2331 adveni·

464 2370 529 2404 ret
551 2380 559 2405 :
586 2369 678 2403 erat
703 2374 804 2417 ergo
825 2359 904 2402 ista
924 2358 1048 2417 plebs
1069 2358 1145 2402 Dei
1163 2379 1174 2415 3
1198 2357 1254 2401 ad
1282 2373 1378 2401 eam
1396 2358 1627 2417 Prophetae
1645 2356 1786 2411 missi,
1805 2356 1853 2401 in

462 2431 535 2476 illa
559 2431 649 2474 nati
670 2431 746 2490 qui
768 2429 910 2486 missi3
937 2429 975 2472 ei
996 2427 1154 2472 tradita
1171 2438 1214 2471 et
1242 2428 1408 2472 credita
1425 2427 1599 2487 eloquia
1618 2427 1710 2471 Dei.
1737 2426 1855 2481 Quid

464 2503 591 2561 ergo?
613 2510 757 2545 totum
770 2498 882 2543 illud
903 2499 1160 2543 damnatum
1181 2500 1274 2543 est?
1292 2498 1432 2543 Absit.
1449 2498 1592 2542 Arbor
1610 2497 1738 2542 olivae
1763 2498 1854 2558 ipsa

515 2595 523 2612 ¹
545 2587 622 2620 Psal.
643 2597 751 2628 mxxi,
774 2598 801 2618 1.
826 2603 865 2609 ——
886 2593 899 2608 ²
919 2588 1010 2618 Joan.
1031 2597 1054 2627 1,
1076 2593 1125 2617 12.
1144 2601 1186 2608 -
1205 2583 1218 2607 3
1236 2584 1315 2617 Psal.
1333 2583 1474 2626 cx111,4‚
1496 2584 1528 2616 5.
1544 2601 1586 2607 --
1604 2583 1621 2613 4
1638 2587 1728 2617 Rom.
1751 2594 1797 2625 xi,
1821 2595 1850 2623 r.
