1926 3339
386 279 626 309 ENARRATto
658 282 704 308 m
736 278 940 309 PsALMUM
973 283 1104 310 xcvn.
1364 272 1450 313 479

70 364 90 388 »
124 345 349 390 ,Iudicabit
371 346 524 390 orbem
544 355 670 390 terrae
697 345 743 389 in
759 346 942 405 justitia,
968 356 1011 391 et
1033 346 1216 406 populos
1239 349 1284 391 in
1312 350 1451 409 aequi-

69 434 90 458 >›
125 425 228 462 tate.
260 435 280 459 ³)
308 415 537 462 Gaudeant
561 430 662 474 ergo
683 425 852 460 montes
886 436 894 461 :
925 416 999 460 ille
1030 417 1146 460 enim
1174 432 1263 461 non
1294 418 1451 477 injuste

62 486 309 550 judicabit.·
327 491 520 532 Venturo
545 485 658 532 forte
680 487 827 548 aliquo
849 488 999 548 judice
1022 488 1226 543 homine,
1264 487 1336 532 cui
1363 503 1453 532 non

67 567 208 618 potest
240 567 389 618 patere
419 557 707 613 conscientia,
732 558 1068 603 contremiscant
1096 558 1292 603 homines
1326 558 1454 601 etiam

66 628 343 683 innocentes,
375 627 408 671 si
431 628 485 672 ab
522 628 615 687 ipso
646 637 874 688 expectant
903 629 1133 688 praemium
1164 627 1308 672 laudis
1327 663 1337 683 ‚
1385 626 1455 671 vel

67 700 224 744 timent
248 715 421 757 poenam
443 698 733 744 damnationis
759 716 768 741 ε
796 701 973 761 quando
994 700 1067 744 ille
1091 701 1237 745 veniet
1265 700 1341 760 qui
1362 698 1454 743 falli

68 785 158 815 non
185 779 355 830 potest,
383 769 600 828 gaudeant
622 780 818 827 montes,
843 771 982 815 securi
1007 769 1226 830 gaudeant
1251 790 1264 828 3
1291 769 1454 813 illumi—

69 841 295 885 nabuntur
327 840 381 885 ab
413 856 492 896 eo,
525 856 617 885 non
655 840 983 885 damnabuntur
1013 861 1022 885 :
1063 840 1280 899 gaudeant
1307 875 1316 895 ,
1353 840 1456 900 quia

68 912 213 957 veniet
229 912 440 956 Dominus
457 911 654 972 judicare
677 913 829 957 orbem
850 922 1061 957 terrarum
1082 913 1128 955 in
1150 912 1355 971 aequitate
1377 931 1385 955 :
1407 926 1456 955 ac

72 984 106 1028 si
127 994 297 1029 montes
323 985 429 1046 justi
460 985 680 1044 gaudent,
705 985 844 1045 iniqui
876 984 1226 1029 contremiscant.
1255 983 1339 1028 Sed
1361 999 1460 1027 ecce

72 1056 268 1100 nondum
286 1057 405 1101 venit
425 1093 435 1112 ‚
465 1057 574 1117 quid
596 1073 703 1117 opus
726 1065 789 1100 est
811 1065 861 1100 ut
891 1057 1111 1100 tremant?
1145 1054 1455 1113 Corrigantur‚

73 1137 115 1172 et
139 1128 370 1187 gaudeant.
390 1131 442 1171 In
463 1137 677 1187 potestate
699 1137 773 1172 tua
796 1136 874 1182 est,
900 1125 1122 1187 quomodo
1144 1134 1341 1185 expectes
1357 1140 1463 1168 ven-

73 1208 223 1243 turum
245 1200 482 1245 Christum.
509 1198 615 1243 Ideo
634 1198 782 1243 differt
798 1199 945 1243 venire
960 1234 971 1254 ‚
996 1207 1046 1242 ut
1067 1212 1166 1242 cum
1188 1196 1355 1242 venerit
1373 1211 1462 1240 non

73 1280 116 1315 te
138 1271 333 1333 damnet.¹
357 1275 471 1316 Ecce
492 1270 691 1316 nondum
718 1271 862 1327 venit,
897 1270 969 1314 ille
1005 1271 1050 1314 in
1080 1269 1193 1314 coelo
1228 1277 1291 1313 est
1308 1304 1319 1324 ‚
1343 1277 1393 1312 tu
1416 1268 1463 1311 in

60 1353 187 1389 .terra
221 1364 230 1388 :
266 1344 339 1388 ille
361 1344 510 1388 differt
532 1344 791 1399 adventum,
828 1353 877 1388 tu
899 1342 988 1387 noli
1012 1342 1189 1386 differre
1212 1339 1457 1385 consilium.

74 1415 300 1459 Adventus
322 1415 454 1474 ipsius
476 1415 612 1459 durus
636 1424 700 1459 est
721 1414 862 1470 duris,
888 1414 1002 1458 mitis
1020 1423 1083 1458 est
1104 1413 1198 1473 piis.
1224 1411 1336 1456 Vide
1360 1426 1462 1470 ergo

75 1486 207 1531 modo
230 1496 279 1531 tu
300 1487 376 1548 qui
394 1487 447 1531 sis
469 1506 477 1532 :
504 1486 538 1531 si
560 1486 696 1531 durus
714 1521 724 1541 ‚
757 1486 858 1530 licet
882 1485 960 1529 tibi
982 1485 1231 1531 mitescere:
1255 1483 1289 1527 si
1311 1482 1426 1527 mitis
1445 1517 1457 1538 ‚

70 1559 161 1618 jam
199 1558 340 1615 gaude
374 1567 626 1603 venturum.
662 1557 931 1602 Christianus
958 1556 1072 1599 enim
1096 1570 1155 1599 es.
1182 1557 1269 1609 Ita,
1299 1553 1459 1614 inquis.

75 1628 220 1674 Credo
241 1628 363 1690 quod
380 1645 474 1674 oras
491 1665 502 1685 ‚
526 1639 569 1674 et
593 1628 700 1674 dicis
721 1648 729 1673 ε
755 1648 775 1670 «
801 1627 1014 1673 Adveniat
1037 1640 1221 1684 regnum
1243 1626 1413 1669 tuum1.
1441 1642 1462 1666 »

76 1700 211 1759 Optas
235 1709 285 1744 ut
312 1701 488 1755 veniat,
524 1715 656 1760 quem
684 1700 807 1744 times
831 1714 887 1744 ne
919 1697 1078 1744 veniat.
1105 1694 1284 1756 Corrige
1319 1704 1389 1752 te,
1415 1703 1465 1739 ut

78 1787 168 1816 non
190 1786 284 1816 ores
307 1780 458 1816 contra
476 1780 533 1816 te.

128 1876 136 1893 ¹
158 1869 272 1902 Matth.
292 1881 336 1908 vn,
358 1881 409 1903 10.
