1926 3339
454 294 536 332 146
877 305 911 332 s.
947 306 1177 334 ‘mensum
1211 308 1394 334 EPISCOPI

448 369 640 423 deratur,
675 369 736 412 ibi
764 369 933 428 capitur
963 389 972 413 :
996 370 1067 425 hic
1095 370 1349 429 suspiratur,
1384 369 1447 412 ibi
1482 367 1695 426 gaudetur
1724 387 1733 413 ε
1768 369 1840 413 hic
1902 372 1907 437 ἑ

450 448 612 494 oratur,
632 439 692 482 ibi
713 438 916 482 laudatur
941 459 949 482 :
975 439 1045 482 hic
1069 440 1284 497 gemitur,
1316 439 1376 482 ibi
1399 437 1630 482 exultatur.
1656 441 1715 482 Ea
1740 454 1840 498 quae
1899 439 1909 506 J

450 508 537 553 dixi
551 511 673 568 quasi
695 509 804 553 dura
824 510 892 552 hic
911 524 1040 553 nemo
1061 519 1297 564 aversetur,
1316 524 1446 553 nemo
1464 509 1586 569 quasi
1608 507 1718 552 nolit
1732 509 1836 567 pati.
1904 560 1907 569 μ

451 578 738 624 Metuendum
760 589 844 633 est,
870 595 925 622 ne
950 594 1056 632 uva,
1091 578 1197 623 dum
1219 580 1410 624 torcular
1431 580 1583 633 timet,
1615 579 1669 622 ab
1691 578 1841 623 avibus
1900 577 1907 601 ⁵

449 650 519 694 vel
553 666 576 693 a
603 650 704 693 feris
735 648 1004 693 comedatur.
1048 653 1100 693 In
1129 665 1283 707 magna
1317 650 1490 694 videtur
1525 649 1695 693 tristitia
1726 665 1837 704 esse,

447 735 548 763 cum
570 719 675 763 dicit
696 738 708 764 -:
736 719 1015 778 Concupiscit
1035 729 1078 763 et
1100 719 1251 763 deficit
1272 720 1415 763 anima
1438 734 1533 762 mea
1555 719 1601 762 in
1622 719 1730 763 atria
1749 721 1839 763 Do-

453 809 474 831 »
507 790 615 833 mini
640 808 650 834 :
679 809 699 831 »
725 806 815 834 non
835 789 951 833 enim
974 790 1108 833 habet
1128 788 1247 849 quod
1264 788 1497 833 desiderat.
1521 788 1605 834 Sed
1623 789 1842 849 numquid

447 860 539 904 sine
567 859 726 919 gaudio
744 862 834 905 est?
858 863 955 913 Quo
985 859 1169 919 gaudio?
1191 859 1322 913 Quod
1341 859 1401 903 ait
1423 858 1656 918 Apostolus
1680 875 1689 900 ε
1715 877 1736 901 «
1757 861 1841 918 Spe
1907 884 1909 886 -

453 950 472 972 »
507 930 763 988 gaudentes.
789 948 809 972 »
846 931 913 975 Ibi
942 932 1032 990 jam
1060 946 1106 974 re
1133 929 1369 988 gaudebit,
1399 928 1532 973 modo
1565 928 1709 973 adhuc
1745 944 1835 988 spe.
1898 930 1904 940 ’

450 1000 644 1062 Ideoque
665 1002 741 1062 qui
762 1017 836 1060 spe
865 1001 1057 1059 gaudent
1072 1037 1083 1057 ,
1103 1002 1204 1061 quia
1227 1001 1334 1045 certi
1366 1010 1468 1045 sunt
1497 1016 1540 1044 se
1563 1009 1836 1060 accepturos,
1902 1003 1907 1016 ²

450 1070 638 1115 tolerant
659 1072 706 1115 in
739 1072 945 1116 torculari
973 1087 1122 1116 omnes
1156 1086 1391 1130 pressuras.
1420 1074 1652 1130 Propterea
1681 1079 1724 1113 et
1749 1070 1840 1129 ipse

448 1141 681 1200 Apostolus
707 1157 806 1186 cum
829 1141 1000 1185 dixisset
1021 1157 1030 1182 t
1059 1161 1078 1183 «
1111 1143 1193 1201 Spe
1215 1142 1477 1198 gaudentes3
1500 1160 1520 1182 »
1542 1141 1666 1201 quasi
1686 1140 1841 1189 hislo-
1901 1161 1913 1197 g

450 1220 673 1271 queretur,
698 1212 774 1272 qui
791 1213 882 1272 jam
903 1212 949 1254 in
972 1211 1176 1255 torculari
1201 1220 1328 1268 sunt,
1348 1210 1515 1255 addidit
1539 1211 1682 1255 statim
1710 1230 1719 1254 :
1748 1229 1769 1252 «
1788 1212 1840 1255 In
1902 1259 1904 1265 ,

396 1288 400 1291 ’
451 1299 471 1322 »
507 1281 789 1325 tribulatione
814 1282 1037 1340 patientes.
1066 1284 1116 1324 In
1138 1280 1443 1335 tribulatione,
1467 1281 1638 1340 inquit,
1664 1280 1839 1340 patien-
1898 1282 1909 1333 “.’,’

452 1372 470 1392 »
509 1361 568 1395 tes
589 1371 598 1396 ;
621 1351 729 1410 quid
756 1351 939 1396 deinde?
961 1355 1011 1395 In
1034 1352 1226 1395 oratione
1254 1350 1486 1395 tolerantes
1508 1354 1538 1394 ¹.
1568 1370 1588 1392 υ)
1613 1350 1726 1403 Quid
1745 1361 1836 1408 est,
1899 1342 1908 1393 ἶ

452 1441 472 1462 «
509 1422 788 1465 Tolerantes?
817 1443 834 1463 »
867 1422 978 1475 Quia
1006 1421 1273 1465 differimini.
1310 1422 1450 1465 Oratis
1483 1429 1526 1464 et
1553 1420 1835 1477 differimini,

448 1492 628 1536 tolerate
650 1493 769 1553 quod
791 1493 1057 1537 differimini.
1086 1492 1312 1536 Toleretur
1333 1491 1455 1553 quod
1481 1491 1706 1549 differtur,
1736 1492 1838 1552 quia
1898 1500 1902 1551 j

448 1578 547 1607 cum
567 1564 762 1618 venerit,
787 1580 876 1608 non
903 1563 1116 1607 aufertur.
1902 1611 1907 1622 Ι,

506 1636 604 1678 VII.
627 1633 798 1678 Audisti
821 1634 1030 1691 gemitum
1052 1634 1098 1676 in
1112 1632 1338 1677 torculari:
1355 1653 1371 1674 «
1389 1633 1614 1678 Desiderat
1630 1642 1674 1677 et
1692 1632 1838 1677 deficit

451 1722 472 1744 »
507 1704 650 1747 anima
673 1720 764 1748 mea
794 1706 840 1748 in
869 1705 975 1748 atria
1010 1703 1211 1748 Domini:
1238 1722 1258 1745 ³>
1291 1704 1393 1748 audi
1422 1702 1541 1746 unde
1569 1702 1725 1757 duret,
1762 1717 1838 1762 spe
1898 1700 1905 1750 ,’

448 1773 640 1832 gaudens
657 1790 665 1816 :
696 1794 716 1817 «
736 1778 822 1820 Cor
839 1790 987 1818 meum
1009 1784 1053 1818 et
1069 1790 1168 1818 caro
1191 1790 1286 1818 mea
1309 1774 1611 1818 exultaverunt
1631 1773 1678 1817 in
1698 1776 1837 1818 Deum
1899 1797 1903 1819 ι

453 1865 472 1886 »
506 1846 670 1889 vivum.
690 1863 710 1886 »
727 1844 1044 1889 Exultaverunt
1065 1844 1134 1888 hic
1151 1845 1196 1887 in
1218 1843 1342 1888 illud.
1368 1843 1494 1888 Unde
1511 1843 1736 1898 exultatio,
1757 1843 1838 1888 nisi

448 1914 504 1958 de
525 1916 629 1974 spe?
646 1917 744 1967 Quo
760 1913 1096 1958 exultaverunt?
1122 1933 1142 1955 «
1170 1917 1221 1957 In
1243 1920 1378 1957 Deum
1394 1914 1558 1958 vivum.
1590 1933 1607 1954 »
1629 1917 1734 1966 Quae
1757 1913 1838 1957 tibi
1899 1926 1902 1969 j

448 1984 782 2029 exultaverunt?
802 2004 822 2026 «
841 1987 927 2028 Cor
949 1998 1095 2027 meum
1112 1992 1154 2026 et
1172 1999 1272 2027 caro
1290 1999 1400 2027 mea.
1425 2002 1444 2024 »
1467 1982 1593 2028 Unde
1614 1982 1838 2028 exultave-
1900 1987 1903 1992 '

446 2058 579 2100 runt?
607 2076 627 2098 «
654 2059 762 2101 Nam
796 2065 839 2099 et
860 2071 1019 2115 passer,
1043 2055 1211 2114 inquit,
1245 2055 1411 2098 invenit
1440 2054 1521 2098 sibi
1554 2053 1734 2098 domum
1751 2089 1762 2108 ,
1788 2060 1839 2098 ut
1898 2047 1902 2094 ζ

448 2145 471 2168 »
506 2136 652 2171 turtur
674 2125 826 2169 nidum
853 2125 961 2180 sibi,
986 2125 1062 2169 ubi
1087 2135 1219 2184 ponat
1242 2125 1384 2184 pullos
1414 2126 1557 2169 suos2.
1587 2143 1607 2166 »
1639 2123 1754 2177 Quid
1775 2134 1840 2169 est
1879 2134 1881 2136 ’

446 2198 562 2241 hoc?
590 2203 682 2240 Duo
720 2195 914 2249 dixerat,
956 2204 998 2239 et
1037 2195 1126 2239 duo
1165 2195 1354 2240 reddidit
1393 2195 1439 2238 in
1480 2194 1838 2239 similitudinibus
1898 2208 1903 2215 ·

448 2267 595 2311 avium
615 2282 624 2307 z
645 2265 812 2310 dixerat
839 2265 1048 2309 exultasse
1070 2281 1145 2310 cor
1167 2281 1294 2309 suum
1312 2300 1323 2319 ,
1345 2274 1388 2309 et
1413 2279 1588 2309 carnem
1620 2280 1764 2320 suam,
1794 2274 1839 2310 et
1900 2268 1906 2318 ἦ

446 2337 512 2381 his
539 2336 712 2381 duobus
734 2335 925 2379 reddidit
952 2351 1166 2394 passerem
1194 2344 1237 2379 et
1260 2344 1474 2379 turturem
1495 2351 1504 2376 ι
1531 2350 1607 2378 cor
1626 2343 1837 2394 tanquam
1898 2336 1906 2351 ⁴

447 2422 607 2466 passer,
632 2423 731 2451 caro
748 2416 957 2466 tanquam
985 2415 1144 2449 turtur.
1172 2406 1343 2449 Invenit
1364 2405 1446 2449 sibi
1467 2404 1648 2449 domum
1676 2421 1833 2465 passer,

447 2478 616 2521 invenit
637 2478 717 2521 sibi
740 2477 921 2520 domum
942 2491 1016 2520 cor
1035 2491 1197 2519 meum.
1220 2478 1400 2519 Exercet
1417 2491 1579 2535 pennas
1596 2475 1642 2518 in
1658 2476 1837 2520 virtuti-
1897 2470 1904 2514 ⁴,

447 2549 529 2592 bus
547 2548 673 2607 hujus
688 2547 909 2606 temporis,
925 2547 970 2589 in
990 2547 1080 2605 ipsa
1102 2545 1188 2590 fide
1210 2554 1253 2590 et
1270 2561 1345 2606 spe
1367 2555 1410 2590 et
1430 2546 1656 2600 charitate,
1677 2545 1836 2606 quibus

499 2639 507 2655 ¹
527 2634 617 2664 Rom.
641 2641 697 2672 ιιι,
719 2638 768 2663 ι2.
792 2647 829 2653 -
849 2637 861 2653 2
881 2629 959 2661 Psal.
983 2639 1115 2670 unni,
1136 2628 1167 2670 4.
