1926 3339
453 343 532 381 108
889 343 921 372 s.
958 339 1188 370 Aucus‘nm
1221 335 1401 363 Eriscom

451 417 623 464 Domini
664 419 976 459 consecratum.
1016 405 1133 458 Quid
1168 403 1289 446 times
1335 398 1480 444 venire
1505 398 1522 441 Ρ
1559 392 1832 440 Conscientia

452 489 562 533 forte
592 486 836 545 aliquorum
869 476 1126 523 immanium
1160 471 1420 516 delictorum
1448 465 1661 519 stimulat,
1693 471 1736 507 et
1756 477 1833 506 ex-

451 558 615 603 cruciat
635 557 679 598 in
696 563 738 597 te
757 552 949 595 animum
963 581 974 601 ‚
991 555 1035 589 et
1053 543 1159 587 dicit
1182 541 1256 585 tibi
1281 550 1370 585 tam
1392 552 1600 596 magnum
1618 549 1706 579 esse
1723 532 1835 577 illud

451 628 571 688 quod
591 622 863 674 commisisti,
888 627 939 662 ut
960 616 1158 674 desperes
1175 611 1254 656 tibi
1276 609 1451 654 dimitti.
1474 608 1595 652 Time
1622 620 1678 649 ne
1695 618 1838 648 rema-

452 707 553 742 neat
583 692 748 754 aliquid
780 698 1059 750 peccatorum
1078 719 1088 739 ‚
1128 683 1163 727 si
1191 681 1296 727 vixit
1327 679 1480 739 aliquis
1510 675 1833 735 AEgyptiorum.

453 771 563 813 Cum
578 773 723 808 autem
735 759 950 805 transieris
963 756 1165 802 Rubrum
1187 753 1321 796 mare¹
1331 786 1341 806 ,
1355 765 1456 794 cum
1470 747 1653 792 eductus
1665 744 1796 789 fueris
1813 758 1838 787 a

453 835 618 882 delictis
635 834 719 878 tuis
737 833 782 875 in
802 845 937 874 manu
957 824 1126 888 potenti
1147 832 1191 867 et
1211 821 1390 866 brachio
1407 818 1535 873 forti,
1554 824 1839 877 percepturus

453 923 497 962 cs
517 905 721 964 mysteria
740 918 838 963 quae
863 916 953 945 non
975 910 1155 942 noveras
1181 913 1191 939 z
1217 893 1319 954 quia
1336 900 1381 935 et
1402 891 1492 950 ipse
1509 887 1669 947 Joseph
1691 886 1840 930 «Cum

455 997 476 1020 »
511 976 644 1020 exiret
660 973 715 1018 de
737 982 850 1016 terra
872 967 1078 1028 AEgypti,
1102 966 1297 1024 linguam
1312 976 1445 1023 quam
1466 975 1557 1003 non
1573 964 1754 1002 noverat
1769 969 1844 997 au·
1894 970 1898 982 ·

457 1066 477 1090 »
513 1047 636 1092 divit.
660 1064 680 1086 »
707 1043 868 1089 Audies
887 1041 1082 1100 linguam
1094 1051 1226 1097 quam
1246 1050 1336 1079 non
1349 1046 1530 1077 noveras
1545 1043 1699 1089 :quam
1713 1026 1843 1070 modo

455 1118 639 1164 audiunt
657 1126 699 1160 et
719 1120 1057 1173 recognoscunt,
1071 1117 1273 1154 testantes
1296 1114 1339 1149 et
1361 1104 1542 1149 scientes
1564 1100 1641 1161 qui
1661 1105 1840 1143 norunt.
1894 1105 1899 1118 '

455 1189 616 1235 Audies
637 1187 711 1231 ubi
733 1185 891 1230 debeas
913 1181 1074 1226 habere
1096 1195 1170 1224 cor
1196 1197 1205 1222 :
1235 1176 1356 1238 quod
1377 1174 1509 1219 modo
1531 1187 1633 1216 cum
1655 1169 1844 1213 dicerem
1895 1168 1898 1220 ζ

457 1259 585 1304 multi
606 1257 913 1302 intellexeruut
930 1289 941 1309 ,
969 1262 1012 1297 et
1038 1249 1387 1296 acclamaverunt
1410 1266 1421 1303 3
1452 1242 1608 1303 reliqui
1628 1239 1740 1284 muti
1758 1247 1846 1283 ste·
1895 1228 1900 1242 ”

458 1339 606 1375 terunt
620 1364 630 1383 ‚
651 1328 752 1387 quia
770 1324 969 1370 nondum
989 1322 1183 1380 linguam
1201 1333 1330 1379 quam
1350 1331 1440 1360 non
1465 1321 1679 1358 noverant
1697 1309 1848 1354 audie-

458 1410 574 1445 runt.
605 1398 860 1444 Accelerent
888 1409 990 1452 ergo
1009 1428 1020 1448 ,
1064 1397 1284 1436 transeant
1308 1423 1320 1443 ‚
1367 1385 1548 1430 discant.
1591 1402 1611 1424 «
1635 1380 1849 1439 Linguam

462 1491 482 1513 »
518 1486 649 1531 quain
673 1485 761 1513 non
783 1474 964 1511 noverat
986 1462 1166 1507 audivit.
1196 1479 1216 1501 »

520 1545 598 1586 lx.
618 1539 821 1585 «Avertit
841 1538 894 1580 al)
912 1534 1115 1580 oneribus
1133 1532 1311 1576 dorsum
1335 1529 1470 1588 ejus&
1493 1546 1509 1567 »
1526 1523 1628 1577 Quis
1647 1541 1664 1562 «
1682 1519 1850 1566 Avertit

466 1633 484 1655 »
521 1613 575 1657 al)
613 1610 817 1656 oneribus
852 1607 1030 1651 dorsum
1071 1604 1184 1663 ejus,
1213 1619 1232 1641 »
1268 1599 1350 1643 nisi
1385 1597 1456 1641 ille
1498 1594 1576 1655 qui
1612 1591 1816 1637 clamavit
1837 1608 1847 1634 :

466 1703 486 1726 «
520 1682 674 1727 Venite
707 1679 762 1723 ad
795 1693 863 1722 me
888 1690 1037 1720 omnes
1059 1673 1135 1732 qui
1161 1668 1364 1714 laboratis
1391 1675 1433 1710 et
1451 1663 1618 1710 onerati
1645 1661 1802 1706 estisss?
1826 1677 1847 1700 »

463 1754 560 1799 Alio
582 1752 714 1797 modo
737 1752 819 1795 hoc
840 1748 953 1792 idem
978 1745 1259 1804 significatur.
1286 1737 1411 1794 Quod
1433 1736 1620 1781 faciebat
1640 1731 1853 1777 insecutio

464 1824 768 1883 AEgyptiorum
785 1856 795 1875 ‚
819 1821 903 1863 hoc
927 1816 1093 1861 faciunt
1121 1813 1298 1858 sarcinae
1321 1817 1617 1869 pcccatorum.
1645 1823 1665 1845 «
1685 1801 1854 1848 Avertit

468 1915 488 1937 »
524 1896 579 1939 ab
604 1894 809 1938 oneribus
842 1891 1021 1934 dorsum
1052 1889 1158 1946 ejus.
1188 1902 1208 1925 »
1235 1886 1291 1927 Et
1311 1880 1435 1941 quasi
1463 1878 1627 1922 diceres
1649 1895 1658 1920 ε
1685 1873 1854 1927 Quibus

467 1966 703 2010 oneribus?
736 1983 756 2005 «
781 1965 936 2006 Manus
958 1961 1050 2018 ejus
1071 1958 1117 1999 in
1138 1953 1327 2013 cophino
1355 1950 1610 1994 servierunt.
1633 1964 1654 1987 »
1679 1949 1760 1989 Per
1781 1959 1857 1988 co-

466 2037 649 2097 phinum
672 2033 970 2093 significantur
989 2043 1120 2087 opera
1137 2023 1305 2069 servilia
1322 2039 1330 2063 z
1351 2019 1563 2065 mundare
1575 2053 1585 2073 ‚
1602 2026 1852 2069 stercorare,

469 2118 629 2152 terram
661 2114 855 2166 portare,
890 2100 1079 2160 cophino
1109 2098 1187 2151 fit,
1224 2093 1392 2138 servilia
1423 2099 1524 2135 sunt
1557 2103 1718 2148 opera:
1754 2086 1857 2146 quia

470 2179 608 2224 omnis
630 2178 706 2238 qui
729 2175 831 2220 facit
843 2182 1070 2234 peccatum
1087 2205 1097 2224 ,
1123 2181 1269 2212 servus
1288 2175 1352 2208 est
1372 2162 1537 2223 peccati
1556 2182 1566 2218 3
1585 2169 1629 2203 et
1645 2159 1679 2203 si
1695 2174 1770 2202 vos
1788 2157 1858 2201 Fi-

471 2252 554 2295 lius
575 2247 822 2293 liberaverit
836 2282 846 2300 ,
868 2255 974 2289 tunc
993 2257 1094 2287 vere
1116 2238 1240 2284 liberi
1265 2236 1380 2281 eritis
1395 2236 1426 2277 ⁴.
1453 2233 1609 2278 Merito
1633 2239 1677 2274 et
1692 2230 1859 2289 abjecta

473 2320 626 2366 mundi
649 2320 772 2380 quasi
797 2315 974 2376 cophini
1003 2313 1274 2372 deputantur
1300 2327 1308 2353 ε
1335 2306 1411 2351 sed
1437 2314 1480 2349 et
1508 2303 1718 2363 cophinos
1746 2304 1861 2345 Deus

472 2390 679 2436 buccellis
701 2388 923 2448 implevit5
947 2402 955 2427 :
977 2381 1209 2428 duodecim
1231 2378 1438 2438 cophinos
1460 2372 1756 2418 buccellarum
1774 2371 1859 2414 im-

474 2463 631 2523 plevit3
655 2481 674 2503 «
693 2462 803 2514 Quia
827 2459 995 2519 abjecta
1008 2455 1138 2514 hujus
1155 2450 1309 2496 muudi
1323 2448 1471 2510 elegit„
1497 2455 1548 2489 ut
1570 2441 1862 2489 confunderet

478 2553 497 2576 »
533 2534 704 2578 fortiafi.
734 2551 754 2573 »
783 2531 867 2576 Sed
890 2539 933 2573 et
954 2525 1131 2589 quando
1153 2524 1200 2568 in
1221 2521 1410 2581 cophino
1433 2516 1648 2562 serviebat
1669 2514 1829 2573 Joseph
1845 2548 1857 2568 ‚

525 2637 533 2653 ¹
551 2629 632 2661 Psal.
652 2639 769 2666 cxxxv,
792 2635 842 2658 12.
862 2624 1141 2663 —21d.11xxx‚7.
1161 2636 1203 2642 —
1219 2617 1232 2642 ³
1247 2617 1360 2650 Matth.
1383 2626 1426 2655 xi,
1448 2614 1502 2646 28.
1526 2630 1566 2636 -—
1586 2611 1600 2641 4
1619 2613 1710 2644 Joan.
1733 2621 1801 2649 vin,
1819 2607 1855 2650 34

480 2691 513 2718 et
525 2686 577 2718 36.
600 2702 640 2707 —
663 2683 677 2707 5
695 2683 795 2716 Maith
828 2693 896 2723 xiv,
918 2689 969 2711 20.
996 2696 1036 2701 —
1055 2676 1069 2698 ’ἦ
1094 2689 1103 2709 1
1127 2678 1199 2708 Cor.
1227 2686 1249 2714 i,
1269 2683 1324 2714 27.
