1926 3339
403 312 644 341 »murnum
677 315 720 340 m
755 315 955 341 Psamrcn
989 317 1148 343 mxvii.
1408 309 1461 347 49

81 375 150 417 Sic
171 387 274 432 ergo
292 376 484 434 pepercit
500 376 563 420 illi
576 378 769 435 genti,ut
789 395 874 422 non
893 380 1147 425 accenderet
1165 397 1337 427 omnem
1356 385 1462 429 iram

78 458 199 486 suam
219 442 273 487 ad
287 459 379 488 eam
394 445 566 504 penitus
589 447 893 492 eradicandam
917 459 1048 510 atque
1070 451 1306 496 finiendam
1322 474 1330 498 ;
1346 455 1467 514 quod

77 512 121 556 in
143 512 286 557 verbis
308 515 399 573 ejus
422 524 465 558 et
495 516 801 562 intercessione
823 534 902 578 pro
936 522 1120 579 peccatis
1148 537 1297 566 corum
1322 524 1464 581 Moysi

76 582 187 627 servi
216 583 306 642 ejus
333 583 557 629 evidenter
584 597 784 646 apparet,
809 589 888 632 ubi
922 591 1034 634 Deus
1064 590 1170 635 dicit
1197 611 1204 636 :
1242 611 1261 634 z<
1286 593 1463 637 Deleam

79 670 100 694 »
135 668 207 696 eos
222 687 232 707 ,
258 662 301 696 et
317 651 469 698 faciam
492 665 535 700 te
551 656 597 700 in
619 667 791 716 gentem
810 674 1010 717 magnam
1024 662 1061 705 ¹:
1080 679 1099 702 »
1120 660 1193 705 ille
1214 662 1460 718 intercedit,

75 723 265 782 paratior
285 722 420 769 deleri
442 741 520 786 pro
542 727 642 787 ipsis
671 744 805 789 quarn
827 731 968 790 ipsos;
998 732 1134 776 sciens
1157 734 1276 791 apud
1298 734 1462 778 miscri-

74 793 251 838 cordem
287 812 330 839 se
357 796 403 841 id
441 813 567 857 agere
591 834 602 853 ,
633 800 709 860 qui
744 801 952 860 quoniam
985 801 1108 846 nullo
1137 803 1270 846 modo
1300 804 1463 847 deleret

73 862 216 923 ipsum
230 900 241 920 ,
263 867 392 910 etiam
415 867 496 912 illis
514 869 612 928 ipsis
633 880 829 929 parceret
846 881 1023 931 propter
1044 874 1201 932 ipsum.
1227 875 1462 920 Videamus

73 935 188 978 enim
211 947 425 996 quantum
457 941 722 998 pepercerit,
758 952 801 986 et
837 942 980 988 adhuc
1002 954 1166 1003 parcat.
1192 947 1301 990 Nam
1324 948 1463 992 intro-

73 1003 198 1048 duxit
219 1021 290 1050 eos
307 1007 352 1051 in
371 1017 529 1052 terram
553 1011 861 1069 promissionis,
887 1023 930 1057 et
953 1016 1134 1060 servavit
1153 1033 1248 1061 eam
1269 1029 1458 1077 gentem,

74 1091 304 1137 quousque
345 1093 389 1121 se
406 1113 417 1133 ,
459 1080 681 1125 Christum
718 1082 1019 1130 interficiendo
1033 1122 1043 1141 ,
1079 1087 1228 1132 sceleri
1265 1091 1462 1135 omnium

73 1147 260 1192 maximo
282 1148 538 1209 coliigarent
564 1171 573 1198 :
607 1163 650 1197 et
667 1154 788 1214 quod
807 1171 878 1200 eos
906 1172 956 1200 ex
972 1156 1048 1202 illo
1071 1174 1205 1218 regno
1223 1163 1462 1208 eradicatos

74 1233 151 1276 per
177 1228 333 1263 cuncta
355 1221 550 1278 gentium
568 1238 701 1282 regna
723 1225 1032 1281 disseminavit,
1058 1245 1147 1273 non
1169 1231 1321 1292 utique
1343 1233 1464 1277 dele-

72 1289 135 1332 vit
155 1308 164 1332 :
189 1288 265 1333 sed
285 1301 433 1335 manet
449 1292 565 1337 idem
584 1295 773 1354 popqus
795 1298 927 1357 prolis
950 1301 1219 1346 successione
1241 1313 1457 1360 servatus,

71 1358 194 1402 velut
221 1362 332 1405 Cain
355 1362 478 1421 signo
500 1374 677 1424 accepto
699 1401 709 1421 ,
744 1382 799 1411 ne
825 1369 919 1428 quis
947 1386 1048 1414 eum
1082 1372 1251 1417 occidat
1267 1409 1277 1428 ,
1303 1374 1349 1419 id
1371 1386 1457 1431 est,

71 1430 244 1488 penitus
264 1432 459 1490 pcrdaff.
473 1436 587 1477 Ecce
609 1437 983 1494 quemadmodum
1001 1440 1209 1500 impletur
1230 1444 1351 1503 quod
1375 1445 1462 1489 dic-

71 1509 166 1543 tum
195 1510 259 1545 est
291 1520 300 1546 z
331 1521 350 1544 «
377 1505 473 1562 Ipse
494 1514 640 1548 autem
673 1516 736 1550 est
765 1508 1029 1565 misericors,
1069 1521 1111 1555 et
1134 1514 1347 1573 propitius
1381 1517 1462 1561 erit

68 1588 93 1629 v»
128 1572 314 1630 peccatis
343 1588 492 1618 eorum
511 1609 522 1629 ,
559 1583 603 1618 et
636 1592 725 1620 non
747 1578 900 1636 perdet
924 1595 996 1623 eos
1030 1600 1038 1624 :
1071 1591 1113 1625 ct
1145 1583 1389 1630 abundabit
1413 1596 1462 1630 ut

72 1657 93 1680 »
128 1650 292 1685 avertat
306 1642 413 1686 iram
431 1659 568 1699 suam,
582 1654 624 1688 et
638 1661 727 1690 non
745 1648 953 1693 accendet
971 1666 1143 1695 omnem
1162 1653 1270 1697 iram
1288 1671 1425 1699 suam.
1437 1674 1457 1697 »

70 1711 182 1764 Quia
198 1712 233 1756 si
255 1714 393 1758 omnis
414 1715 476 1759 ira
494 1716 584 1776 ejus
600 1752 610 1771 ,
635 1716 680 1761 id
701 1727 787 1773 est,
822 1729 1037 1779 quantum
1060 1722 1180 1782 digni
1198 1735 1300 1770 sunt
1321 1726 1365 1769 in
1389 1742 1461 1772 eos

69 1782 402 1839 accenderetur,
432 1801 535 1843 gens
557 1786 630 1830 illa
655 1787 774 1832 nulla
798 1790 1132 1851 relinqueretur.
1160 1798 1225 1839 Ita
1253 1799 1366 1840 Deus
1390 1797 1460 1841 cui

68 1863 271 1899 cantatur
307 1856 600 1902 misericordia
638 1868 681 1902 et
716 1860 933 1919 judicium
948 1864 962 1888 ³
986 1883 994 1908 :
1030 1874 1073 1908 et
1108 1865 1153 1909 in
1183 1866 1263 1911 isto
1296 1868 1456 1913 saeculo

70 1940 146 1984 per
167 1925 506 1971 misericordiam
529 1948 547 1969 «
571 1930 692 1973 Facit
724 1931 824 1974 oriri
847 1932 981 1976 solem
1008 1950 1135 1978 suum
1167 1952 1296 1997 super
1318 1938 1458 1983 bonos

71 2012 92 2036 »
127 2004 171 2039 et
201 1995 358 2051 malos,
397 2006 488 2041 »et
510 1998 554 2041 in
586 1999 675 2042 fine
710 2001 857 2045 saeculi
878 2018 954 2062 per
971 2003 1185 2063 judicium
1208 2007 1263 2051 ab
1293 2017 1457 2054 aeterna

68 2063 166 2109 luce
187 2081 261 2110 sua
283 2077 496 2123 separatos
517 2069 688 2113 aeternis
710 2071 900 2115 tenebris
922 2074 1049 2131 punit
1074 2075 1224 2121 malos.

126 2137 293 2182 XXIII.
321 2138 487 2182 Deinde
509 2154 564 2182 ne
584 2139 671 2184 vim
695 2140 852 2185 divinis
873 2143 1013 2188 verbis
1030 2145 1190 2190 inferre
1211 2147 1451 2205 videamur,

68 2215 112 2251 et
132 2206 212 2251 ubi
233 2206 399 2252 dietum
423 2218 486 2253 est
509 2229 518 2254 ε
543 2229 562 2252 «
582 2213 680 2255 Non
702 2213 854 2271 perdet
877 2229 947 2258 eos
965 2236 975 2272 3
996 2233 1016 2256 »
1038 2232 1116 2261 nos
1139 2217 1332 2264 dicamus
1346 2239 1354 2264 :
1370 2220 1455 2265 Sed

68 2287 214 2337 postea
232 2279 385 2338 perdet
405 2295 476 2325 eos
503 2300 511 2325 :
543 2281 597 2325 de
619 2282 703 2327 hoc
724 2283 816 2343 ipso
836 2287 1038 2344 praesenti
1066 2287 1237 2334 Psalmo
1260 2291 1453 2336 usitatis-

67 2349 219 2394 simam
239 2351 471 2410 Scripturae
488 2351 755 2398 locutionem
772 2354 1062 2413 advertamus,
1078 2358 1196 2403 unde
1213 2360 1291 2405 ista
1315 2378 1455 2423 quaes-

66 2419 129 2464 tio
150 2419 290 2465 multo
308 2420 554 2479 diligentius
574 2424 804 2485 veriusque
827 2425 1032 2473 solvatur.
1051 2431 1178 2474 Certe
1200 2431 1255 2475 de
1272 2433 1337 2476 his
1354 2434 1454 2493 ipsis

66 2489 249 2551 loquens
266 2491 396 2551 paulo
416 2502 526 2552 post,
545 2509 645 2538 cum
664 2508 1043 2542 commemorasset
1064 2516 1163 2560 quae
1186 2512 1363 2561 propter
1381 2519 1452 2549 eos

67 2562 264 2621 AEgyptii
297 2564 484 2622 perpessi
517 2563 716 2619 fuerant,
752 2582 1096 2614 commemorans
1126 2570 1324 2617 ultimam
1356 2574 1451 2634 pla—

116 2651 124 2667 ¹
147 2646 247 2678 Exod.
268 2657 369 2688 xxxii,
393 2658 500 2680 10.—-
516 2654 528 2670 ¹
544 2650 687 2691 Gen.1v,
713 2651 760 2681 ¹5.
784 2668 823 2673 —
845 2648 856 2673 3
878 2652 954 2684 rsa&
976 2665 1004 2694 c,
1030 2665 1055 2685 ι.

229 2710 367 2739 cxvii.
1242 2711 1265 2749 ⁷4
