1926 3339
376 211 618 240 ENARRATIO
651 215 696 240 m
729 214 931 241 PSALMUM
966 216 1109 242 Lxxvr.
1386 210 1435 245 17

50 277 354 322 misericordiae
376 277 454 322 Dei
473 277 585 322 circa
612 293 713 331 nos,
739 294 791 322 ex
813 279 879 322 his
899 280 1051 337 garrit,
1083 288 1126 323 et
1147 280 1193 322 in
1221 280 1286 324 his
1308 282 1441 326 affec-

49 348 240 392 tionibus
257 346 437 391 exultat.
464 346 725 391 Primoinde
748 349 883 408 coepit
902 367 911 393 ;
936 368 956 390 ‹<
982 352 1033 393 In
1049 350 1207 394 Sancto
1224 350 1292 393 via
1317 359 1435 394 tua.»

49 421 157 472 Quae
174 418 243 463 via
264 427 340 462 tua
360 418 405 462 in
427 420 610 463 Sancto?
636 437 655 460 «
680 421 773 478 Ego
791 435 910 472 sum,
939 419 1110 479 inquit,
1136 420 1221 475 via,
1252 422 1408 466 veritas
1425 457 1436 477 ‚

52 508 72 532 »
107 499 150 534 et
162 490 319 534 vita¹.»
340 488 496 534 Redite
510 505 629 549 ergo,
649 490 862 546 homines,
879 491 933 535 ab
948 491 1252 536 affectionibus
1268 493 1436 538 vestris.

48 563 146 615 Quo
163 561 258 605 itis?
281 577 369 621 quo
391 561 588 605 curritis?
611 577 700 622 quo
722 578 812 607 non
844 561 987 606 solum
1015 579 1039 607 a
1060 566 1149 607 Deo
1168 599 1178 618 ‚
1211 563 1287 607 sed
1308 564 1440 608 etiam

47 648 71 676 a
88 632 212 676 vobis
227 630 403 690 fugitis?
419 630 590 687 Redite,
602 632 970 692 praevaricatores,
989 632 1045 676 ad
1059 636 1173 677 cor'2:
1189 634 1441 678 scrutamini

47 702 246 763 spiritum
277 711 493 758 vestrum,
520 702 696 747 recolite
724 719 861 748 annos
890 716 1070 747 aeternos
1089 739 1100 759 ‚
1132 704 1326 748 invenite
1353 705 1439 749 mi-

47 772 323 818 sericordiam
345 775 424 819 Dei
458 774 571 818 circa
597 790 673 818 vos
693 809 703 829 ,
734 774 945 818 attendite
978 789 1108 833 opera
1130 774 1440 819 misericordiae

47 846 138 906 ejus
173 861 182 886 z
219 864 236 884 «
274 847 327 888 In
363 847 519 890 Sancto
561 845 630 889 via
671 847 776 905 ejus.
805 844 903 888 Filii
936 845 1166 889 hominum
1208 860 1439 906 usquequo

49 933 70 956 »
105 931 254 974 graves
276 915 433 959 corde?
461 914 578 968 Quid
611 915 803 975 quaeritis
829 916 874 958 in
907 914 1215 959 affectionibus
1254 916 1440 960 vestris?

49 1003 70 1027 >›
105 984 272 1045 thuid
294 983 472 1044 diligitis
493 985 752 1040 vanitatem,
775 994 818 1029 et
845 985 1038 1046 quaeritis
1062 986 1369 1030 mendacium?
1385 989 1443 1031 Et

48 1075 85 1108 »7
105 1056 258 1101 scitote
273 1055 482 1116 quoniam
498 1056 793 1115 magnificavit
813 1058 1023 1101 Dominus
1045 1059 1253 1101 Sanctum
1266 1059 1438 1101 tuum3.

47 1145 66 1169 »
104 1130 156 1171 Iu
174 1129 330 1172 Sancto
340 1126 409 1171 via
421 1136 542 1171 tua.»
550 1126 773 1187 Adipsum
786 1143 889 1187 ergo
905 1126 1198 1182 attendamus,
1214 1128 1440 1172 Christum

46 1198 322 1242 attendamus
339 1232 351 1250 ‚
369 1197 430 1241 ibi
450 1197 519 1241 via
540 1199 647 1258 ejus.
678 1218 698 1240 «
722 1201 838 1242 Deus
867 1198 914 1242 in
938 1200 1096 1242 Sancto
1117 1199 1186 1241 via
1216 1207 1314 1242 tua.
1338 1198 1442 1251 Quis

48 1287 68 1310 n
104 1272 218 1313 Deus
239 1283 423 1326 magnus
435 1304 446 1323 ‚
464 1269 575 1312 sicut
590 1272 704 1313 Deus
718 1270 890 1313 noster?
909 1289 926 1309 »
949 1268 1126 1312 Habent
1143 1278 1290 1326 gentes
1306 1269 1442 1314 affec-

46 1340 184 1384 tiones
199 1340 311 1384 circa
324 1339 428 1383 deos
447 1354 546 1384 suos
558 1375 568 1394 ‚
582 1338 696 1383 idola
711 1339 893 1384 adorant
906 1360 916 1395 ς
932 1338 1082 1383 oculos
1096 1339 1278 1395 habent,
1296 1349 1339 1383 et
1352 1356 1443 1384 non

44 1409 198 1454 vident
223 1430 232 1454 :
257 1425 381 1454 aures
395 1409 582 1464 habent,
609 1418 651 1453 et
673 1425 764 1454 non
786 1410 1001 1454 audiunt:
1025 1410 1157 1469 pedes
1180 1411 1346 1454 habent
1362 1445 1374 1456 .
1401 1420 1445 1454 et

45 1497 135 1526 non
155 1480 422 1525 ambulant&
445 1479 563 1533 Quid
581 1480 779 1524 ambulas
799 1479 855 1524 ad
869 1484 1008 1524 Deum
1023 1480 1099 1540 qui
1115 1496 1206 1524 non
1224 1481 1448 1525 ambulat?

44 1555 164 1607 Non,
188 1552 354 1613 inquit,
381 1567 430 1595 ea
452 1549 565 1595 colo.
591 1553 647 1594 Et
665 1550 773 1611 quid
796 1550 925 1595 colis?
943 1554 1114 1596 Numen
1132 1552 1253 1611 quod
1273 1551 1335 1595 ibi
1353 1553 1443 1595 est?

45 1625 172 1669 Certe
194 1624 278 1667 hoc
299 1621 403 1666 colis
426 1622 548 1681 quod
569 1620 671 1665 alibi
693 1622 859 1666 dictum
874 1631 961 1665 cst:
986 1641 1005 1663 «
1026 1621 1243 1675 Quoniam
1261 1621 1323 1665 dii
1341 1637 1442 1680 gen-

45 1712 67 1736 »
99 1695 210 1738 tium
227 1692 487 1737 daemonia⁵.
512 1711 532 1734 »
559 1696 650 1737 Aut
669 1692 787 1736 idola
815 1692 920 1737 colis
940 1729 950 1748 ,
977 1702 1053 1737 aut
1087 1692 1320 1737 daemonia.
1353 1696 1443 1737 Nec

44 1765 184 1820 idola,
204 1780 285 1809 nec
298 1763 538 1818 daemonia,
559 1764 718 1824 inquit.
743 1767 800 1808 Et
813 1763 922 1824 quid
944 1763 1074 1808 colis?
1090 1763 1258 1819 Stellas,
1279 1764 1438 1820 solem,

42 1836 222 1892 lunam,
251 1836 333 1880 ista
354 1835 563 1880 coelestia.
590 1840 762 1888 Quanto
791 1835 946 1879 melius
970 1836 1048 1896 qui
1068 1833 1174 1880 fecit
1204 1846 1248 1880 et
1269 1845 1442 1880 terrena

44 1917 89 1952 et
105 1906 313 1952 coelestia.
339 1926 359 1948 «
377 1907 481 1959 Quis
499 1909 614 1951 Deus
635 1921 834 1965 magnus,
852 1906 964 1950 sicut
982 1909 1094 1950 Deus
1115 1915 1278 1950 noster.
1307 1924 1328 1947 >›

54 2026 58 2027 ⁷
102 1980 224 2022 XVI.
257 1997 277 2020 «
301 1980 368 2021 Tu
387 1992 430 2021 es
448 1980 563 2021 Deus
584 1977 662 2036 qui
677 1976 781 2020 facis
800 1975 1013 2020 mirabilia
1035 1976 1167 2021 solus.
1203 1995 1222 2018 »
1253 1980 1318 2021 Tu
1338 1993 1441 2022 vere

45 2063 227 2107 magnus
263 2051 403 2102 Deus,
436 2045 595 2090 faciens
632 2046 848 2090 mirabilia
878 2047 922 2090 in
962 2063 1169 2106 corpore,
1201 2048 1248 2091 in
1271 2048 1438 2103 anima,

45 2119 160 2164 solus
192 2118 370 2164 faciens.
405 2118 655 2163 Audierunt
685 2117 837 2173 surdi,
877 2117 1083 2162 viderunt
1115 2119 1241 2173 caeci,
1275 2135 1440 2164 conva-

45 2191 225 2237 luerunt
264 2189 491 2250 languidi,
525 2199 808 2234 surrexerunt
847 2191 1011 2234 mortui
1041 2226 1052 2245 ‚
1083 2191 1306 2236 constricti
1338 2201 1441 2236 sunt

45 2262 287 2323 paralytici.
315 2260 400 2306 Sed
422 2260 630 2305 miracula
651 2261 732 2305 ista
753 2270 860 2304 tunc
891 2261 937 2304 in
964 2261 1220 2321 corporibus
1249 2281 1257 2306 :
1292 2262 1439 2306 videa-

45 2349 142 2378 mus
153 2333 198 2376 in
211 2332 369 2376 anima.
390 2331 530 2376 Sobrii
544 2340 666 2385 sunt,
687 2330 818 2390 paulo
837 2340 938 2375 aute
952 2331 1134 2389 ebriosi3
1155 2331 1303 2375 fideles
1316 2342 1435 2388 sunt,

47 2403 179 2465 paulo
198 2412 299 2447 ante
316 2402 564 2448 adoratores
578 2402 910 2446 simulacrorum
929 2422 936 2446 :
957 2418 1021 2446 res
1040 2419 1135 2447 suas
1154 2402 1320 2447 donant
1336 2420 1441 2464 pau-

96 2509 104 2524 ¹
125 2504 216 2534 Joan.
237 2499 354 2541 x1v‚6.
375 2517 412 2522 —-
435 2501 530 2531 visai.
547 2511 632 2540 xm,
653 2500 683 2531 8.
703 2517 743 2521 —
766 2496 778 2520 3
794 2499 872 2530 thal.
888 2511 932 2540 iv,
955 2500 986 2538 3,
1006 2498 1037 2540 4.
1056 2517 1094 2521 ——
1119 2499 1132 2527 4
1155 2500 1232 2530 psal.
1251 2511 1340 2541 exui,
1362 2502 1436 2543 53—7.

50 2575 91 2581 —
107 2556 122 2580 5
141 2558 175 2590 ld
205 2568 277 2597 cxv,
296 2557 326 2588 5.

239 2621 376 2650 exvn.
1258 2611 1281 2648 ρ
