1926 3339
422 293 660 320 ENARRATIO
695 293 735 319 [N
772 292 970 318 PSALM‘UM
1006 293 1121 317 XCtlt.
1374 280 1455 318 405)

79 359 111 401 si
133 357 243 401 forto
266 365 433 401 tentant
457 357 614 400 fluctus
637 355 1019 414 concupiscentiae,
1035 355 1213 398 intueris
1231 354 1334 414 quid
1354 370 1456 414 pro-

77 427 193 471 misit
208 431 332 478 Deus;
347 437 389 470 et
400 426 586 471 dulcedo
599 427 904 486 promissorum
918 424 1044 468 faciet
1059 434 1100 468 te
1113 433 1457 483 contemptorem

76 496 357 542 dulcedinum
380 497 525 542 saeculi
547 517 555 542 :
582 507 624 541 et
646 497 678 542 si
692 497 802 541 forte
817 497 967 540 multae
989 505 1147 555 urgent
1162 496 1290 539 minse
1307 505 1460 554 poten-

75 567 184 612 tium
203 568 416 612 malorum
433 604 444 624 ‚
473 577 515 613 et
544 568 647 628 ipsae
676 578 717 612 te
740 567 960 627 expellunt
979 567 1032 610 de
1051 566 1245 627 justitia;
1271 565 1458 610 attendis

74 638 193 699 quod
215 640 405 684 minatur
426 643 539 685 Deus
557 676 567 696 ⁷
593 659 612 682 «
639 643 705 684 Ite'
725 640 769 683 in
790 640 933 698 ignem
952 648 1164 682 aeternum
1181 674 1190 692 ‚
1229 638 1304 698 qui
1328 653 1457 696 para-

76 726 96 750 »
132 718 200 753 tus
215 719 277 753 est
297 709 472 754 diabolo
491 720 533 754 et
556 709 716 768 angelis
737 711 828 770 ejus
844 712 855 735 1
874 745 884 764 ‚
911 727 930 749 »
957 718 1000 753 et
1020 724 1107 753 non
1132 707 1314 751 dimittis
1329 707 1458 767 justi-

72 780 175 823 tiam
204 781 383 825 :timens
404 796 503 839 ergo
516 782 660 840 ignem
676 782 986 840 sempiternum
1002 815 1013 834 ,
1029 778 1270 824 contemnis
1288 778 1459 821 dolores

71 850 357 910 temporales3
394 862 437 895 et
467 868 544 912 pro
579 855 629 896 eo
664 852 785 912 quod
818 851 1015 910 promisit
1043 854 1182 903 Deus,
1216 849 1457 893 contemnis

70 921 350 980 temporalem
375 921 643 965 felicitatem.
670 921 870 964 Promisit
894 921 1111 977 requiem.
1136 928 1283 978 patere
1302 918 1459 961 moles-

68 989 173 1033 tiam
193 1010 202 1035 :
224 991 415 1034 minatur
436 991 580 1049 ignem
595 999 805 1034 aeternum
823 1025 832 1041 ‚
850 998 1081 1034 contemne
1099 988 1268 1032 dolores
1287 997 1459 1047 tempo-

67 1058 176 1104 rales
203 1080 211 1104 :
247 1069 289 1103 et
322 1059 551 1117 evigilante
584 1060 757 1104 Christo
790 1058 1099 1120 tranquilletur
1131 1074 1205 1102 cor
1233 1067 1382 1111 tuum,
1409 1065 1459 1100 ut

67 1129 122 1173 ad
144 1139 320 1189 portum
345 1146 523 1190 quoque
544 1131 782 1189 pervenias.
814 1133 911 1175 Non
936 1130 1051 1173 enim
1085 1145 1174 1172 non
1196 1135 1459 1188 praepararet

66 1209 242 1260 portum
258 1236 268 1255 ‚
295 1201 369 1261 qui
394 1200 560 1260 paravit
583 1217 752 1245 navem.
781 1221 800 1243 «
827 1201 1050 1261 Numquid
1074 1199 1265 1243 adhaeret
1288 1199 1366 1242 tibi
1390 1214 1457 1242 se—

68 1288 88 1311 »
123 1271 198 1315 des
223 1271 459 1331 iniquitatis
476 1306 487 1327 ,
521 1272 596 1332 qui
624 1272 749 1331 fingis
772 1271 966 1315 dolorem
999 1271 1043 1313 in
1076 1270 1321 1329 praecepto?
1347 1287 1366 1309 >›
1394 1271 1455 1312 De

63 1341 317 1386 hominibus
335 1342 458 1386 malis
481 1352 650 1387 exercet
668 1358 769 1396 nos,
796 1352 839 1387 et
856 1342 910 1385 de
924 1341 1100 1386 illorum
1113 1339 1456 1385 insecutionibus

63 1429 142 1458 nos
165 1413 322 1459 erudit.
350 1418 410 1459 De
434 1415 597 1459 malitia
620 1415 722 1458 mali
745 1414 991 1473 flagellatur
1010 1415 1150 1458 bonus
1167 1449 1177 1467 ,
1199 1422 1241 1456 et
1262 1413 1315 1456 dc
1333 1427 1455 1456 servo

63 1484 322 1528 emendatur
347 1485 460 1530 filius
497 1505 505 1530 ;
537 1486 595 1529 ita
636 1487 816 1544 fingitur
837 1486 962 1530 dolor
995 1486 1039 1528 in
1071 1493 1303 1544 praecepto‚
1326 1482 1455 1537 Quod

62 1554 158 1600 illos
180 1572 304 1615 posse
327 1560 439 1600 Deus
458 1557 691 1616 permittit,
716 1557 800 1601 hoc
817 1554 1098 1600 saciuntmali
1116 1555 1330 1609 homines,
1353 1554 1454 1614 qui-

62 1625 143 1670 bus
166 1626 220 1670 ad
241 1636 411 1686 tempus
433 1627 586 1686 parcit.

119 1699 281 1740 XXVI.
309 1696 426 1749 Quid
446 1697 560 1740 enim
591 1697 822 1756 sequitur?
855 1716 873 1738 «
905 1696 1156 1756 Captabunt
1188 1695 1233 1738 in
1266 1695 1454 1738 animam

63 1784 84 1808 »
115 1767 295 1826 justi2.»
314 1769 457 1820 Quare
479 1767 753 1826 captabunt?
777 1767 884 1819 Quia
907 1781 1058 1810 verum
1087 1765 1251 1808 crimen
1276 1780 1365 1808 non
1387 1765 1456 1807 in-

60 1837 268 1890 veniunt⁷
291 1835 411 1896 quod
443 1837 664 1895 objiciant.
694 1836 808 1889 Quid
838 1837 952 1879 enim
977 1844 1264 1895 captaverunt
1297 1835 1340 1877 in
1367 1837 1454 1878 Do-

60 1907 210 1950 mino?
233 1906 616 1950 Concinnaverunt
638 1905 745 1950 salsa
768 1906 972 1950 crimina³
989 1942 998 1959 ‚
1020 1906 1122 1965 quia
1141 1920 1241 1949 vera
1258 1905 1453 1947 invenire

60 1992 149 2020 non
167 1985 420 2035 potuerunt.
462 1996 481 2018 «
507 1979 563 2019 Et
591 1977 843 2034 sanguinem
883 1976 1158 2019 innocentem
1186 1974 1453 2018 condemna-

62 2065 81 2087 »
117 2047 245 2090 bunt.
275 2064 295 2087 »
321 2049 464 2100 Quare
486 2047 569 2090 hoc
609 2055 750 2090 totum
773 2047 870 2100 fiat,
904 2046 948 2090 in
978 2045 1347 2105 consequentibus
1370 2043 1449 2088 de-

59 2117 255 2161 clarabit.

115 2190 303 2231 XXVII.
335 2208 354 2228 «
380 2189 436 2230 Et
452 2187 593 2231 factus
611 2196 697 2241 est,
723 2187 887 2247 inquit,
907 2187 1012 2231 mihi
1038 2187 1247 2231 Dominus
1264 2187 1307 2230 in
1327 2185 1450 2230 refu·

59 2275 79 2298 »
117 2257 278 2315 giam&
303 2275 322 2297 »
359 2260 456 2301 Non
477 2273 693 2318 quaereres
722 2257 807 2300 tale
826 2256 1046 2316 refugium
1064 2293 1074 2310 ‚
1101 2258 1134 2300 si
1162 2273 1250 2301 non
1274 2255 1449 2316 pericli-

56 2328 205 2370 tareris
230 2347 238 2371 :
273 2327 347 2371 sed
376 2326 474 2370 ideo
503 2327 768 2386 periclitatus
791 2343 861 2381 es,
895 2337 945 2370 ut
978 2343 1218 2387 quaereres,
1253 2327 1354 2387 quia
1376 2326 1449 2370 ille

57 2396 185 2455 fingit
207 2396 404 2441 dolorem
427 2398 470 2440 in
489 2407 723 2457 praecepto.
755 2399 877 2442 Facit
898 2398 1003 2441 mihi
1037 2399 1091 2441 de
1121 2396 1282 2441 malitia
1308 2397 1448 2440 malo-

58 2483 155 2510 rum
198 2467 546 2524 tribulationemg
585 2478 773 2527 punctus
806 2469 1087 2513 tribulatione
1117 2468 1230 2528 coepi
1254 2483 1449 2528 quaerere

107 2569 115 2584 ¹
150 2563 262 2594 Manli.
291 2575 369 2603 xxv,
394 2564 447 2603 41.
472 2580 511 2585 -
531 2570 542 2584 Ἰ
565 2562 643 2593 psal.
666 2575 750 2600 11:111,
770 2572 822 2594 21.
856 2580 897 2585 —
920 2562 932 2585 3
959 2563 1070 2594 matth.
1093 2563 1239 2604 xxv1,59
1273 2581 1312 2584 -
1336 2562 1344 2591 ί
1367 2563 1448 2607 [kal.-

60 2628 142 2651 xciii,
164 2626 216 2648 21.
