1926 3339
454 226 537 265 452
888 239 920 264 s.
956 236 1185 264 AUGUSTffll
1218 237 1397 263 EPISCOI’I

452 316 718 361 poenamque
740 302 953 360 patiatur?
970 300 1116 344 ille-ne
1138 302 1263 361 cujus
1288 314 1445 359 corpus
1467 308 1660 352 vexatur,
1686 312 1738 340 an
1760 311 1839 340 cu-

447 374 518 433 jus
533 372 698 416 animas
719 372 939 415 vastatur?
974 374 1207 430 Propterea
1238 379 1282 414 et
1304 373 1433 414 Isai'as
1455 369 1666 428 propheta
1686 365 1794 410 dixit
1827 379 1837 405 :

454 462 475 485 «
510 445 567 487 Et
588 458 707 486 nunc
729 441 838 499 ignis
879 440 1142 484 adversarios
1164 439 1406 484 comedet¹.
1431 458 1450 480 »
1484 437 1599 492 Quid
1627 445 1711 491 est,
1740 454 1758 476 «
1784 438 1842 479 Et

449 530 471 553 ³)
507 514 677 556 nuncP»
699 514 949 570 Antequam
969 510 1116 553 veniat
1137 509 1228 553 dies
1245 508 1317 552 ille
1335 508 1488 569 judicii
1517 522 1724 566 magnus,
1750 506 1841 565 jam

445 582 595 626 furore
614 597 693 625 suo
716 579 872 624 ardent
887 615 898 635 ,
930 580 1006 640 qui
1034 588 1184 639 postea
1213 578 1426 638 supplicio
1447 578 1698 638 sempiterni
1726 575 1841 620 illius

446 652 557 711 ignis
579 652 716 695 arsuri
737 662 849 694 sunt.
875 650 964 695 Nisi
981 649 1094 694 forte
1109 649 1287 709 putatis,
1308 647 1460 693 fratres
1474 649 1576 703 mei,
1593 647 1695 708 quia
1710 647 1841 707 injus-

444 722 562 778 titia,
590 738 690 782 quae
712 722 912 781 procedit
927 737 978 766 ex
999 721 1177 766 homine
1199 720 1255 765 ad
1276 719 1526 765 laedendum
1556 718 1742 763 alterum
1763 718 1841 762 ho-

442 793 624 848 minem,
639 791 704 836 illi
715 793 770 836 ad
780 807 912 852 quem
926 789 1126 852 procedit
1141 799 1269 835 nocet
1284 825 1295 846 ,
1321 800 1363 834 et
1384 789 1447 834 illi
1461 789 1515 834 de
1530 804 1619 849 quo
1641 786 1842 848 procedit

442 878 534 908 non
554 872 697 907 nocet.
716 862 842 907 Unde
857 863 950 906 fieri
963 863 1136 922 potest?
1153 859 1403 921 Aliquando
1420 858 1563 904 facula
1585 858 1740 903 ardens
1762 872 1840 917 ap-

443 935 624 994 ponitur
637 934 691 978 ad
708 933 879 993 lignum
891 933 1126 978 humidum
1149 942 1192 977 et
1212 931 1366 988 viride,
1388 941 1431 976 et
1451 947 1541 976 non
1563 929 1674 974 illud
1695 931 1839 974 incen-

443 1004 533 1060 dit,
555 1006 645 1065 ipsa
667 1015 814 1049 tamen
835 1004 958 1049 ardet
984 1024 991 1048 :
1019 1004 1076 1048 sic
1099 1013 1143 1047 et
1161 1003 1361 1048 inimicus
1385 1012 1501 1047 tuus.
1531 1002 1574 1047 Si
1597 1001 1694 1062 quis
1724 1000 1839 1045 forte

443 1076 585 1120 existit
606 1076 813 1135 injustus,
832 1075 908 1134 qui
931 1075 1010 1118 tibi
1028 1073 1435 1128 moliaturinsidias,
1452 1073 1521 1117 vel
1538 1081 1752 1133 praeparet
1764 1070 1839 1115 ali-

442 1161 574 1205 quam
595 1144 856 1199 molestiam,
881 1145 1066 1204 injustus
1091 1153 1156 1187 est
1177 1162 1186 1188 2
1207 1153 1256 1188 tu
1278 1144 1311 1188 si
1328 1144 1465 1188 viride
1486 1143 1657 1202 lignum
1679 1141 1835 1197 fueris,

441 1215 487 1258 id
509 1224 589 1270 est,
608 1215 641 1259 si
651 1230 780 1259 succo
799 1214 980 1274 spiritali
1000 1217 1151 1276 vigens
1164 1215 1378 1269 etvirens,
1397 1213 1580 1257 flammis
1597 1212 1839 1256 inimicitia-

442 1300 541 1328 rum
553 1285 773 1340 restiteris,
787 1286 952 1330 orando
965 1302 1045 1346 pro
1063 1287 1138 1332 illo
1151 1287 1228 1348 qui
1242 1295 1284 1330 te
1295 1283 1593 1345 persequitur,
1609 1281 1682 1326 ille
1697 1281 1834 1337 ardet,

442 1365 493 1400 tu
515 1371 662 1400 manes
684 1355 878 1415 integer,
902 1366 945 1401 et
965 1358 1175 1418 injustitia
1196 1356 1311 1401 illius
1342 1354 1405 1399 illi
1433 1363 1586 1410 nocet,
1613 1353 1693 1398 tibi
1729 1351 1840 1397 nihil
1904 1378 1907 1379 ν

442 1436 587 1471 nocet.
611 1427 701 1472 Nisi
718 1426 831 1472 forte
848 1437 998 1487 putas,
1027 1429 1131 1489 quia
1153 1436 1283 1473 nocet
1303 1425 1384 1471 tibi
1405 1425 1440 1469 si
1462 1424 1634 1485 corpori
1655 1433 1733 1468 tuo
1755 1422 1837 1467 ali-

442 1497 550 1556 quid
567 1496 733 1553 fecerit,
759 1507 802 1542 et
824 1498 967 1543 anima
988 1499 1156 1559 patiens
1178 1508 1222 1543 et
1238 1498 1492 1556 incorrupta
1509 1495 1565 1539 ad
1582 1498 1721 1539 Deum
1739 1510 1837 1539 cor-

441 1566 616 1611 onanda
656 1568 917 1627 pervenerit,
954 1584 1139 1629 sequens
1162 1567 1409 1628 exemplum
1434 1566 1605 1611 Domini
1631 1566 1726 1621 sui,
1759 1565 1836 1625 qui

439 1638 529 1697 pati
558 1638 713 1682 maluit
735 1654 759 1682 a
781 1638 960 1694 JudaeiS,
986 1650 1029 1684 et
1051 1641 1127 1699 qui
1158 1647 1329 1699 poterat
1351 1653 1441 1682 non
1470 1637 1604 1691 mori,
1635 1645 1835 1680 mortuus

439 1718 518 1763 est,
535 1709 637 1768 quia
659 1719 701 1753 et
724 1709 800 1769 qui
814 1719 987 1768 poterat
1002 1725 1093 1754 non
1108 1710 1242 1765 nasci,
1268 1718 1394 1753 natus
1407 1717 1485 1752 est.
1511 1710 1577 1751 Tu
1597 1708 1712 1751 enim
1735 1723 1837 1752 ccn-

440 1778 606 1822 ditione
626 1788 753 1823 natus
777 1788 855 1834 est,
881 1778 955 1823 ille
981 1779 1239 1838 voluntate,
1273 1789 1320 1823 tu
1349 1778 1599 1823 conditione
1629 1779 1830 1833 moreris,

437 1847 512 1892 ille
533 1848 841 1893 misericordia.
871 1849 1099 1902 Quomodo
1122 1865 1224 1909 ergo
1262 1848 1326 1893 illi
1347 1848 1457 1893 nihil
1476 1859 1723 1894 nocuerunt
1749 1852 1773 1894 J
1779 1865 1833 1893 u-

438 1917 545 1975 daei3
581 1919 639 1963 sic
667 1934 747 1963 nec
778 1918 858 1963 tibi
900 1920 1129 1981 quisquam
1164 1929 1416 1980 persecutor
1443 1919 1642 1964 inimicus
1656 1955 1667 1976 ,
1707 1920 1742 1964 si
1783 1929 1834 1964 tu

436 1988 617 2047 elegeris
641 2004 730 2033 esse
747 1989 991 2033 membrum
1016 1991 1166 2050 capitis
1183 1989 1313 2034 illius.

495 2061 595 2103 Vn.
622 2062 734 2103 Ecce
751 2058 1043 2104 intelleximus
1060 2061 1207 2120 ignem
1225 2070 1324 2105 ante
1351 2076 1451 2104 eum
1470 2070 1739 2120 praeeuntem
1753 2095 1764 2115 ,
1785 2060 1832 2105 id

434 2139 522 2186 est,
543 2131 628 2174 hoc
649 2139 845 2190 tempore
866 2130 1204 2190 intelligendum
1220 2132 1266 2175 in
1283 2146 1461 2191 poenam
1478 2131 1716 2191 quamdam
1737 2130 1830 2175 infi-

435 2201 601 2246 delium
623 2210 666 2245 et
686 2201 939 2262 iniquorum
970 2221 978 2247 :
1005 2202 1298 2262 intelligamus
1321 2203 1466 2261 ignem
1477 2238 1492 2258 ,
1517 2203 1552 2247 si
1575 2217 1827 2262 possumus,

436 2283 480 2318 et
516 2274 563 2318 in
593 2273 777 2318 salutem
813 2273 1168 2334 redemptorum,
1201 2275 1260 2318 ita
1289 2274 1405 2318 enim
1444 2290 1826 2335 proposueramus,

440 2346 562 2389 [dem
581 2345 669 2403 ipse
686 2347 895 2389 Dominus
919 2344 998 2388 ait:
1017 2363 1033 2385 «
1053 2348 1205 2403 Ignem
1224 2345 1322 2387 veni
1340 2345 1511 2388 mittere
1528 2346 1573 2388 in
1594 2349 1826 2390 terram2.»

440 2415 509 2460 Sic
531 2414 700 2473 ignem,
725 2413 948 2474 quomodo
978 2413 1171 2473 gladium
1191 2434 1199 2459 :
1226 2431 1326 2458 nam
1345 2424 1387 2458 et
1409 2415 1603 2475 quodam
1624 2416 1721 2460 loco
1745 2416 1824 2470 ait,

437 2500 526 2530 non
555 2500 598 2528 se
623 2485 787 2528 venisse
817 2499 968 2544 pacem
991 2484 1163 2528 mittere
1196 2485 1240 2528 in
1264 2494 1444 2543 terram,
1480 2484 1556 2530 sed
1587 2485 1823 2544 gladitim⁵.

487 2575 495 2592 ¹
520 2570 591 2601 Isu'i.
608 2580 694 2611 xxw,
719 2580 768 2601 11.
790 2585 832 2592 --
855 2575 867 2592 ²
887 2570 963 2602 Luc.
985 2568 1172 2611 111‚l19.—-
1198 2567 1210 2591 3
1231 2569 1342 2601 Manli.
1368 2581 1398 2610 x,
1416 2569 1468 2611 34.
