1926 3339
369 278 606 302 Erx‘xniiassw
644 280 680 303 m
721 280 865 302 Psxth
890 281 913 302 Μ
956 281 1068 304 «fimi.
1352 270 1428 306 407

56 338 111 383 ad
148 339 443 385 hcereditatem
481 341 783 400 sempiternam
819 356 896 383 nos
924 342 1161 398 erudit-,01
1195 343 1276 386 hoc
1310 346 1436 388 nobis

53 419 229 469 praestat
248 425 361 469 saepe
390 410 444 453 de
478 409 598 452 malis
627 409 899 459 hominibus,
931 411 976 454 in
1004 411 1164 469 quibus
1190 421 1360 456 exercet
1390 423 1435 457 et

54 479 222 538 perficit
243 479 518 523 dilectionem
536 488 726 523 nostram
742 514 752 533 ,
770 495 901 539 quam
919 478 1014 523 vult
1034 480 1207 524 extendi
1230 496 1366 540 usque
1381 481 1436 525 ad

53 549 263 593 inimicos.
288 552 439 609 Neque
460 550 574 593 enim
596 559 659 593 est
675 549 862 608 perfecta
877 548 1051 594 dilectio
1073 550 1304 595 Christiani
1322 585 1333 604 ‚
1356 550 1437 594 nisi

54 635 154 664 cum
177 619 329 680 implet
357 619 476 679 quod
509 619 705 664 Christus
742 620 971 679 praecepit:
1000 640 1020 662 «
1045 620 1217 679 Diligite
1241 620 1437 665 inimicos

57 709 77 733 »
111 699 299 745 vestros,
334 690 574 734 benefacite
606 690 672 734 his
698 691 773 750 qui
794 706 869 735 vos
902 690 1114 746 oderunt,
1150 702 1193 734 et
1215 699 1334 735 orate
1357 706 1438 751 pro

56 778 77 802 »
112 761 171 805 eis
209 761 285 821 qui
312 776 387 805 vos
426 763 786 821 persequuntur1.
816 779 835 801 »
863 761 973 805 Hinc
995 761 1084 819 ipse
1113 760 1312 805 diabolus
1338 762 1437 805 vin-

54 829 167 875 citur
180 865 191 885 ,
210 830 311 874 hinc
333 830 526 874 victoriae
549 846 706 874 corona
722 831 973 889 percipitur.
992 833 1105 875 Ecce
1125 840 1287 890 quanta
1311 831 1437 876 nobis

53 903 168 945 Deus
194 910 368 959 praestat
399 900 452 944 de
471 900 591 944 malis
612 900 862 943 hominibus
887 919 895 944 z
931 915 1011 943 nec
1032 909 1175 943 tamen
1198 899 1438 944 secundum

53 968 98 1014 id
119 971 240 1030 quod
261 970 314 1014 de
338 969 420 1014 illis
459 970 584 1013 nobis
621 979 822 1028 praestat,
857 970 932 1013 sed
961 969 1203 1012 secundum
1230 969 1439 1013 malitiam

53 1055 204 1083 eorum
228 1039 437 1083 retribuet
466 1039 540 1083 eis.
568 1038 723 1083 Videte
760 1039 876 1082 enim
913 1049 1076 1098 quanta
1113 1039 1238 1083 nobis
1270 1040 1439 1098 praesti-

53 1110 106 1154 tit
138 1108 193 1153 de
220 1111 312 1169 ipso
348 1110 658 1153 immanissimo
687 1109 846 1154 scelere
885 1109 1012 1154 Judae
1035 1110 1266 1154 traditoris.
1303 1109 1439 1154 Judas

53 1181 215 1242 quippe
237 1180 418 1224 tradidit
449 1179 504 1224 ad
526 1180 767 1240 passionem
794 1179 953 1224 Filium
984 1181 1084 1234 Dei,
1111 1189 1154 1224 et
1176 1196 1251 1238 per
1275 1181 1439 1239 passio-

54 1266 152 1294 nem
177 1249 275 1293 Filii
305 1250 381 1294 Dei
406 1265 555 1295 omnes
578 1260 727 1309 gentes
757 1249 992 1309 redemptae
1023 1259 1125 1294 sunt
1141 1249 1195 1294 ad
1223 1249 1436 1295 salutem:

53 1335 133 1364 nec
155 1329 300 1364 tamen
320 1335 398 1380 pro
420 1320 557 1364 salute
586 1320 781 1379 gentium
803 1335 966 1375 merces
1000 1319 1168 1364 reddita
1198 1329 1261 1364 est
1285 1322 1311 1363 J
1315 1320 1411 1364 udae
1425 1355 1437 1375 ‚

52 1388 127 1434 sed
158 1405 235 1449 pro
257 1391 346 1450 ejus
369 1389 530 1434 malitia
553 1389 752 1434 debitum
780 1389 1043 1449 supplicium
1076 1389 1338 1433 retributum
1356 1399 1436 1434 est.

51 1462 161 1505 Nam
184 1460 218 1504 si
243 1459 415 1504 traditio
433 1460 614 1514 Christi,
640 1469 682 1504 et
704 1476 794 1504 non
816 1459 1023 1505 tradentis
1047 1460 1214 1503 animus
1238 1460 1440 1504 conside-

52 1529 212 1574 randus
235 1539 299 1574 est
316 1566 326 1585 ,
352 1531 436 1575 hoc
469 1529 571 1574 fecit
593 1533 616 1574 J
622 1530 754 1584 udas,
787 1529 907 1590 quod
930 1529 1032 1574 fecit
1057 1533 1170 1573 Deus
1194 1533 1321 1574 Pater
1336 1565 1347 1586 ‚
1384 1530 1440 1574 de

50 1616 141 1663 quo
158 1602 366 1661 scriptum
382 1610 467 1656 est,
495 1601 596 1660 quia
626 1620 642 1639 «
675 1600 787 1647 Filio
807 1601 984 1660 proprio
1007 1616 1095 1645 non
1117 1601 1311 1659 pepercit
1327 1635 1339 1655 ‚
1364 1600 1441 1645 sed

54 1690 74 1712 η
109 1685 189 1730 pro
217 1671 342 1715 nobis
364 1671 569 1715 omnibus
583 1669 762 1714 tradidit
778 1670 902 1714 illum
920 1674 953 1714 2.
981 1689 1001 1712 »
1032 1673 1125 1716 Hoc
1150 1670 1253 1715 fecit
1270 1669 1405 1714 Judas
1424 1705 1435 1725 ,

51 1740 172 1805 quod
197 1740 300 1785 fecit
321 1741 412 1800 ipse
442 1741 651 1785 Dominus
672 1741 889 1794 Christus,
914 1739 969 1784 de
998 1756 1087 1800 quo
1112 1741 1321 1799 scriptum
1349 1750 1435 1796 est,

56 1831 76 1853 «
110 1811 194 1865 Qui
210 1827 253 1855 se
276 1812 416 1871 ipsum
440 1810 618 1855 tradidit
640 1826 718 1870 pro
742 1810 866 1854 nohis
891 1809 1158 1855 oblationem
1182 1819 1224 1854 et
1253 1810 1439 1854 hostiam

58 1902 74 1923 »
111 1885 200 1926 Deo
222 1882 267 1926 in
289 1882 468 1926 odorem
491 1881 725 1925 suavitatis.
754 1900 774 1921 »
801 1883 858 1924 Et
889 1881 1069 1938 iterum3
1098 1900 1114 1919 «
1141 1880 1260 1925 Sicut
1288 1881 1438 1925 Chris-

54 1970 75 1994 »
111 1961 202 2007 tus⁷
221 1952 389 2012 inquit,
415 1951 563 1996 dilexit
579 1951 815 1996 Ecclesiam
832 1987 842 2005 ,
868 1960 911 1995 et
934 1967 978 1995 se
999 1952 1142 2010 ipsum
1164 1949 1344 1995 tradidit
1361 1966 1440 2010 pro

55 2041 75 2064 »
110 2025 204 2067 ea3.
230 2042 249 2064 n
275 2026 333 2067 Et
354 2032 501 2066 tamen
524 2022 678 2080 gratias
713 2022 878 2079 agimus
905 2024 994 2066 Deo
1029 2022 1172 2076 Patri,
1205 2021 1280 2081 qui
1307 2022 1439 2066 unico

52 2092 163 2137 Filio
185 2109 275 2138 non
297 2093 515 2152 pepercit,
552 2092 627 2136 sed
649 2108 728 2151 pro
761 2092 884 2136 nobis
915 2091 1096 2136 tradidit
1123 2106 1223 2134 eum
1251 2111 1259 2135 :
1286 2092 1440 2148 gratias

53 2163 217 2221 agimus
238 2163 319 2222 ipsi
342 2162 476 2217 Filio,
496 2163 571 2222 qui
595 2178 638 2206 se
660 2163 800 2222 ipsum
825 2162 1003 2206 tradidit
1029 2177 1108 2221 pro
1139 2162 1264 2207 nobis
1280 2196 1291 2215 ,
1326 2170 1370 2205 et
1392 2162 1437 2205 in

52 2249 103 2278 eo
144 2234 414 2278 voluntatem
442 2234 576 2277 Patris
608 2234 804 2292 implevit
836 2253 844 2277 2
881 2242 924 2276 et
957 2232 1222 2276 detestamur
1254 2231 1436 2287 Judam,

52 2303 107 2347 de
128 2306 252 2364 cujus
274 2303 389 2349 facto
407 2304 531 2347 nobis
555 2313 723 2347 tantum
744 2303 1004 2347 beneficium
1025 2303 1220 2361 praestitit
1243 2306 1381 2360 Deus;
1396 2312 1439 2348 et

53 2383 168 2418 recte
181 2373 384 2419 dicimus:
401 2373 610 2418 Reddidit
627 2375 665 2417 ei
679 2374 887 2418 Dominus
906 2372 1144 2416 secundum
1165 2373 1434 2431 iniquitatem

53 2445 168 2503 ejus,
207 2454 249 2488 et
279 2445 519 2488 secundum
549 2444 757 2488 malitiam
797 2445 888 2504 ejus
910 2443 1166 2501 disperdidit
1199 2458 1314 2487 eum.
1341 2445 1439 2487 Non

5 2568 14 2574 ⁹
55 2515 168 2557 enim
186 2514 257 2558 ille
281 2531 357 2574 pro
379 2516 504 2559 nobis
519 2514 945 2565 tradiditChristum7
962 2512 1033 2556 sed
1057 2529 1132 2571 pro
1152 2522 1329 2570 argento
1347 2528 1436 2570 quo

105 2602 109 2614 ¹
134 2600 289 2631 M:·1t¹.1.v,
316 2601 357 2638 ’.ὅ
385 2618 423 2622 —
445 2607 454 2621 ³
479 2603 564 2630 Ihm),
587 2611 650 2629 κ’·ιι,
674 2601 712 2630 3²2
749 2617 783 2619 *⁴
813 2598 822 2610 7
846 2598 956 2639 spiri-m
978 2610 1005 2629 v,
1025 2608 1042 2628 ἰ
1062 2603 1088 2626 ri
1109 2597 1146 2627 ’λί
