1926 3339
407 279 649 308 ENAnnATIO
682 282 727 307 IN
759 279 963 308 PSALMUM
996 283 1145 309 LXXVI.
1413 274 1462 309 21

87 366 108 389 «
133 349 227 391 Vox
250 346 429 391 tonitrui
453 346 515 389 tui
540 346 584 402 in
610 355 718 390 rota.
748 364 766 386 »
797 345 1049 390 Solebamus
1082 348 1203 406 pueri
1236 348 1465 406 suspicari,

82 432 181 461 cum
205 416 453 461 audiremus
473 417 664 460 tonitrua
688 415 744 459 de
764 414 878 460 coelo
893 452 903 471 ,
929 416 1052 476 quasi
1072 415 1272 461 vehicula
1302 416 1356 460 de
1378 426 1465 461 sta-

81 488 188 531 bulo
209 487 475 547 processisse.
499 487 673 531 Habent
691 487 804 531 enirn
820 488 1013 532 tonitrua
1036 487 1271 548 quamdam
1290 504 1470 533 concus-

81 559 245 603 sionem
265 559 448 603 similem
468 558 691 603 vehiculis.
718 559 942 619 Numquid
964 560 1018 603 ad
1046 560 1122 604 ista
1147 558 1326 619 puerilia
1351 560 1469 603 redi-

79 630 166 674 turi
208 646 378 685 sumus,
424 640 474 674 ut
514 628 808 689 intelligamus
825 665 835 683 ,
885 650 904 672 «
951 632 1045 674 Vox
1082 630 1263 674 tonitrui
1312 630 1377 674 tui
1422 629 1467 673 in

82 717 103 740 ›>
137 709 256 754 rota,
282 719 302 740 »
325 700 449 760 quasi
472 699 614 760 aliqua
635 699 834 744 vehicula
855 700 1016 744 habeat
1038 703 1150 744 Deus
1176 701 1222 744 in
1246 700 1463 755 nubibus,

79 779 121 814 et
145 771 347 815 transitus
362 771 667 831 vehiculorum
687 771 812 815 illum
833 772 1061 830 strepitum
1084 772 1302 815 concitet?
1321 771 1461 815 Absit.

79 843 172 885 Hoc
208 841 372 900 puerile
408 852 493 896 est,
533 857 718 896 vanum,
754 841 1046 900 nugatorium.
1089 841 1207 894 Quid
1242 851 1305 885 est
1338 857 1462 899 ergo,

81 930 100 953 «
128 914 221 956 Vox
236 913 416 956 tonitrui
432 914 498 956 tui
521 913 566 955 in
590 914 708 956 rota?
734 931 753 953 »
779 912 982 957 Volvitur
1002 929 1084 957 vox
1099 923 1188 956 tua.
1210 915 1363 971 Neque
1382 914 1468 957 hoc

76 981 288 1041 intelligo.
326 982 439 1036 Quid
470 983 704 1027 faciemus?
738 986 1061 1042 Interrogemus
1089 984 1232 1042 ipsum
1256 983 1463 1038 Idsthun,

75 1067 131 1095 ne
153 1050 265 1097 sorte
292 1053 382 1112 ipse
404 1063 592 1112 exponat
614 1055 736 1113 quod
757 1053 867 1099 dixit
889 1073 897 1098 :
920 1073 940 1095 «
966 1057 1078 1109 Vox,
1101 1054 1261 1114 inquit,
1287 1054 1467 1098 tonitrui

80 1143 98 1165 »
124 1124 188 1167 tui
210 1124 255 1166 in
278 1133 386 1168 rota.
418 1144 435 1165 »
462 1127 559 1168 Non
581 1124 793 1183 intelligo.
813 1124 999 1169 Audiam
1024 1124 1132 1183 (guid
1153 1124 1260 1168 dicis
1284 1143 1303 1165 α
1325 1128 1468 1184 Appa-

77 1212 98 1236 »
127 1205 310 1238 ruerunt
332 1193 507 1253 fulgura
527 1205 600 1239 tua
623 1196 719 1240 orbi
742 1205 971 1240 terrarum.
999 1216 1016 1237 »
1042 1196 1114 1239 Dic
1133 1210 1257 1253 ergo,
1284 1211 1373 1239 non
1395 1196 1466 1240 in-

74 1265 337 1310 tellexeram.
369 1267 498 1311 Orbis
521 1277 735 1311 terrarum
758 1278 821 1312 est
838 1277 947 1312 rota.
979 1270 1089 1312 Nam
1117 1267 1322 1312 circuitus
1354 1267 1468 1311 orbis

73 1346 286 1381 terrarum
301 1373 311 1393 ‚
343 1338 498 1382 merito
522 1348 565 1382 et
588 1339 702 1382 orbis
725 1339 911 1383 dicitur:
933 1337 1052 1381 uncle
1074 1338 1215 1382 brevis
1237 1339 1368 1381 etiam
1399 1354 1467 1382 ro-

72 1406 200 1462 tella,
228 1407 449 1452 orbiculus
472 1408 731 1467 appellatur.
770 1428 787 1448 «
825 1411 923 1452 Vox
956 1408 1137 1451 tonitrui
1159 1409 1223 1451 tui
1255 1408 1302 1450 in
1334 1417 1460 1452 rota:

74 1495 96 1518 »
130 1487 428 1538 apparuerunt
450 1477 624 1536 fulgura
657 1487 733 1521 tua
755 1478 851 1522 orbi
884 1487 1114 1521 terrarum.
1151 1496 1170 1518 »
1206 1477 1355 1521 Nubes
1377 1477 1464 1520 illae

72 1547 118 1591 iu
148 1557 242 1593 rota
273 1548 584 1593 circumierunt
605 1548 758 1592 orbem
783 1557 1023 1602 terrarum,
1051 1548 1362 1592 circumierunt
1393 1557 1464 1591 to-

71 1618 219 1663 nando
240 1629 283 1663 et
305 1620 573 1664 coruscando
586 1655 597 1674 ,
624 1619 829 1676 abyssum
848 1628 1182 1663 commoverunt
1199 1654 1209 1673 ‚
1234 1618 1463 1678 praeceptis

72 1699 334 1745 tonuerunt,
366 1688 584 1734 miraculis
616 1698 970 1734 coruscaverunt.
1003 1709 1023 1732 «
1055 1693 1106 1733 In
1141 1704 1316 1733 omnem
1350 1689 1466 1732 enim

76 1778 97 1801 »
123 1769 284 1804 terram
307 1761 411 1805 exiit
434 1776 565 1805 sonus
588 1776 739 1804 eorum
754 1796 764 1816 ,
786 1770 829 1805 et
850 1762 894 1804 in
916 1761 1023 1804 fines
1047 1760 1160 1804 orbis
1184 1769 1309 1804 terrae
1332 1759 1466 1803 verba

76 1850 96 1873 »
123 1834 319 1876 eoruml.
357 1834 588 1877 Commota
626 1841 689 1876 est
704 1867 715 1887 ‚
754 1841 798 1876 et
837 1832 1212 1876 contremebunda
1251 1830 1363 1875 facta
1404 1839 1469 1874 est

75 1921 96 1944 n
124 1912 236 1947 terra
263 1923 271 1947 :
300 1921 320 1943 n
347 1903 392 1946 id
412 1913 497 1957 est,
532 1919 681 1947 omnes
704 1904 781 1963 qui
800 1903 1003 1946 habitant
1019 1903 1065 1945 in
1086 1911 1215 1946 terra.
1243 1905 1325 1946 Per
1348 1902 1466 1946 simi-

72 1972 305 2017 litudinem
329 1983 475 2016 autem
497 1973 589 2033 ipsa
618 1983 731 2016 terra
748 2009 758 2028 ‚
785 1988 903 2016 mare
926 1982 1002 2015 est.
1029 1973 1199 2025 Quare?
1222 1972 1333 2025 Quia
1358 1988 1466 2031 gen-

72 2054 136 2088 tes
153 2060 302 2089 omnes
319 2046 446 2089 maris
470 2045 646 2088 nomine
664 2054 1001 2104 nuncupantur,
1028 2043 1149 2103 quod
1172 2044 1259 2087 vita
1275 2045 1466 2088 humana

73 2131 219 2159 amara
254 2125 341 2169 est,
379 2125 422 2159 et
455 2114 655 2174 procellis
689 2130 737 2158 ac
771 2114 1102 2173 tempestatibus
1136 2114 1326 2158 subdita.
1368 2117 1467 2158 Jam

72 2185 184 2229 illud
205 2186 239 2229 si
263 2185 460 2229 attendas
475 2222 485 2240 ‚
511 2185 632 2246 quod
652 2186 851 2229 homines
873 2200 916 2229 se
938 2195 1151 2244 tanquam
1173 2185 1309 2244 pisces
1330 2184 1466 2230 devo-

72 2266 191 2311 rant,
217 2272 318 2300 cum
341 2257 477 2316 major
494 2256 708 2300 minorem
738 2256 944 2300 absorbet
965 2275 974 2300 ε
996 2265 1059 2300 est
1084 2271 1187 2315 ergo
1211 2257 1294 2300 hoc
1321 2271 1461 2311 mare,

73 2326 178 2371 illuc
193 2327 483 2385 Evangelistae
505 2327 665 2371 ierunt.

131 2399 253 2441 XXI.
290 2416 310 2438 «
337 2400 389 2440 In
410 2397 519 2440 mari
541 2407 605 2441 est
634 2397 703 2441 via
743 2400 846 2440 tua²
881 2415 901 2437 »
929 2395 1200 2441 ,Iamdudum
1234 2398 1276 2441 in
1307 2400 1466 2443 Sancto

72 2468 143 2511 via
164 2477 260 2519 tua,
282 2468 416 2512 modo
437 2488 458 2510 «
482 2471 534 2512 In
556 2468 665 2512 mari
686 2477 749 2512 est
767 2466 833 2510 via
856 2476 930 2511 tua
953 2487 961 2511 :
983 2468 1085 2527 quia
1105 2468 1196 2528 ipse
1217 2470 1400 2513 Sanctus
1419 2469 1465 2511 in

72 2539 204 2593 mari,
228 2548 271 2583 et
286 2539 440 2583 merito
463 2539 592 2583 etiam
612 2554 742 2598 super
760 2554 893 2598 aquas
910 2538 1039 2582 maris
1061 2538 1342 2583 ambulavit3.
1371 2558 1390 2579 «
1412 2541 1462 2581 {n

121 2632 129 2648 ¹
148 2625 226 2657 Psal.
250 2636 335 2666 xvm,
356 2626 384 2656 5.
413 2643 454 2647 -—
473 2632 486 2648 ²
506 2625 552 2657 m,
578 2636 687 2663 mxw,
707 2634 760 2657 20.
783 2642 823 2646 —-
845 2623 858 2646 3
875 2625 990 2656 naith.
1008 2636 1073 2664 xiv,
1094 2625 1148 2655 ¹25.
