1926 3339
433 311 675 342 mmmmm
706 313 753 341 m
784 309 987 343 rsALMUM
1017 315 1162 344 xcvm.
1371 307 1456 348 489

76 393 249 426 aversus
271 394 295 424 a
316 379 415 424 luce
436 380 655 424 veritatis?
690 379 807 432 Quid
840 379 970 425 debet
995 380 1137 426 facere
1161 383 1323 428 homo?
1344 387 1458 431 Com

74 460 243 496 vertere
264 467 308 495 se
337 460 508 495 tantum
530 449 584 493 ad
609 452 747 494 Deum
763 485 774 506 ‚
799 460 849 495 ut
869 451 958 511 ipse
980 452 1025 496 in
1047 451 1122 496 illo
1146 452 1305 498 formet
1325 457 1459 515 aequi-

74 530 238 578 tatem,
272 536 404 581 quam
432 521 524 580 ipse
553 519 741 564 formare
776 537 865 566 11011
900 531 1067 581 potest,
1099 523 1173 567 sed
1195 523 1454 569 deformare.

76 592 266 637 Idoneus
288 602 351 637 est
367 593 500 636 homo
522 593 577 636 ad
599 591 920 638 vulnerandum
943 609 986 638 se
1007 613 1016 638 ε
1041 595 1258 655 numquid
1275 595 1458 640 idoneus

76 673 140 709 est
153 663 207 708 ad
219 663 460 708 sanandum
475 666 543 707 se?
553 665 738 717 Quando
752 663 848 709 vult
861 674 1058 724 aegrotat,
1070 682 1159 710 non
1173 667 1350 726 quando
1363 667 1460 712 vult

75 735 226 794 surgit.
255 736 297 780 Si
318 734 413 779 vult
429 770 439 789 ,
459 735 577 779 vivat
598 735 937 795 intemperanter
954 735 1022 780 vel
1046 737 1089 780 in
1114 735 1272 796 frigore
1291 773 1300 793 ,
1327 737 1395 782 vel
1413 738 1459 782 in

74 805 242 864 calore3
262 821 313 850 eo
335 805 403 849 die
426 815 630 864 aegrotat,
657 822 744 867 quo
761 806 974 852 voluerit:
992 823 1091 852 cum
1111 817 1254 852 autem
1272 808 1459 853 vivendo

73 877 416 936 intemperanter
435 878 618 937 coeperit
641 887 866 937 aegrotare,
884 889 1030 936 surgat
1046 878 1223 939 quando
1244 879 1360 923 vult:
1383 880 1460 938 qui

70 948 207 1008 jacuit
237 947 415 1009 quando
436 948 598 1004 voluit,
624 959 793 1008 surgat,
820 949 853 993 si
875 959 1043 1009 potest,
1068 949 1245 1009 quando
1267 949 1376 994 vult.
1404 953 1462 994 Ut

69 1019 234 1079 jaceret
266 1028 453 1077 aegrotus
472 1055 483 1074 ,
515 1019 894 1080 intemperantiam
926 1035 1049 1063 suam
1080 1020 1235 1064 habuit
1262 1035 1459 1064 necessa-

75 1088 184 1133 riam
205 1108 214 1133 :
247 1099 297 1133 ut
325 1100 473 1149 surgat
495 1099 639 1135 autem
658 1127 669 1145 ‚
692 1091 972 1134 necessariam
991 1091 1123 1134 habet
1139 1091 1311 1135 artificis
1328 1090 1463 1134 medi-

76 1159 234 1204 cinam.
259 1161 326 1205 Sic
343 1177 446 1220 ergo
464 1170 514 1205 ut
535 1170 684 1221 peccet
705 1162 862 1216 homo,
887 1162 977 1220 ipse
999 1161 1077 1205 sibi
1100 1161 1260 1204 sufficit
1291 1160 1346 1204 ad
1365 1176 1463 1219 pec-

77 1232 268 1275 candum
294 1248 303 1274 :
338 1241 387 1275 ut
413 1233 699 1292 justificetur,
736 1248 825 1276 non
854 1233 935 1275 sibi
971 1231 1159 1286 sufficit,
1191 1232 1272 1275 nisi
1308 1231 1362 1274 ab
1386 1230 1462 1275 illo

71 1301 354 1360 justificetur,
382 1302 459 1362 qui
494 1302 609 1346 solus
632 1312 695 1346 cst
719 1304 876 1363 justus.
910 1304 965 1346 Ut
987 1317 1089 1360 ergo
1117 1301 1178 1345 illi
1201 1317 1244 1345 se
1267 1302 1462 1345 homines

76 1370 182 1415 dent
200 1372 451 1416 formandos
470 1372 524 1416 ad
541 1373 769 1433 justitiam,
786 1388 884 1417 cum
906 1375 1126 1416 terruisset
1144 1371 1328 1431 populos
1350 1370 1464 1415 Psal-

76 1458 174 1487 mus
199 1443 303 1499 iste,
331 1454 375 1488 et
396 1443 570 1488 dixisset
594 1464 602 1488 :
629 1464 647 1486 ι(
673 1446 974 1489 Confiteantur
992 1444 1159 1488 nomini
1178 1453 1254 1487 tuo
1274 1459 1432 1501 magno
1449 1478 1460 1498 ,

80 1531 100 1554 1)
136 1514 343 1574 quoniam
377 1514 567 1558 terribile
589 1524 631 1558 et
654 1524 852 1559 sanctum
875 1524 938 1558 est
953 1550 964 1569 ,
990 1524 1031 1558 et
1054 1515 1195 1558 honor
1219 1514 1329 1571 regis
1346 1512 1465 1573 judi-

79 1602 101 1626 »
137 1585 251 1629 cium
282 1585 423 1643 diligit
450 1606 457 1629 ;
483 1605 501 1627 1)
527 1586 663 1629 veluti
686 1595 929 1646 quaerentes
947 1588 1038 1645 jam
1061 1584 1246 1645 populos
1270 1585 1462 1638 territos,

78 1655 301 1716 quomodo
323 1656 428 1715 justi
450 1657 594 1700 vivere
615 1655 830 1711 debeant,
855 1657 958 1716 quia
988 1656 1033 1698 in
1060 1671 1104 1699 se
1125 1655 1225 1714 ipsis
1252 1670 1341 1698 non
1364 1670 1466 1713 pos-

78 1736 181 1772 sunt
198 1727 360 1771 habere
379 1727 614 1787 justitiam,
640 1727 963 1772 commendavit
991 1726 1074 1770 illis
1097 1735 1139 1769 et
1162 1725 1467 1785 plasmatorem

75 1798 256 1858 justitiae
283 1796 459 1842 illorum
482 1807 525 1842 et
555 1807 727 1842 secutus
750 1798 809 1842 ait
829 1817 836 1842 :
868 1817 888 1839 «
914 1800 979 1841 Tu
998 1797 1155 1856 parasti
1183 1796 1431 1856 aequitatem
1454 1817 1464 1852 3

81 1885 102 1908 1)
132 1867 349 1928 judicium
374 1877 417 1912 et
438 1869 651 1928 justitiam
686 1869 731 1912 in
763 1868 898 1913 Jacob
935 1876 983 1911 tu
1018 1866 1172 1911 fecisti.
1202 1885 1221 1906 n
1251 1867 1468 1910 Debemus

79 1939 195 1982 enim
219 1948 263 1982 et
283 1954 362 1983 nos
385 1939 547 1982 habere
563 1938 780 1999 judicium
795 1973 806 1993 ,
827 1937 1037 1982 debemus
1053 1938 1214 1981 habere
1227 1936 1438 1996 justitiam
1455 1955 1464 1980 :

80 2009 155 2054 sed
176 2009 251 2053 ille
272 2010 317 2052 in
335 2010 461 2053 nobis
488 2009 590 2054 facit
606 2009 823 2070 judicium
845 2018 888 2053 et
905 2009 1117 2069 justitiam
1138 2044 1148 2061 ,
1174 2009 1248 2068 qui
1266 2023 1343 2051 nos
1367 2005 1469 2050 fecit

79 2080 126 2123 in
146 2079 305 2139 quibus
324 2078 499 2123 faceret.
525 2079 758 2133 Quomodo
781 2089 823 2123 et
840 2095 918 2124 nos
941 2078 1148 2122 debemus
1167 2078 1329 2122 habere
1347 2076 1469 2137 judi-

81 2151 198 2195 cium
220 2159 263 2193 et
280 2150 524 2210 justitiam?
545 2153 569 2194 J
575 2149 766 2194 udicium
788 2150 937 2205 habes,
955 2150 1133 2210 quando
1155 2149 1360 2193 discernis
1378 2163 1471 2191 ma-

80 2220 174 2265 lum
196 2236 219 2264 a
242 2221 389 2277 110110,
416 2221 629 2280 justitiam
657 2231 825 2276 autem,
856 2221 1033 2281 quando
1062 2219 1251 2280 sequeris
1274 2219 1467 2272 benum,

82 2300 126 2336 et
158 2289 349 2334 declinas
383 2306 406 2334 a
433 2290 564 2335 malo.
600 2290 922 2346 Discernendo,
955 2290 1169 2351 judicium
1199 2290 1333 2334 habes
1361 2309 1369 2333 2
1404 2288 1472 2332 fa-

83 2361 261 2415 ciendo,
297 2361 512 2421 justitiam
542 2361 692 2406 habes.
722 2381 743 2404 «
764 2361 942 2406 Declina
974 2378 996 2406 a
1026 2361 1166 2416 malo,
1202 2361 1289 2415 ait,
1328 2369 1372 2403 et
1405 2357 1473 2403 fac

86 2450 106 2474 »
142 2431 311 2475 bonum
333 2451 341 2475 :
366 2447 515 2491 quaere
536 2447 709 2490 pacem,
743 2442 786 2477 et
805 2448 986 2492 sequere
1015 2435 1155 2476 eam1.
1186 2451 1205 2472 »
1232 2431 1377 2475 Primo
1397 2429 1474 2472 de-

84 2503 161 2546 bes
178 2502 340 2545 habere
357 2501 590 2562 judicium⁷
609 2512 652 2546 et
673 2512 820 2563 postea
833 2503 1061 2563 justitiam.
1088 2502 1213 2555 Quod
1231 2501 1472 2561 judicium?

85 2575 144 2617 Ut
164 2572 305 2632 primo
325 2572 493 2632 judices
514 2572 623 2632 quid
644 2574 700 2618 sit
721 2574 886 2619 malum
907 2609 918 2630 ,
948 2583 991 2618 et
1012 2572 1118 2633 quid
1141 2573 1194 2617 sit
1215 2573 1396 2616 bonum.
1417 2572 1478 2614 Et-

135 2663 143 2679 ¹
172 2656 251 2689 Psal.
272 2668 384 2699 xxxin,
404 2657 456 2698 15,
483 2661 515 2689 et
535 2668 645 2699 xxxw,
668 2666 722 2699 27.
