<?xml version="1.0" encoding="UTF-8"?>
<!DOCTYPE html PUBLIC "-//W3C//DTD XHTML 1.0 Transitional//EN"
    "http://www.w3.org/TR/xhtml1/DTD/xhtml1-transitional.dtd">
<html xmlns="http://www.w3.org/1999/xhtml" xml:lang="en" lang="en">
 <head>
  <title>
</title>
<meta http-equiv="Content-Type" content="text/html;charset=utf-8" />
  <meta name='ocr-system' content='tesseract 3.04.00' />
  <meta name='ocr-capabilities' content='ocr_page ocr_carea ocr_par ocr_line ocrx_word'/>
</head>
<body>
  <div class='ocr_page' id='page_1' title='image "./operaomniaaccura10auguuoft_0085.png"; bbox 0 0 1926 3339; ppageno 0'>
   <div class='ocr_carea' id='block_1_1' title="bbox 369 251 1417 287">
    <p class='ocr_par' dir='ltr' id='par_1_1' title="bbox 369 251 1417 287">
     <span class='ocr_line' id='line_1_1' title="bbox 369 251 1417 287; baseline 0.006 -6"><span class='ocrx_word' id='word_1_1' title='bbox 369 254 607 282; x_wconf 64' lang='lat' dir='ltr'><strong>ENARRATM)</strong></span> <span class='ocrx_word' id='word_1_2' title='bbox 641 259 683 283; x_wconf 68' lang='lat' dir='ltr'>izv</span> <span class='ocrx_word' id='word_1_3' title='bbox 719 257 920 285; x_wconf 74' lang='lat' dir='ltr'>PsALML&#39;M</span> <span class='ocrx_word' id='word_1_4' title='bbox 955 260 1119 284; x_wconf 58' lang='lat' dir='ltr'>cxxvii.</span> <span class='ocrx_word' id='word_1_5' title='bbox 1365 251 1417 287; x_wconf 80' lang='lat'>65</span> 
     </span>
    </p>
   </div>
   <div class='ocr_carea' id='block_1_2' title="bbox 35 318 1435 2583">
    <p class='ocr_par' dir='ltr' id='par_1_2' title="bbox 35 318 1428 1585">
     <span class='ocr_line' id='line_1_2' title="bbox 96 318 1419 378; baseline 0.005 -17"><span class='ocrx_word' id='word_1_6' title='bbox 96 321 254 363; x_wconf 83' lang='lat' dir='ltr'><strong>XLIII.</strong></span> <span class='ocrx_word' id='word_1_7' title='bbox 296 337 314 358; x_wconf 90' lang='lat'>«</span> <span class='ocrx_word' id='word_1_8' title='bbox 351 321 406 362; x_wconf 91' lang='lat' dir='ltr'>Et</span> <span class='ocrx_word' id='word_1_9' title='bbox 439 318 570 378; x_wconf 83' lang='lat' dir='ltr'>elegit</span> <span class='ocrx_word' id='word_1_10' title='bbox 602 321 739 365; x_wconf 85' lang='lat' dir='ltr'>David</span> <span class='ocrx_word' id='word_1_11' title='bbox 772 336 943 365; x_wconf 79' lang='lat' dir='ltr'>servum</span> <span class='ocrx_word' id='word_1_12' title='bbox 976 325 1143 365; x_wconf 76' lang='lat' dir='ltr'>suum¹.</span> <span class='ocrx_word' id='word_1_13' title='bbox 1189 340 1208 361; x_wconf 73' lang='lat' dir='ltr'>n</span> <span class='ocrx_word' id='word_1_14' title='bbox 1243 324 1419 367; x_wconf 74' lang='lat' dir='ltr'>Tribuni</span> 
     </span>
     <span class='ocr_line' id='line_1_3' title="bbox 39 389 1418 452; baseline 0.004 -19"><span class='ocrx_word' id='word_1_15' title='bbox 39 404 139 447; x_wconf 83' lang='lat' dir='ltr'>ergo</span> <span class='ocrx_word' id='word_1_16' title='bbox 155 389 265 433; x_wconf 67' lang='lat' dir='ltr'>,Iuda</span> <span class='ocrx_word' id='word_1_17' title='bbox 282 398 459 448; x_wconf 83' lang='lat' dir='ltr'>propter</span> <span class='ocrx_word' id='word_1_18' title='bbox 471 390 610 434; x_wconf 88' lang='lat' dir='ltr'>David</span> <span class='ocrx_word' id='word_1_19' title='bbox 629 410 636 434; x_wconf 91' lang='lat'>:</span> <span class='ocrx_word' id='word_1_20' title='bbox 658 392 796 436; x_wconf 87' lang='lat' dir='ltr'>David</span> <span class='ocrx_word' id='word_1_21' title='bbox 818 402 960 436; x_wconf 83' lang='lat' dir='ltr'>autem</span> <span class='ocrx_word' id='word_1_22' title='bbox 981 394 1388 452; x_wconf 81' lang='lat' dir='ltr'>proptchhristum</span> <span class='ocrx_word' id='word_1_23' title='bbox 1410 414 1418 438; x_wconf 89' lang='lat'>:</span> 
     </span>
     <span class='ocr_line' id='line_1_4' title="bbox 38 459 1422 520; baseline 0.004 -18"><span class='ocrx_word' id='word_1_24' title='bbox 38 459 203 503; x_wconf 85' lang='lat' dir='ltr'>tribum</span> <span class='ocrx_word' id='word_1_25' title='bbox 233 459 364 517; x_wconf 81' lang='lat' dir='ltr'>igitur</span> <span class='ocrx_word' id='word_1_26' title='bbox 401 459 515 504; x_wconf 84' lang='lat' dir='ltr'>Juda</span> <span class='ocrx_word' id='word_1_27' title='bbox 548 470 726 520; x_wconf 87' lang='lat' dir='ltr'>propter</span> <span class='ocrx_word' id='word_1_28' title='bbox 763 462 997 507; x_wconf 77' lang='lat' dir='ltr'><strong>Christum.</strong></span> <span class='ocrx_word' id='word_1_29' title='bbox 1035 464 1135 515; x_wconf 87' lang='lat' dir='ltr'>Quo</span> <span class='ocrx_word' id='word_1_30' title='bbox 1171 472 1422 508; x_wconf 79' lang='lat' dir='ltr'>transeunte</span> 
     </span>
     <span class='ocr_line' id='line_1_5' title="bbox 37 529 1421 587; baseline 0.004 -13"><span class='ocrx_word' id='word_1_31' title='bbox 37 529 335 574; x_wconf 80' lang='lat' dir='ltr'>clamaverunt</span> <span class='ocrx_word' id='word_1_32' title='bbox 363 531 494 585; x_wconf 63' lang='lat' dir='ltr'>caeci‘,</span> <span class='ocrx_word' id='word_1_33' title='bbox 534 551 554 573; x_wconf 86' lang='lat'>«</span> <span class='ocrx_word' id='word_1_34' title='bbox 589 533 792 577; x_wconf 81' lang='lat' dir='ltr'>Miserere</span> <span class='ocrx_word' id='word_1_35' title='bbox 823 533 949 578; x_wconf 88' lang='lat' dir='ltr'>nobis</span> <span class='ocrx_word' id='word_1_36' title='bbox 966 569 976 587; x_wconf 85' lang='lat'>‚</span> <span class='ocrx_word' id='word_1_37' title='bbox 1017 532 1078 577; x_wconf 88' lang='lat' dir='ltr'>fili</span> <span class='ocrx_word' id='word_1_38' title='bbox 1102 534 1238 578; x_wconf 81' lang='lat' dir='ltr'>David</span> <span class='ocrx_word' id='word_1_39' title='bbox 1275 554 1283 577; x_wconf 71' lang='grc' dir='ltr'>ε</span> <span class='ocrx_word' id='word_1_40' title='bbox 1321 553 1340 575; x_wconf 83' lang='lat'>»</span> <span class='ocrx_word' id='word_1_41' title='bbox 1379 545 1421 578; x_wconf 79' lang='lat' dir='ltr'>et</span> 
     </span>
     <span class='ocr_line' id='line_1_6' title="bbox 37 601 1421 666; baseline 0.004 -21"><span class='ocrx_word' id='word_1_42' title='bbox 37 601 245 646; x_wconf 90' lang='lat' dir='ltr'>continuo</span> <span class='ocrx_word' id='word_1_43' title='bbox 266 601 555 648; x_wconf 82' lang='lat' dir='ltr'>misericordia</span> <span class='ocrx_word' id='word_1_44' title='bbox 579 605 669 664; x_wconf 81' lang='lat' dir='ltr'>ejus</span> <span class='ocrx_word' id='word_1_45' title='bbox 697 604 847 650; x_wconf 90' lang='lat' dir='ltr'>lumen</span> <span class='ocrx_word' id='word_1_46' title='bbox 875 615 1133 665; x_wconf 85' lang='lat' dir='ltr'>receperunt</span> <span class='ocrx_word' id='word_1_47' title='bbox 1151 609 1166 631; x_wconf 66' lang='lat'><strong>²</strong></span> <span class='ocrx_word' id='word_1_48' title='bbox 1186 626 1196 663; x_wconf 80' lang='lat'>3</span> <span class='ocrx_word' id='word_1_49' title='bbox 1221 607 1324 666; x_wconf 88' lang='lat' dir='ltr'>quia</span> <span class='ocrx_word' id='word_1_50' title='bbox 1344 622 1421 651; x_wconf 82' lang='lat' dir='ltr'>ve-</span> 
     </span>
     <span class='ocr_line' id='line_1_7' title="bbox 37 673 1424 733; baseline 0.004 -17"><span class='ocrx_word' id='word_1_51' title='bbox 37 687 132 717; x_wconf 90' lang='lat' dir='ltr'>rum</span> <span class='ocrx_word' id='word_1_52' title='bbox 158 682 250 717; x_wconf 89' lang='lat' dir='ltr'>erat</span> <span class='ocrx_word' id='word_1_53' title='bbox 277 673 399 733; x_wconf 90' lang='lat' dir='ltr'>quod</span> <span class='ocrx_word' id='word_1_54' title='bbox 431 673 743 721; x_wconf 85' lang='lat' dir='ltr'>clamaverunt.</span> <span class='ocrx_word' id='word_1_55' title='bbox 772 678 866 721; x_wconf 88' lang='lat' dir='ltr'>Hoc</span> <span class='ocrx_word' id='word_1_56' title='bbox 897 675 996 721; x_wconf 88' lang='lat' dir='ltr'>ideo</span> <span class='ocrx_word' id='word_1_57' title='bbox 1026 691 1116 720; x_wconf 90' lang='lat' dir='ltr'>non</span> <span class='ocrx_word' id='word_1_58' title='bbox 1149 685 1424 722; x_wconf 85' lang='lat' dir='ltr'>transeunter</span> 
     </span>
     <span class='ocr_line' id='line_1_8' title="bbox 38 744 1424 806; baseline 0.002 -16"><span class='ocrx_word' id='word_1_59' title='bbox 38 744 167 801; x_wconf 87' lang='lat' dir='ltr'>dicit,</span> <span class='ocrx_word' id='word_1_60' title='bbox 192 744 268 790; x_wconf 87' lang='lat' dir='ltr'>sed</span> <span class='ocrx_word' id='word_1_61' title='bbox 289 755 455 790; x_wconf 86' lang='lat' dir='ltr'>attente</span> <span class='ocrx_word' id='word_1_62' title='bbox 479 748 760 792; x_wconf 84' lang='lat' dir='ltr'>commendat</span> <span class='ocrx_word' id='word_1_63' title='bbox 780 747 1038 806; x_wconf 68' lang='lat' dir='ltr'>Apostolus,</span> <span class='ocrx_word' id='word_1_64' title='bbox 1064 748 1255 792; x_wconf 88' lang='lat' dir='ltr'>scribens</span> <span class='ocrx_word' id='word_1_65' title='bbox 1275 748 1329 793; x_wconf 88' lang='lat' dir='ltr'>ad</span> <span class='ocrx_word' id='word_1_66' title='bbox 1351 749 1424 793; x_wconf 87' lang='lat' dir='ltr'>Ti-</span> 
     </span>
     <span class='ocr_line' id='line_1_9' title="bbox 35 816 1423 863; baseline 0.002 -2"><span class='ocrx_word' id='word_1_67' title='bbox 35 816 264 861; x_wconf 90' lang='lat' dir='ltr'>motheum</span> <span class='ocrx_word' id='word_1_68' title='bbox 284 832 290 857; x_wconf 75' lang='grc' dir='ltr'>ε</span> <span class='ocrx_word' id='word_1_69' title='bbox 314 836 333 859; x_wconf 86' lang='lat'>«</span> <span class='ocrx_word' id='word_1_70' title='bbox 359 819 526 861; x_wconf 85' lang='lat' dir='ltr'>Memor</span> <span class='ocrx_word' id='word_1_71' title='bbox 559 826 650 862; x_wconf 86' lang='lat' dir='ltr'>esto</span> <span class='ocrx_word' id='word_1_72' title='bbox 678 817 900 863; x_wconf 85' lang='lat' dir='ltr'>Christum</span> <span class='ocrx_word' id='word_1_73' title='bbox 918 820 1065 861; x_wconf 84' lang='lat' dir='ltr'>Jesum</span> <span class='ocrx_word' id='word_1_74' title='bbox 1099 820 1378 863; x_wconf 83' lang='lat' dir='ltr'>resurrexisse</span> <span class='ocrx_word' id='word_1_75' title='bbox 1400 836 1423 863; x_wconf 84' lang='lat' dir='ltr'>a</span> 
     </span>
     <span class='ocr_line' id='line_1_10' title="bbox 40 887 1424 947; baseline 0.003 -18"><span class='ocrx_word' id='word_1_76' title='bbox 40 905 61 929; x_wconf 86' lang='lat'>»</span> <span class='ocrx_word' id='word_1_77' title='bbox 95 888 278 932; x_wconf 85' lang='lat' dir='ltr'>mortuis</span> <span class='ocrx_word' id='word_1_78' title='bbox 296 923 306 942; x_wconf 85' lang='lat'><strong>‚</strong></span> <span class='ocrx_word' id='word_1_79' title='bbox 346 903 396 931; x_wconf 79' lang='lat' dir='ltr'>ex</span> <span class='ocrx_word' id='word_1_80' title='bbox 436 888 599 932; x_wconf 88' lang='lat' dir='ltr'>semine</span> <span class='ocrx_word' id='word_1_81' title='bbox 640 888 778 932; x_wconf 88' lang='lat' dir='ltr'>David</span> <span class='ocrx_word' id='word_1_82' title='bbox 796 924 805 943; x_wconf 63' lang='lat'>7</span> <span class='ocrx_word' id='word_1_83' title='bbox 851 887 1092 932; x_wconf 89' lang='lat' dir='ltr'>secundum</span> <span class='ocrx_word' id='word_1_84' title='bbox 1139 888 1424 947; x_wconf 80' lang='lat' dir='ltr'>Evangelium</span> 
     </span>
     <span class='ocr_line' id='line_1_11' title="bbox 39 957 1424 1020; baseline 0.002 -19"><span class='ocrx_word' id='word_1_85' title='bbox 39 977 59 1000; x_wconf 87' lang='lat'>»</span> <span class='ocrx_word' id='word_1_86' title='bbox 93 974 241 1003; x_wconf 91' lang='lat' dir='ltr'>meum</span> <span class='ocrx_word' id='word_1_87' title='bbox 256 993 267 1014; x_wconf 85' lang='lat'>,</span> <span class='ocrx_word' id='word_1_88' title='bbox 286 959 332 1002; x_wconf 88' lang='lat' dir='ltr'>in</span> <span class='ocrx_word' id='word_1_89' title='bbox 352 974 441 1020; x_wconf 93' lang='lat' dir='ltr'>quo</span> <span class='ocrx_word' id='word_1_90' title='bbox 457 957 611 1004; x_wconf 84' lang='lat' dir='ltr'>laboro</span> <span class='ocrx_word' id='word_1_91' title='bbox 623 975 760 1020; x_wconf 88' lang='lat' dir='ltr'>usque</span> <span class='ocrx_word' id='word_1_92' title='bbox 779 958 834 1004; x_wconf 87' lang='lat' dir='ltr'>ad</span> <span class='ocrx_word' id='word_1_93' title='bbox 844 958 1036 1014; x_wconf 81' lang='lat' dir='ltr'>vincula,</span> <span class='ocrx_word' id='word_1_94' title='bbox 1059 968 1269 1020; x_wconf 85' lang='lat' dir='ltr'>tanquam</span> <span class='ocrx_word' id='word_1_95' title='bbox 1287 960 1424 1005; x_wconf 88' lang='lat' dir='ltr'>male-</span> 
     </span>
     <span class='ocr_line' id='line_1_12' title="bbox 40 1029 1428 1092; baseline 0.004 -21"><span class='ocrx_word' id='word_1_96' title='bbox 40 1049 60 1072; x_wconf 87' lang='lat'>»</span> <span class='ocrx_word' id='word_1_97' title='bbox 95 1029 287 1088; x_wconf 74' lang='lat' dir='ltr'>faciens3</span> <span class='ocrx_word' id='word_1_98' title='bbox 312 1030 388 1074; x_wconf 90' lang='lat' dir='ltr'>sed</span> <span class='ocrx_word' id='word_1_99' title='bbox 409 1044 549 1075; x_wconf 88' lang='lat' dir='ltr'>sermo</span> <span class='ocrx_word' id='word_1_100' title='bbox 564 1030 641 1075; x_wconf 88' lang='lat' dir='ltr'>Dei</span> <span class='ocrx_word' id='word_1_101' title='bbox 662 1046 752 1075; x_wconf 91' lang='lat' dir='ltr'>non</span> <span class='ocrx_word' id='word_1_102' title='bbox 772 1039 837 1075; x_wconf 87' lang='lat' dir='ltr'>est</span> <span class='ocrx_word' id='word_1_103' title='bbox 857 1029 1054 1088; x_wconf 80' lang='lat' dir='ltr'>alligatus</span> <span class='ocrx_word' id='word_1_104' title='bbox 1073 1030 1104 1073; x_wconf 73' lang='lat'>³.</span> <span class='ocrx_word' id='word_1_105' title='bbox 1127 1033 1258 1090; x_wconf 86' lang='lat' dir='ltr'>»Ipse</span> <span class='ocrx_word' id='word_1_106' title='bbox 1280 1031 1428 1092; x_wconf 88' lang='lat' dir='ltr'>itaque</span> 
     </span>
     <span class='ocr_line' id='line_1_13' title="bbox 39 1099 1427 1160; baseline 0 -15"><span class='ocrx_word' id='word_1_107' title='bbox 39 1099 232 1146; x_wconf 81' lang='lat' dir='ltr'>Salvator</span> <span class='ocrx_word' id='word_1_108' title='bbox 247 1099 489 1144; x_wconf 87' lang='lat' dir='ltr'>secundum</span> <span class='ocrx_word' id='word_1_109' title='bbox 510 1115 684 1145; x_wconf 87' lang='lat' dir='ltr'>carnem</span> <span class='ocrx_word' id='word_1_110' title='bbox 707 1100 847 1145; x_wconf 83' lang='lat' dir='ltr'>factus</span> <span class='ocrx_word' id='word_1_111' title='bbox 870 1115 921 1145; x_wconf 87' lang='lat' dir='ltr'>ex</span> <span class='ocrx_word' id='word_1_112' title='bbox 945 1100 1106 1145; x_wconf 87' lang='lat' dir='ltr'>semine</span> <span class='ocrx_word' id='word_1_113' title='bbox 1124 1101 1284 1156; x_wconf 78' lang='lat' dir='ltr'>David,</span> <span class='ocrx_word' id='word_1_114' title='bbox 1311 1102 1427 1160; x_wconf 86' lang='lat' dir='ltr'>figu-</span> 
     </span>
     <span class='ocr_line' id='line_1_14' title="bbox 36 1170 1426 1233; baseline 0.001 -17"><span class='ocrx_word' id='word_1_115' title='bbox 36 1181 157 1216; x_wconf 84' lang='lat' dir='ltr'>ratur</span> <span class='ocrx_word' id='word_1_116' title='bbox 172 1171 217 1216; x_wconf 89' lang='lat' dir='ltr'>in</span> <span class='ocrx_word' id='word_1_117' title='bbox 238 1170 432 1216; x_wconf 88' lang='lat' dir='ltr'>hocloco</span> <span class='ocrx_word' id='word_1_118' title='bbox 453 1172 631 1216; x_wconf 87' lang='lat' dir='ltr'>nomine</span> <span class='ocrx_word' id='word_1_119' title='bbox 653 1171 789 1218; x_wconf 87' lang='lat' dir='ltr'>David</span> <span class='ocrx_word' id='word_1_120' title='bbox 806 1208 816 1227; x_wconf 80' lang='grc'>,</span> <span class='ocrx_word' id='word_1_121' title='bbox 841 1172 1061 1232; x_wconf 83' lang='lat' dir='ltr'>aperiente</span> <span class='ocrx_word' id='word_1_122' title='bbox 1076 1172 1261 1217; x_wconf 86' lang='lat' dir='ltr'>Domino</span> <span class='ocrx_word' id='word_1_123' title='bbox 1282 1174 1328 1216; x_wconf 92' lang='lat' dir='ltr'>in</span> <span class='ocrx_word' id='word_1_124' title='bbox 1351 1188 1426 1233; x_wconf 87' lang='lat' dir='ltr'>pa-</span> 
     </span>
     <span class='ocr_line' id='line_1_15' title="bbox 37 1242 1428 1302; baseline 0.001 -15"><span class='ocrx_word' id='word_1_125' title='bbox 37 1242 195 1287; x_wconf 87' lang='lat' dir='ltr'>rabolis</span> <span class='ocrx_word' id='word_1_126' title='bbox 209 1258 255 1286; x_wconf 88' lang='lat' dir='ltr'>os</span> <span class='ocrx_word' id='word_1_127' title='bbox 268 1258 411 1286; x_wconf 89' lang='lat' dir='ltr'>suum.</span> <span class='ocrx_word' id='word_1_128' title='bbox 427 1245 516 1288; x_wconf 89' lang='lat' dir='ltr'>Nec</span> <span class='ocrx_word' id='word_1_129' title='bbox 529 1252 703 1287; x_wconf 82' lang='lat' dir='ltr'>moveat</span> <span class='ocrx_word' id='word_1_130' title='bbox 720 1242 840 1302; x_wconf 86' lang='lat' dir='ltr'>quod</span> <span class='ocrx_word' id='word_1_131' title='bbox 855 1258 956 1287; x_wconf 89' lang='lat' dir='ltr'>cum</span> <span class='ocrx_word' id='word_1_132' title='bbox 970 1242 1146 1286; x_wconf 75' lang='lat' dir='ltr'>dixisset</span> <span class='ocrx_word' id='word_1_133' title='bbox 1161 1263 1168 1286; x_wconf 88' lang='lat'>:</span> <span class='ocrx_word' id='word_1_134' title='bbox 1186 1263 1204 1284; x_wconf 87' lang='lat'>«</span> <span class='ocrx_word' id='word_1_135' title='bbox 1221 1246 1278 1287; x_wconf 71' lang='lat' dir='ltr'>Et</span> <span class='ocrx_word' id='word_1_136' title='bbox 1298 1243 1428 1302; x_wconf 83' lang='lat' dir='ltr'>elegit</span> 
     </span>
     <span class='ocr_line' id='line_1_16' title="bbox 42 1312 1425 1374; baseline 0.003 -20"><span class='ocrx_word' id='word_1_137' title='bbox 42 1332 62 1355; x_wconf 88' lang='lat'>»</span> <span class='ocrx_word' id='word_1_138' title='bbox 97 1312 258 1369; x_wconf 84' lang='lat' dir='ltr'>David,</span> <span class='ocrx_word' id='word_1_139' title='bbox 292 1331 312 1355; x_wconf 88' lang='lat'>»</span> <span class='ocrx_word' id='word_1_140' title='bbox 337 1328 427 1374; x_wconf 86' lang='lat' dir='ltr'>quo</span> <span class='ocrx_word' id='word_1_141' title='bbox 461 1313 639 1358; x_wconf 89' lang='lat' dir='ltr'>nomine</span> <span class='ocrx_word' id='word_1_142' title='bbox 660 1313 884 1358; x_wconf 89' lang='lat' dir='ltr'>Christum</span> <span class='ocrx_word' id='word_1_143' title='bbox 919 1313 1201 1372; x_wconf 69' lang='lat' dir='ltr'>significavit„</span> <span class='ocrx_word' id='word_1_144' title='bbox 1233 1312 1425 1367; x_wconf 75' lang='lat' dir='ltr'>addidit,</span> 
     </span>
     <span class='ocr_line' id='line_1_17' title="bbox 45 1384 1428 1438; baseline 0.001 -12"><span class='ocrx_word' id='word_1_145' title='bbox 45 1404 66 1427; x_wconf 84' lang='lat'>«</span> <span class='ocrx_word' id='word_1_146' title='bbox 101 1387 279 1430; x_wconf 87' lang='lat' dir='ltr'>Servum</span> <span class='ocrx_word' id='word_1_147' title='bbox 319 1399 447 1428; x_wconf 88' lang='lat' dir='ltr'>suum</span> <span class='ocrx_word' id='word_1_148' title='bbox 479 1403 487 1428; x_wconf 74' lang='grc' dir='ltr'>ε</span> <span class='ocrx_word' id='word_1_149' title='bbox 525 1402 545 1424; x_wconf 86' lang='lat'>»</span> <span class='ocrx_word' id='word_1_150' title='bbox 581 1399 672 1427; x_wconf 93' lang='lat' dir='ltr'>non</span> <span class='ocrx_word' id='word_1_151' title='bbox 692 1418 703 1438; x_wconf 81' lang='lat'>‚</span> <span class='ocrx_word' id='word_1_152' title='bbox 743 1384 883 1427; x_wconf 88' lang='lat' dir='ltr'>filium</span> <span class='ocrx_word' id='word_1_153' title='bbox 916 1399 1043 1428; x_wconf 87' lang='lat' dir='ltr'>suum</span> <span class='ocrx_word' id='word_1_154' title='bbox 1068 1384 1286 1428; x_wconf 85' lang='lat' dir='ltr'>:imovero</span> <span class='ocrx_word' id='word_1_155' title='bbox 1325 1385 1428 1428; x_wconf 88' lang='lat' dir='ltr'>hinc</span> 
     </span>
     <span class='ocr_line' id='line_1_18' title="bbox 41 1455 1426 1516; baseline -0.001 -15"><span class='ocrx_word' id='word_1_156' title='bbox 41 1471 340 1516; x_wconf 78' lang='lat' dir='ltr'>agnoscamus,</span> <span class='ocrx_word' id='word_1_157' title='bbox 361 1470 449 1500; x_wconf 90' lang='lat' dir='ltr'>non</span> <span class='ocrx_word' id='word_1_158' title='bbox 468 1455 586 1499; x_wconf 87' lang='lat' dir='ltr'>Patri</span> <span class='ocrx_word' id='word_1_159' title='bbox 605 1464 868 1500; x_wconf 66' lang='lat' dir='ltr'>coaeternam</span> <span class='ocrx_word' id='word_1_160' title='bbox 886 1455 1105 1514; x_wconf 85' lang='lat' dir='ltr'>Unigeniti</span> <span class='ocrx_word' id='word_1_161' title='bbox 1123 1455 1426 1511; x_wconf 71' lang='lat' dir='ltr'>substantiam,</span> 
     </span>
     <span class='ocr_line' id='line_1_19' title="bbox 42 1524 1135 1585; baseline -0.004 -13"><span class='ocrx_word' id='word_1_162' title='bbox 42 1526 116 1572; x_wconf 89' lang='lat' dir='ltr'>sed</span> <span class='ocrx_word' id='word_1_163' title='bbox 137 1525 323 1572; x_wconf 89' lang='lat' dir='ltr'>formam</span> <span class='ocrx_word' id='word_1_164' title='bbox 342 1526 452 1570; x_wconf 84' lang='lat' dir='ltr'>servi</span> <span class='ocrx_word' id='word_1_165' title='bbox 467 1535 711 1585; x_wconf 85' lang='lat' dir='ltr'>susceptam</span> <span class='ocrx_word' id='word_1_166' title='bbox 723 1541 773 1570; x_wconf 78' lang='lat' dir='ltr'>ex</span> <span class='ocrx_word' id='word_1_167' title='bbox 794 1526 957 1569; x_wconf 89' lang='lat' dir='ltr'>semine</span> <span class='ocrx_word' id='word_1_168' title='bbox 983 1524 1135 1569; x_wconf 84' lang='lat' dir='ltr'>David.</span> 
     </span>
    </p>

    <p class='ocr_par' dir='ltr' id='par_1_3' title="bbox 44 1594 1435 2507">
     <span class='ocr_line' id='line_1_20' title="bbox 99 1594 1432 1656; baseline -0.001 -14"><span class='ocrx_word' id='word_1_169' title='bbox 99 1600 257 1642; x_wconf 85' lang='lat' dir='ltr'><strong>XLIV.</strong></span> <span class='ocrx_word' id='word_1_170' title='bbox 288 1616 307 1638; x_wconf 92' lang='lat'>«</span> <span class='ocrx_word' id='word_1_171' title='bbox 330 1599 389 1642; x_wconf 89' lang='lat' dir='ltr'>Et</span> <span class='ocrx_word' id='word_1_172' title='bbox 405 1595 581 1640; x_wconf 85' lang='lat' dir='ltr'>sustulit</span> <span class='ocrx_word' id='word_1_173' title='bbox 600 1611 700 1640; x_wconf 90' lang='lat' dir='ltr'>eum</span> <span class='ocrx_word' id='word_1_174' title='bbox 725 1596 780 1640; x_wconf 91' lang='lat' dir='ltr'>de</span> <span class='ocrx_word' id='word_1_175' title='bbox 803 1595 1005 1655; x_wconf 84' lang='lat' dir='ltr'>gregibus</span> <span class='ocrx_word' id='word_1_176' title='bbox 1039 1594 1187 1640; x_wconf 85' lang='lat' dir='ltr'>ovium</span> <span class='ocrx_word' id='word_1_177' title='bbox 1208 1630 1218 1650; x_wconf 86' lang='lat'>‚</span> <span class='ocrx_word' id='word_1_178' title='bbox 1250 1594 1304 1640; x_wconf 93' lang='lat' dir='ltr'>de</span> <span class='ocrx_word' id='word_1_179' title='bbox 1335 1607 1432 1656; x_wconf 89' lang='lat' dir='ltr'>post</span> 
     </span>
     <span class='ocr_line' id='line_1_21' title="bbox 47 1665 1434 1727; baseline 0.001 -17"><span class='ocrx_word' id='word_1_180' title='bbox 47 1688 64 1710; x_wconf 71' lang='lat'>&gt;2</span> <span class='ocrx_word' id='word_1_181' title='bbox 99 1668 306 1713; x_wconf 85' lang='lat' dir='ltr'>foetantes</span> <span class='ocrx_word' id='word_1_182' title='bbox 328 1667 495 1727; x_wconf 85' lang='lat' dir='ltr'>accepit</span> <span class='ocrx_word' id='word_1_183' title='bbox 512 1681 613 1710; x_wconf 90' lang='lat' dir='ltr'>eum</span> <span class='ocrx_word' id='word_1_184' title='bbox 635 1686 643 1710; x_wconf 90' lang='lat'>:</span> <span class='ocrx_word' id='word_1_185' title='bbox 670 1681 846 1726; x_wconf 87' lang='lat' dir='ltr'>pascere</span> <span class='ocrx_word' id='word_1_186' title='bbox 864 1665 1001 1710; x_wconf 85' lang='lat' dir='ltr'>Jacob</span> <span class='ocrx_word' id='word_1_187' title='bbox 1019 1681 1191 1710; x_wconf 88' lang='lat' dir='ltr'>servum</span> <span class='ocrx_word' id='word_1_188' title='bbox 1214 1682 1364 1723; x_wconf 78' lang='lat' dir='ltr'>suuni,</span> <span class='ocrx_word' id='word_1_189' title='bbox 1391 1677 1434 1712; x_wconf 92' lang='lat' dir='ltr'>et</span> 
     </span>
     <span class='ocr_line' id='line_1_22' title="bbox 47 1736 1433 1797; baseline -0.001 -13"><span class='ocrx_word' id='word_1_190' title='bbox 47 1758 66 1780; x_wconf 89' lang='lat'>»</span> <span class='ocrx_word' id='word_1_191' title='bbox 101 1737 235 1784; x_wconf 73' lang='lat' dir='ltr'>Israel</span> <span class='ocrx_word' id='word_1_192' title='bbox 268 1738 570 1782; x_wconf 80' lang='lat' dir='ltr'>haereditatem</span> <span class='ocrx_word' id='word_1_193' title='bbox 598 1738 770 1782; x_wconf 71' lang='lat' dir='ltr'>suam4.</span> <span class='ocrx_word' id='word_1_194' title='bbox 798 1757 815 1779; x_wconf 88' lang='lat'>·»</span> <span class='ocrx_word' id='word_1_195' title='bbox 842 1736 922 1781; x_wconf 90' lang='lat' dir='ltr'>Ille</span> <span class='ocrx_word' id='word_1_196' title='bbox 960 1736 1137 1797; x_wconf 86' lang='lat' dir='ltr'>quidem</span> <span class='ocrx_word' id='word_1_197' title='bbox 1173 1737 1336 1793; x_wconf 76' lang='lat' dir='ltr'>David,</span> <span class='ocrx_word' id='word_1_198' title='bbox 1383 1754 1433 1783; x_wconf 81' lang='lat' dir='ltr'>ex</span> 
     </span>
     <span class='ocr_line' id='line_1_23' title="bbox 44 1807 1432 1871; baseline -0.001 -17"><span class='ocrx_word' id='word_1_199' title='bbox 44 1811 167 1871; x_wconf 83' lang='lat' dir='ltr'>cujus</span> <span class='ocrx_word' id='word_1_200' title='bbox 188 1809 351 1853; x_wconf 84' lang='lat' dir='ltr'>semine</span> <span class='ocrx_word' id='word_1_201' title='bbox 364 1824 464 1853; x_wconf 85' lang='lat' dir='ltr'>caro</span> <span class='ocrx_word' id='word_1_202' title='bbox 483 1808 643 1854; x_wconf 88' lang='lat' dir='ltr'>Christi</span> <span class='ocrx_word' id='word_1_203' title='bbox 666 1818 730 1853; x_wconf 88' lang='lat' dir='ltr'>est</span> <span class='ocrx_word' id='word_1_204' title='bbox 743 1843 753 1862; x_wconf 83' lang='lat'>,</span> <span class='ocrx_word' id='word_1_205' title='bbox 779 1807 834 1852; x_wconf 89' lang='lat' dir='ltr'>ab</span> <span class='ocrx_word' id='word_1_206' title='bbox 848 1808 993 1852; x_wconf 83' lang='lat' dir='ltr'>officio</span> <span class='ocrx_word' id='word_1_207' title='bbox 1006 1808 1210 1866; x_wconf 87' lang='lat' dir='ltr'>pastorali</span> <span class='ocrx_word' id='word_1_208' title='bbox 1222 1824 1432 1868; x_wconf 90' lang='lat' dir='ltr'>pecorum</span> 
     </span>
     <span class='ocr_line' id='line_1_24' title="bbox 44 1878 1432 1938; baseline -0.001 -13"><span class='ocrx_word' id='word_1_209' title='bbox 44 1879 101 1925; x_wconf 89' lang='lat' dir='ltr'>ad</span> <span class='ocrx_word' id='word_1_210' title='bbox 120 1879 350 1925; x_wconf 91' lang='lat' dir='ltr'>hominum</span> <span class='ocrx_word' id='word_1_211' title='bbox 373 1894 558 1938; x_wconf 81' lang='lat' dir='ltr'>regnum</span> <span class='ocrx_word' id='word_1_212' title='bbox 579 1878 811 1924; x_wconf 80' lang='lat' dir='ltr'>translatus</span> <span class='ocrx_word' id='word_1_213' title='bbox 832 1887 896 1922; x_wconf 87' lang='lat' dir='ltr'>est</span> <span class='ocrx_word' id='word_1_214' title='bbox 927 1898 934 1922; x_wconf 92' lang='lat'>:</span> <span class='ocrx_word' id='word_1_215' title='bbox 958 1887 1104 1923; x_wconf 87' lang='lat' dir='ltr'>noster</span> <span class='ocrx_word' id='word_1_216' title='bbox 1126 1888 1273 1923; x_wconf 90' lang='lat' dir='ltr'>autem</span> <span class='ocrx_word' id='word_1_217' title='bbox 1294 1879 1432 1924; x_wconf 69' lang='lat' dir='ltr'>David</span> 
     </span>
     <span class='ocr_line' id='line_1_25' title="bbox 44 1948 1429 2012; baseline -0.002 -16"><span class='ocrx_word' id='word_1_218' title='bbox 44 1952 133 2012; x_wconf 89' lang='lat' dir='ltr'>ipse</span> <span class='ocrx_word' id='word_1_219' title='bbox 156 1953 279 1995; x_wconf 86' lang='lat' dir='ltr'>Jesus</span> <span class='ocrx_word' id='word_1_220' title='bbox 295 1950 350 1994; x_wconf 90' lang='lat' dir='ltr'>ab</span> <span class='ocrx_word' id='word_1_221' title='bbox 367 1949 618 1994; x_wconf 89' lang='lat' dir='ltr'>hominibus</span> <span class='ocrx_word' id='word_1_222' title='bbox 641 1948 696 1993; x_wconf 89' lang='lat' dir='ltr'>ad</span> <span class='ocrx_word' id='word_1_223' title='bbox 717 1949 915 1994; x_wconf 89' lang='lat' dir='ltr'>homines</span> <span class='ocrx_word' id='word_1_224' title='bbox 935 1984 945 2004; x_wconf 80' lang='lat'>‚</span> <span class='ocrx_word' id='word_1_225' title='bbox 968 1965 991 1993; x_wconf 90' lang='lat' dir='ltr'>a</span> <span class='ocrx_word' id='word_1_226' title='bbox 1006 1949 1168 1993; x_wconf 85' lang='lat' dir='ltr'>Judaeis</span> <span class='ocrx_word' id='word_1_227' title='bbox 1183 1949 1239 1994; x_wconf 87' lang='lat' dir='ltr'>ad</span> <span class='ocrx_word' id='word_1_228' title='bbox 1254 1951 1429 2003; x_wconf 72' lang='lat' dir='ltr'>Gentes,</span> 
     </span>
     <span class='ocr_line' id='line_1_26' title="bbox 44 2018 1432 2080; baseline -0.001 -14"><span class='ocrx_word' id='word_1_229' title='bbox 44 2030 190 2066; x_wconf 87' lang='lat' dir='ltr'>tamen</span> <span class='ocrx_word' id='word_1_230' title='bbox 222 2021 464 2065; x_wconf 87' lang='lat' dir='ltr'>secundum</span> <span class='ocrx_word' id='word_1_231' title='bbox 494 2019 748 2080; x_wconf 80' lang='lat' dir='ltr'>parabolam</span> <span class='ocrx_word' id='word_1_232' title='bbox 781 2019 837 2063; x_wconf 89' lang='lat' dir='ltr'>ab</span> <span class='ocrx_word' id='word_1_233' title='bbox 870 2018 1024 2063; x_wconf 90' lang='lat' dir='ltr'>ovibus</span> <span class='ocrx_word' id='word_1_234' title='bbox 1051 2018 1106 2062; x_wconf 89' lang='lat' dir='ltr'>ad</span> <span class='ocrx_word' id='word_1_235' title='bbox 1139 2034 1238 2063; x_wconf 88' lang='lat' dir='ltr'>oves</span> <span class='ocrx_word' id='word_1_236' title='bbox 1261 2019 1432 2064; x_wconf 86' lang='lat' dir='ltr'>ablatus</span> 
     </span>
     <span class='ocr_line' id='line_1_27' title="bbox 46 2088 1432 2153; baseline -0.001 -17"><span class='ocrx_word' id='word_1_237' title='bbox 46 2090 415 2153; x_wconf 84' lang='lat' dir='ltr'>atquetranslatus</span> <span class='ocrx_word' id='word_1_238' title='bbox 429 2099 506 2134; x_wconf 86' lang='lat' dir='ltr'>est.</span> <span class='ocrx_word' id='word_1_239' title='bbox 518 2092 616 2135; x_wconf 85' lang='lat' dir='ltr'>Non</span> <span class='ocrx_word' id='word_1_240' title='bbox 626 2098 728 2133; x_wconf 90' lang='lat' dir='ltr'>sunt</span> <span class='ocrx_word' id='word_1_241' title='bbox 744 2089 858 2132; x_wconf 89' lang='lat' dir='ltr'>enim</span> <span class='ocrx_word' id='word_1_242' title='bbox 870 2088 1004 2133; x_wconf 89' lang='lat' dir='ltr'>modo</span> <span class='ocrx_word' id='word_1_243' title='bbox 1020 2090 1066 2132; x_wconf 92' lang='lat' dir='ltr'>in</span> <span class='ocrx_word' id='word_1_244' title='bbox 1079 2088 1272 2134; x_wconf 74' lang='lat' dir='ltr'>teri-ailla</span> <span class='ocrx_word' id='word_1_245' title='bbox 1286 2089 1432 2134; x_wconf 88' lang='lat' dir='ltr'>Eccle-</span> 
     </span>
     <span class='ocr_line' id='line_1_28' title="bbox 47 2159 1433 2220; baseline -0.003 -13"><span class='ocrx_word' id='word_1_246' title='bbox 47 2163 120 2208; x_wconf 86' lang='lat' dir='ltr'>siae</span> <span class='ocrx_word' id='word_1_247' title='bbox 138 2162 306 2207; x_wconf 85' lang='lat' dir='ltr'>Judaeae</span> <span class='ocrx_word' id='word_1_248' title='bbox 322 2162 368 2205; x_wconf 93' lang='lat' dir='ltr'>in</span> <span class='ocrx_word' id='word_1_249' title='bbox 383 2160 574 2215; x_wconf 79' lang='lat' dir='ltr'>Christo,</span> <span class='ocrx_word' id='word_1_250' title='bbox 586 2176 686 2220; x_wconf 85' lang='lat' dir='ltr'>quae</span> <span class='ocrx_word' id='word_1_251' title='bbox 704 2159 891 2203; x_wconf 76' lang='lat' dir='ltr'>fuerunt</span> <span class='ocrx_word' id='word_1_252' title='bbox 903 2159 1257 2203; x_wconf 89' lang='lat' dir='ltr'>circumcisorum</span> <span class='ocrx_word' id='word_1_253' title='bbox 1270 2160 1433 2204; x_wconf 82' lang='lat' dir='ltr'>recenti</span> 
     </span>
     <span class='ocr_line' id='line_1_29' title="bbox 46 2228 1435 2294; baseline -0.004 -16"><span class='ocrx_word' id='word_1_254' title='bbox 46 2233 241 2294; x_wconf 87' lang='lat' dir='ltr'>passione</span> <span class='ocrx_word' id='word_1_255' title='bbox 255 2242 299 2276; x_wconf 87' lang='lat' dir='ltr'>et</span> <span class='ocrx_word' id='word_1_256' title='bbox 318 2231 632 2276; x_wconf 86' lang='lat' dir='ltr'>resurrectione</span> <span class='ocrx_word' id='word_1_257' title='bbox 653 2229 827 2274; x_wconf 91' lang='lat' dir='ltr'>Domini</span> <span class='ocrx_word' id='word_1_258' title='bbox 859 2230 995 2273; x_wconf 87' lang='lat' dir='ltr'>nostri</span> <span class='ocrx_word' id='word_1_259' title='bbox 1029 2248 1037 2273; x_wconf 74' lang='grc' dir='ltr'><strong>ς</strong></span> <span class='ocrx_word' id='word_1_260' title='bbox 1069 2228 1124 2273; x_wconf 88' lang='lat' dir='ltr'>de</span> <span class='ocrx_word' id='word_1_261' title='bbox 1146 2229 1307 2290; x_wconf 84' lang='lat' dir='ltr'>quibus</span> <span class='ocrx_word' id='word_1_262' title='bbox 1330 2229 1435 2275; x_wconf 88' lang='lat' dir='ltr'>dicit</span> 
     </span>
     <span class='ocr_line' id='line_1_30' title="bbox 50 2298 1431 2365; baseline -0.004 -16"><span class='ocrx_word' id='word_1_263' title='bbox 50 2304 281 2365; x_wconf 81' lang='lat' dir='ltr'>Apostolus</span> <span class='ocrx_word' id='word_1_264' title='bbox 307 2323 316 2348; x_wconf 74' lang='grc' dir='ltr'>ε</span> <span class='ocrx_word' id='word_1_265' title='bbox 346 2323 363 2343; x_wconf 88' lang='grc'>«</span> <span class='ocrx_word' id='word_1_266' title='bbox 387 2306 513 2347; x_wconf 84' lang='lat' dir='ltr'>Eram</span> <span class='ocrx_word' id='word_1_267' title='bbox 527 2310 671 2346; x_wconf 87' lang='lat' dir='ltr'>autem</span> <span class='ocrx_word' id='word_1_268' title='bbox 694 2301 866 2358; x_wconf 80' lang='lat' dir='ltr'>ignotus</span> <span class='ocrx_word' id='word_1_269' title='bbox 882 2300 993 2344; x_wconf 83' lang='lat' dir='ltr'>facie</span> <span class='ocrx_word' id='word_1_270' title='bbox 1010 2298 1210 2344; x_wconf 85' lang='lat' dir='ltr'>Ecclesiis</span> <span class='ocrx_word' id='word_1_271' title='bbox 1232 2302 1257 2343; x_wconf 88' lang='lat' dir='ltr'>J</span> <span class='ocrx_word' id='word_1_272' title='bbox 1261 2300 1399 2344; x_wconf 83' lang='lat' dir='ltr'>udaeae</span> <span class='ocrx_word' id='word_1_273' title='bbox 1421 2336 1431 2349; x_wconf 77' lang='grc'>,</span> 
     </span>
     <span class='ocr_line' id='line_1_31' title="bbox 55 2369 1434 2437; baseline -0.002 -20"><span class='ocrx_word' id='word_1_274' title='bbox 55 2396 72 2418; x_wconf 86' lang='grc'>»</span> <span class='ocrx_word' id='word_1_275' title='bbox 106 2391 206 2437; x_wconf 87' lang='lat' dir='ltr'>quae</span> <span class='ocrx_word' id='word_1_276' title='bbox 228 2374 397 2419; x_wconf 81' lang='lat' dir='ltr'>suntin</span> <span class='ocrx_word' id='word_1_277' title='bbox 425 2373 624 2427; x_wconf 76' lang='lat' dir='ltr'>Christo3</span> <span class='ocrx_word' id='word_1_278' title='bbox 649 2381 822 2415; x_wconf 81' lang='lat' dir='ltr'>tantum</span> <span class='ocrx_word' id='word_1_279' title='bbox 861 2379 1005 2414; x_wconf 81' lang='lat' dir='ltr'>autem</span> <span class='ocrx_word' id='word_1_280' title='bbox 1038 2369 1299 2415; x_wconf 81' lang='lat' dir='ltr'>audiebant.</span> <span class='ocrx_word' id='word_1_281' title='bbox 1334 2372 1434 2429; x_wconf 79' lang='lat' dir='ltr'>quia</span> 
     </span>
     <span class='ocr_line' id='line_1_32' title="bbox 54 2439 1434 2507; baseline -0.003 -19"><span class='ocrx_word' id='word_1_282' title='bbox 54 2444 503 2507; x_wconf 0' lang='lat' dir='ltr'>»iscpfi ahquando</span> <span class='ocrx_word' id='word_1_283' title='bbox 530 2439 1434 2502; x_wconf 61' lang='lat' dir='ltr'>noslunsequebatur,iuunjevangehzat</span> 
     </span>
    </p>

    <p class='ocr_par' dir='ltr' id='par_1_4' title="bbox 98 2535 1434 2583">
     <span class='ocr_line' id='line_1_33' title="bbox 98 2535 1434 2583; baseline -0.006 -7"><span class='ocrx_word' id='word_1_284' title='bbox 98 2550 107 2566; x_wconf 90' lang='lat'>¹</span> <span class='ocrx_word' id='word_1_285' title='bbox 129 2543 207 2576; x_wconf 74' lang='lat' dir='ltr'>psal.</span> <span class='ocrx_word' id='word_1_286' title='bbox 230 2553 349 2583; x_wconf 65' lang='lat' dir='ltr'>unm,</span> <span class='ocrx_word' id='word_1_287' title='bbox 373 2551 423 2583; x_wconf 74' lang='lat'>70.</span> <span class='ocrx_word' id='word_1_288' title='bbox 441 2558 482 2563; x_wconf 91' lang='lat'>-—</span> <span class='ocrx_word' id='word_1_289' title='bbox 502 2548 514 2562; x_wconf 57' lang='grc' dir='ltr'>ἒ</span> <span class='ocrx_word' id='word_1_290' title='bbox 535 2540 655 2573; x_wconf 61' lang='lat' dir='ltr'>Mani».</span> <span class='ocrx_word' id='word_1_291' title='bbox 677 2550 728 2579; x_wconf 67' lang='lat' dir='ltr'>xx,</span> <span class='ocrx_word' id='word_1_292' title='bbox 745 2539 865 2578; x_wconf 43' lang='lat' dir='ltr'>Sonti.</span> <span class='ocrx_word' id='word_1_293' title='bbox 882 2553 922 2559; x_wconf 90' lang='lat'>-—·</span> <span class='ocrx_word' id='word_1_294' title='bbox 942 2535 952 2558; x_wconf 78' lang='lat'>3</span> <span class='ocrx_word' id='word_1_295' title='bbox 973 2545 991 2567; x_wconf 80' lang='lat'>2</span> <span class='ocrx_word' id='word_1_296' title='bbox 1013 2536 1093 2568; x_wconf 56' lang='lat' dir='ltr'>iim.</span> <span class='ocrx_word' id='word_1_297' title='bbox 1114 2547 1146 2576; x_wconf 70' lang='grc' dir='ltr'>ιι,</span> <span class='ocrx_word' id='word_1_298' title='bbox 1161 2535 1192 2577; x_wconf 73' lang='lat' dir='ltr'>S,</span> <span class='ocrx_word' id='word_1_299' title='bbox 1214 2539 1244 2568; x_wconf 80' lang='lat'>9.</span> <span class='ocrx_word' id='word_1_300' title='bbox 1275 2553 1313 2558; x_wconf 87' lang='lat'>—</span> <span class='ocrx_word' id='word_1_301' title='bbox 1328 2538 1434 2568; x_wconf 48' lang='lat' dir='ltr'>unuh</span> 
     </span>
    </p>
   </div>
   <div class='ocr_carea' id='block_1_3' title="bbox 52 2609 1251 2694">
    <p class='ocr_par' dir='ltr' id='par_1_5' title="bbox 52 2609 1251 2694">
     <span class='ocr_line' id='line_1_34' title="bbox 52 2609 364 2641; baseline -0.003 -10"><span class='ocrx_word' id='word_1_302' title='bbox 52 2609 172 2641; x_wconf 76' lang='lat' dir='ltr'>uxvu,</span> <span class='ocrx_word' id='word_1_303' title='bbox 198 2609 252 2641; x_wconf 82' lang='lat'>7¹·</span> <span class='ocrx_word' id='word_1_304' title='bbox 360 2636 364 2637; x_wconf 17' lang='lat'><em>⁷</em></span> 
     </span>
     <span class='ocr_line' id='line_1_35' title="bbox 241 2644 1251 2694; baseline -0.01 -2"><span class='ocrx_word' id='word_1_305' title='bbox 241 2659 379 2694; x_wconf 75' lang='lat' dir='ltr'>cxvu.</span> <span class='ocrx_word' id='word_1_306' title='bbox 864 2644 867 2646; x_wconf 69' lang='grc'>’</span> <span class='ocrx_word' id='word_1_307' title='bbox 1227 2644 1251 2682; x_wconf 80' lang='lat'>5</span> 
     </span>
    </p>
   </div>
  </div>
 </body>
</html>
