1926 3339
408 281 648 310 ENAanAno
680 280 721 306 m
756 277 957 304 PSALMUM
992 276 1110 302 xcm.
1353 261 1437 300 375

56 359 80 400 J
85 370 153 400 am
167 363 210 398 et
223 353 424 397 hesterno
439 348 508 392 die
524 342 970 391 commemoravimus.
991 339 1073 383 Sed
1091 339 1167 398 qui
1179 337 1308 382 hodie
1325 346 1440 382 tene-

57 428 148 472 brae
174 433 296 478 sunt,
328 422 362 466 si
383 420 542 474 velint,
568 432 660 461 cras
682 414 757 459 lux
777 421 920 458 erunt.
945 411 1030 465 Qui
1054 409 1244 454 tenebrae
1266 409 1352 452 huc
1369 409 1440 453 in-

58 496 188 556 gressi
205 503 306 539 sunt
323 529 333 547 ,
359 492 393 536 si
415 490 573 543 velint,
594 488 684 548 jam
711 485 785 529 lux
812 498 900 528 esse
922 489 1118 543 possunt.
1144 483 1304 538 Aperte
1326 478 1440 522 enim

56 568 288 628 Apostolus
304 599 315 620 ‚
334 579 390 608 ne
407 563 502 622 quis
520 568 692 621 putaret
710 555 925 602 naturales
943 569 1031 598 esse
1048 551 1295 613 iniquitates
1311 585 1322 605 ‚
1343 565 1443 609 quae

57 637 216 683 mutari
248 651 336 680 non
357 641 561 695 possunt,
600 651 619 673 «
645 629 804 674 Fuistis
833 627 972 681 enim,
1006 624 1175 684 inquit,
1210 620 1446 682 aliquando

61 728 81 752 »
117 708 340 765 tenebrae3
364 721 483 750 nunc
518 713 662 748 autem
693 701 768 745 lux
793 700 838 744 in
863 698 1073 752 Domino,
1098 696 1209 740 sicut
1230 692 1307 737 filii
1337 692 1447 737 lucis

62 798 81 822 »
118 777 339 823 ambulate
356 778 386 820 ¹.
414 778 509 819 Lux
544 772 718 833 inquit,
744 771 789 814 in
816 768 1001 815 Domino
1025 787 1033 812 :
1063 784 1082 807 »
1118 781 1208 809 non
1236 764 1280 808 in
1307 762 1446 808 vobis.

59 852 146 895 Cor
163 864 264 908 ergo
279 849 322 891 in
336 847 448 891 libro
472 865 481 890 2
508 845 542 890 si
556 859 630 888 eor
653 844 699 886 in
719 842 830 886 libro
851 875 862 895 ,
877 838 1012 884 corin
1028 837 1305 881 firmamento
1327 832 1444 878 coeli.

63 921 106 966 Si
127 921 187 964 ibi
210 928 274 964 est
289 934 362 963 cor
377 953 388 973 ,
414 916 515 960 inde
535 914 680 959 luceat
694 948 705 969 ‚
727 922 770 956 et
782 926 872 955 non
886 907 1132 953 movebitur
1144 903 1448 965 iniquitatibus

61 990 360 1050 subterpositis
386 1004 395 1030 :
423 1002 514 1031 non
535 985 637 1046 quia
659 983 719 1027 ibi
741 991 806 1026 est
826 982 871 1025 in
892 978 1007 1024 coelo
1029 993 1107 1038 per
1135 990 1309 1021 carnem
1326 1010 1338 1030 ,
1373 973 1450 1018 sed

61 1063 164 1124 quia
183 1061 246 1105 ibi
263 1068 326 1105 est
348 1074 425 1119 per
453 1054 848 1107 conversationem,
873 1050 1115 1095 seeundum
1145 1045 1266 1108 quod
1285 1045 1452 1090 dictum

63 1143 148 1188 est,
177 1151 198 1174 «
221 1134 376 1177 Nostra
393 1137 538 1173 autem
561 1123 830 1171 conversatio
845 1122 891 1166 in
907 1121 1027 1166 coelis
1045 1128 1109 1164 est
1123 1122 1155 1162 Ἰ.
1176 1136 1194 1158 ))
1215 1119 1313 1162 Non
1331 1124 1453 1176 potes

63 1205 252 1264 cogitare
265 1202 385 1247 illam
407 1200 627 1246 civitatem
641 1233 651 1253 ,
672 1197 773 1258 quia
793 1193 992 1239 nondum
1012 1191 1146 1235 vidvs.
1168 1189 1243 1234 Vis
1265 1188 1454 1246 cogitare

63 1276 251 1321 coelum?
274 1274 456 1318 Librum
479 1271 555 1315 Dei
576 1269 731 1327 cogita.
757 1265 873 1311 Audi
897 1263 1140 1317 Psalmum,
1177 1263 1274 1304 «Et
1293 1260 1340 1303 in
1360 1257 1456 1318 lege

67 1366 88 1390 »
124 1348 214 1408 ejus
234 1343 519 1389 meditabitur
538 1340 607 1385 die
626 1356 674 1384 ac
695 1347 839 1383 nocte.
868 1339 924 1380 Et
944 1335 1006 1379 ibi
1025 1335 1176 1377 beatus
1198 1330 1340 1375 djctus
1363 1337 1455 1385 est,

71 1440 88 1460 »
124 1419 201 1479 qui
228 1433 319 1461 non
339 1415 447 1460 abiit
465 1414 511 1458 in
533 1411 713 1458 consilio
734 1409 992 1469 impiorum,
1017 1421 1059 1457 ei
1076 1405 1124 1449 in
1152 1403 1221 1449 via
1251 1409 1457 1462 peccato-

72 1510 89 1532 »
125 1505 224 1534 rum
246 1504 337 1532 non
355 1487 490 1541 stetit,
511 1494 553 1528 et
569 1484 614 1527 in
636 1482 842 1527 cathedra
856 1477 1115 1541 pestilentiae
1134 1491 1220 1519 non
1235 1472 1368 1530 sedit3
1383 1471 1460 1516 sed

70 1580 90 1603 »
126 1562 172 1605 in
192 1560 288 1619 lege
316 1557 489 1603 Domini
521 1554 606 1600 fuit
621 1554 826 1599 voluntas
848 1551 982 1611 ejus3.
1011 1547 1161 1592 »Vide
1183 1545 1397 1590 luminare
1414 1543 1460 1586 in

67 1632 180 1677 coelo
206 1652 215 1677 :
245 1651 265 1674 «
290 1633 347 1675 Et
370 1630 415 1673 in
440 1629 536 1688 lege
554 1629 646 1688 ejus
667 1623 952 1669 meditabitur
974 1619 1044 1664 die
1064 1635 1113 1663 ac
1142 1626 1286 1661 nocte.
1311 1633 1331 1656 »
1353 1613 1462 1658 Vult

67 1705 283 1764 patienter
311 1701 422 1746 ferre
446 1699 728 1744 omniaPNon
746 1693 980 1739 descendat
1005 1691 1059 1735 de
1075 1688 1188 1734 coelo
1202 1724 1213 1744 ‚
1243 1696 1287 1731 et
1301 1687 1345 1730 in
1366 1685 1462 1745 lege

69 1776 160 1836 ejus
178 1773 414 1817 meditetur
436 1771 505 1814 die
533 1785 581 1813 ac
602 1776 746 1812 nocte.
773 1769 888 1823 Ergo
907 1764 954 1807 in
975 1761 1088 1807 coelo
1109 1776 1184 1805 cor
1212 1761 1302 1819 ejus
1322 1779 1333 1816 3
1357 1757 1390 1802 si
1417 1757 1465 1800 in

71 1845 186 1891 coelo
219 1860 294 1889 cor
325 1845 416 1903 ejus
434 1877 444 1896 ,
477 1855 627 1885 omnes
650 1837 900 1897 iniquitates
928 1849 1026 1894 quae
1060 1833 1173 1875 fiunt
1203 1830 1249 1873 in
1273 1838 1387 1872 terra
1409 1826 1465 1871 ad

72 1926 243 1976 tempus
264 1951 274 1967 ‚
300 1928 449 1958 omnes
472 1910 698 1954 felicitates
716 1906 930 1951 malorum
951 1902 1181 1948 hominum
1201 1936 1212 1955 ‚
1230 1913 1379 1944 omnes
1401 1896 1466 1941 la-

73 1987 200 2032 bores
220 1987 438 2046 justorum
464 1979 693 2026 meditanti
716 1977 786 2022 die
814 1992 863 2020 ae
890 1983 1018 2019 nocte
1049 1972 1190 2031 legem
1226 1969 1327 2024 Dei,
1352 1966 1465 2012 nulli

75 2067 176 2103 sunt
196 2078 207 2115 3
231 2066 274 2100 et
298 2055 511 2116 patienter
535 2050 691 2096 tolerat
714 2047 884 2103 omnia,
906 2055 949 2090 et
983 2044 1063 2089 erit
1094 2043 1246 2087 beatus
1269 2038 1467 2083 eruditus

76 2145 100 2173 a
120 2131 227 2173 Deo.
256 2129 314 2171 Et
334 2122 559 2186 quomodo
577 2122 622 2165 in
646 2121 922 2164 firmamento
943 2114 1072 2160 coeli?
1096 2113 1202 2167 Quia
1226 2111 1294 2155 lex
1317 2110 1466 2154 firma-

76 2208 274 2243 mentum
298 2207 376 2241 est.
400 2215 419 2237 «
444 2198 600 2239 Beatus
621 2192 686 2237 vir
708 2206 839 2251 quem
857 2197 907 2232 tu
931 2185 1162 2239 erudieris,
1189 2181 1372 2227 Domine
1387 2216 1399 2236 ,
1425 2187 1467 2223 et

81 2289 101 2312 »
137 2269 306 2327 exlege
337 2277 413 2311 tua
442 2264 638 2310 docueris
668 2276 770 2306 eum
811 2281 820 2305 z
846 2269 895 2303 ut
926 2257 1097 2315 mitiges
1132 2269 1232 2300 eum
1267 2269 1289 2297 a
1311 2251 1466 2296 dicbus

82 2361 101 2384 »
136 2339 354 2398 maligniS‚
381 2338 520 2381 donec
543 2334 736 2380 fodiatur
762 2330 980 2392 peccatori
1005 2327 1175 2372 fovea&
1203 2345 1221 2366 »
1246 2322 1471 2369 Attendite

23 2408 25 2411 ¹
80 2427 181 2470 ergo
203 2409 433 2455 luminaria
449 2444 459 2463 ‚
483 2404 706 2468 quomodo
724 2401 993 2464 procedunt,
1017 2408 1061 2443 et
1077 2396 1309 2450 occidunt,
1336 2403 1379 2438 et
1400 2408 1470 2437 re-

82 2482 243 2537 deunt,
276 2489 414 2539 agunt
435 2493 586 2524 cursus
605 2492 704 2522 suos
719 2511 734 2531 ,
767 2473 1045 2531 distinguunt
1068 2470 1184 2514 diem
1205 2476 1248 2511 et
1270 2474 1443 2511 noctem
1461 2498 1472 2518 ‚

134 2587 142 2601 ¹
172 2579 277 2621 Ephes
310 2589 348 2617 v,
373 2578 405 2610 8.
429 2594 470 2599 ---
503 2583 516 2597 2
544 2574 656 2616 Philip.
689 2585 744 2611 m,
776 2581 829 2603 20.
851 2588 893 2593 -
915 2568 928 2593 3
946 2569 1027 2601 Psal.
1051 2580 1082 2608 ι,
1107 2579 1137 2607 1,
1157 2575 1189 2598 2.
1213 2582 1254 2587 --
1273 2563 1288 2593 4
1305 2563 1350 2596 Id.
1376 2572 1475 2601 xcm,

91 2645 141 2675 ι’),
167 2642 216 2667 13.
