1926 3339
446 324 501 361 12
876 331 909 360 s.
946 331 1172 360 AUGUSTINI
1206 331 1385 359 Emscom

443 413 543 442 men
566 399 644 443 iste
664 397 904 442 transiliens
919 406 1101 442 cessaret
1122 397 1167 440 in
1189 412 1233 441 se
1248 416 1256 441 :
1271 405 1315 440 et
1336 397 1369 440 si
1391 395 1503 441 forte
1524 412 1549 441 a
1570 397 1821 455 garrulitate

442 468 641 522 cessavit,
667 484 752 528 qua
781 468 1054 527 subrepserat
1075 467 1114 510 ei
1132 467 1187 510 de
1205 467 1297 526 ipsa
1318 466 1540 511 locutione
1556 466 1726 526 placere
1746 467 1822 511 ho-

441 538 654 591 minibus,
685 553 773 581 non
798 546 943 580 tamen
972 536 1158 591 destitit,
1196 552 1285 580 non
1316 536 1495 581 cessavit
1517 545 1567 580 ut
1590 545 1821 581 conaretur

441 619 484 653 ct
501 610 582 653 hoc
605 611 743 668 ipsum
767 608 1084 653 transcendere.
1110 611 1167 652 Et
1188 608 1296 669 quid
1317 609 1450 652 dicit?

499 682 616 722 vlu.
647 699 663 718 «
691 679 886 736 Cogitavi
900 679 990 722 dies
1012 678 1251 738 antiquos¹.
1269 697 1289 719 »
1313 681 1406 722 Jam
1430 679 1508 722 iste
1520 677 1642 722 velut
1655 678 1730 738 qui
1743 692 1820 722 va-

440 749 662 808 pulaverat
694 749 817 803 foris,
843 749 943 793 tulit
965 765 1008 793 se
1036 750 1150 794 intro
1177 769 1186 793 :
1213 749 1257 792 in
1286 749 1515 793 secretario
1547 765 1635 792 suae
1665 748 1820 793 mentis

440 820 540 876 agit.
556 822 612 862 Et
625 818 731 878 quid
744 819 803 863 ibi
820 829 918 878 agat
930 819 1043 863 dicat
1055 819 1199 864 nobis:
1215 838 1233 861 «
1247 819 1445 878 Cogitavi
1457 818 1547 864 dies
1560 819 1777 879 antiquos.
1795 837 1816 860 »

439 890 555 932 Bene
588 898 650 932 est
672 889 748 932 illi.
775 890 930 933 Videte
958 906 1057 950 quae
1089 890 1273 948 cogitat,
1313 905 1419 948 rogo
1450 905 1541 934 vos.
1578 892 1701 933 Intus
1733 898 1817 945 est,

439 957 556 1017 apud
578 974 621 1002 se
649 959 809 1016 cogitat
839 959 928 1003 dies
959 960 1174 1020 antiquos.
1205 963 1342 1005 Nemo
1363 959 1426 1004 illi
1455 960 1560 1004 dicit
1581 959 1719 1004 :Male
1751 959 1822 1003 di·-

437 1028 534 1071 xisti
553 1047 561 1072 :
582 1044 710 1073 nemo
728 1028 789 1072 illi
814 1028 942 1074 dicit:
960 1030 1149 1074 Multum
1177 1030 1350 1075 locutus
1373 1046 1438 1085 es,
1457 1045 1587 1074 nemo
1605 1029 1667 1073 illi
1685 1028 1790 1074 dicit
1809 1049 1817 1075 :

439 1101 639 1143 Perverse
672 1101 851 1144 sensisti.
883 1103 948 1145 Ita
975 1102 1029 1145 sit
1056 1101 1095 1144 ei
1130 1101 1242 1145 bene
1274 1116 1442 1155 secum,
1469 1100 1644 1161 adjuvet
1669 1103 1782 1144 Deus
1807 1120 1816 1146 ε

438 1168 598 1227 cogitet
621 1168 710 1213 dies
734 1171 934 1230 antiquos
951 1206 961 1225 ,
987 1180 1030 1215 et
1052 1171 1167 1215 dicat
1189 1171 1316 1216 nobis
1337 1172 1384 1215 in
1405 1175 1498 1230 ipso
1521 1171 1726 1215 interiore
1748 1187 1821 1215 cu-

436 1237 582 1282 biculo
604 1254 682 1283 suo
699 1240 805 1300 quid
827 1242 963 1299 egerit
977 1277 987 1296 ,
1014 1257 1102 1302 quo
1121 1242 1389 1301 pervenerit,
1416 1240 1524 1301 quid
1546 1240 1816 1296 transilierit,

435 1308 513 1351 ubi
552 1311 756 1354 manserit
781 1330 789 1355 :
820 1331 840 1352 «
876 1312 1075 1370 Cogitavi
1116 1312 1206 1356 dies
1248 1312 1472 1372 antiquos,
1517 1321 1561 1356 et
1602 1327 1818 1356 annorum

440 1397 457 1418 »
493 1387 754 1423 aeternorum
783 1396 947 1425 memor
970 1380 1048 1426 fui.
1076 1402 1093 1423 »
1118 1382 1200 1435 Qui
1220 1391 1321 1426 sunt
1343 1383 1445 1426 anni
1467 1383 1644 1426 aeterni?
1663 1385 1820 1441 Magna

434 1447 651 1504 cogitatio.
675 1449 830 1494 Videte
851 1452 885 1494 si
907 1451 1003 1495 vult
1019 1452 1098 1496 ista
1120 1453 1340 1511 cogitatio,
1363 1452 1444 1496 nisi
1463 1467 1668 1511 magnum
1686 1452 1819 1496 silen-

435 1517 559 1561 tium.
584 1519 653 1562 Ab
686 1521 804 1563 omni
838 1520 1076 1566 forinsecus
1102 1523 1307 1582 strepitu,
1333 1523 1389 1567 ab
1413 1523 1533 1567 omni
1555 1538 1700 1566 rerum
1732 1523 1820 1567 hu-

433 1602 660 1633 manarum
698 1593 893 1636 tumultu
926 1593 1043 1637 intus
1080 1594 1344 1653 requiescat,
1390 1595 1466 1655 qui
1500 1594 1689 1653 cogitare
1723 1593 1820 1638 vult

434 1673 568 1703 annos
589 1661 691 1704 istos
718 1671 917 1706 aeternos.
954 1665 1179 1724 Numquid
1209 1666 1333 1719 anni,
1369 1665 1414 1708 in
1441 1665 1602 1725 quibus
1634 1680 1811 1720 sumus,

433 1731 582 1773 aeterni
596 1741 719 1786 sunt,
744 1741 819 1776 aut
839 1734 885 1776 in
906 1733 1066 1793 quibus
1089 1734 1269 1778 fuerunt
1285 1737 1469 1795 majores
1491 1736 1650 1790 nostri,
1676 1745 1752 1779 aut
1772 1736 1818 1779 in

433 1799 591 1858 quibus
613 1799 749 1845 futuri
772 1812 873 1847 sunt
895 1805 1053 1863 posteri
1087 1805 1248 1849 nostri?
1279 1806 1403 1850 Absit
1425 1816 1474 1850 ut
1495 1806 1646 1850 aeterni
1669 1806 1815 1850 existi-

432 1878 621 1913 mentur.
648 1871 759 1924 Quid
785 1873 900 1916 enim
933 1873 987 1918 de
1008 1874 1074 1918 his
1102 1876 1223 1919 annis
1255 1877 1426 1919 manet?
1459 1878 1570 1920 Ecce
1591 1875 1816 1936 loquendo

431 1937 615 1985 dicimus
638 1961 647 1986 2
667 1945 760 1987 Hoc
782 1959 922 1989 anno:
943 1954 986 1988 et
1007 1945 1113 2005 quid
1138 1955 1335 1990 tenemus
1357 1946 1412 1990 de
1434 1947 1517 1991 hoc
1535 1963 1673 2002 anno,
1699 1963 1815 2007 pree-

431 2017 496 2052 ter
523 2025 661 2054 unum
694 2011 809 2055 diem
830 2014 875 2056 in
898 2030 985 2074 quo
1013 2031 1177 2059 sumus.
1203 2018 1311 2061 Nam
1335 2017 1574 2075 superiores
1600 2016 1690 2061 dies
1712 2018 1815 2062 anni

431 2078 561 2139 hujus
583 2082 673 2140 jam
703 2084 965 2128 transierunt
980 2120 991 2140 ,
1017 2100 1097 2129 nec
1120 2095 1346 2144 tenentur3
1372 2086 1509 2130 futuri
1533 2097 1679 2131 autem
1702 2103 1816 2132 non-

429 2147 534 2193 dum
556 2162 784 2197 venerunt.
813 2157 864 2197 In
879 2171 968 2198 uno
985 2154 1055 2199 die
1073 2172 1236 2211 sumus,
1264 2166 1307 2201 et
1323 2157 1507 2202 dicimus
1530 2178 1538 2207 ς
1556 2161 1650 2203 Hoc
1671 2175 1810 2217 anno,

429 2219 516 2264 imo
548 2220 639 2277 dic,
675 2225 835 2279 Hodie,
872 2226 905 2269 si
928 2225 1094 2286 aliquid
1121 2228 1181 2273 vis
1210 2243 1394 2287 praesens
1422 2228 1580 2273 dicere.
1618 2233 1729 2275 Nam
1757 2230 1814 2275 de

428 2300 521 2335 toto
545 2308 659 2337 anno
681 2294 787 2354 quid
809 2311 998 2354 praesens
1024 2299 1177 2341 tenes?
1198 2297 1421 2359 Quidquid
1442 2298 1496 2342 de
1518 2299 1593 2343 illo
1616 2301 1813 2360 praeteri-

428 2369 523 2404 tum
557 2374 641 2417 est,
672 2365 765 2423 jam
797 2381 886 2408 non
916 2375 1003 2423 est,
1035 2366 1253 2427 quidquid
1286 2368 1341 2411 de
1377 2367 1452 2413 illo
1485 2368 1684 2414 futurum
1723 2379 1807 2426 est,

427 2432 625 2476 nondum
649 2442 711 2477 est
730 2453 737 2478 :
759 2437 1006 2494 quomodo,
1031 2439 1123 2481 Hoc
1146 2440 1289 2482 anno?
1310 2439 1487 2498 Corrige
1508 2439 1774 2485 locutionem
1795 2457 1809 2486 .-

429 2500 583 2556 Hodie,
603 2502 687 2547 dic.
700 2506 862 2548 Verum
882 2505 986 2550 dicis
1003 2523 1013 2551 :
1031 2506 1287 2567 Hodie,jam
1307 2507 1464 2554 dicam.
1487 2513 1652 2555 Rursus
1670 2521 1713 2555 et
1727 2512 1811 2556 hoc

426 2571 622 2627 attende,
662 2574 781 2634 quod
819 2575 948 2622 hodie
978 2578 1097 2622 horae
1132 2578 1359 2624 matutinae
1392 2581 1482 2639 jam
1515 2582 1805 2638 transierunt,

474 2661 481 2676 ¹
502 2655 581 2687 Psal.
600 2667 705 2696 [xxvi.
721 2659 752 2690 6.

1919 468 1926 548 -v-v-
1918 317 1926 452 -=·.—-.2-.-:--
1918 271 1926 315 *Δ
