<?xml version="1.0" encoding="UTF-8"?>
<!DOCTYPE html PUBLIC "-//W3C//DTD XHTML 1.0 Transitional//EN"
    "http://www.w3.org/TR/xhtml1/DTD/xhtml1-transitional.dtd">
<html xmlns="http://www.w3.org/1999/xhtml" xml:lang="en" lang="en">
 <head>
  <title>
</title>
<meta http-equiv="Content-Type" content="text/html;charset=utf-8" />
  <meta name='ocr-system' content='tesseract 3.04.00' />
  <meta name='ocr-capabilities' content='ocr_page ocr_carea ocr_par ocr_line ocrx_word'/>
</head>
<body>
  <div class='ocr_page' id='page_1' title='image "./operaomniaaccura10auguuoft_0613.png"; bbox 0 0 1926 3339; ppageno 0'>
   <div class='ocr_carea' id='block_1_1' title="bbox 389 296 1451 334">
    <p class='ocr_par' dir='ltr' id='par_1_1' title="bbox 389 296 1451 334">
     <span class='ocr_line' id='line_1_1' title="bbox 389 296 1451 334; baseline 0.003 -4"><span class='ocrx_word' id='word_1_1' title='bbox 389 301 630 330; x_wconf 70' lang='lat' dir='ltr'><strong>ENARRATIO</strong></span> <span class='ocrx_word' id='word_1_2' title='bbox 664 305 708 329; x_wconf 83' lang='lat' dir='ltr'>IN</span> <span class='ocrx_word' id='word_1_3' title='bbox 743 302 945 329; x_wconf 72' lang='lat' dir='ltr'>PsALMUM</span> <span class='ocrx_word' id='word_1_4' title='bbox 979 305 1126 330; x_wconf 78' lang='lat' dir='ltr'>xcvnt.</span> <span class='ocrx_word' id='word_1_5' title='bbox 1369 296 1451 334; x_wconf 80' lang='lat'>499</span> 
     </span>
    </p>
   </div>
   <div class='ocr_carea' id='block_1_2' title="bbox 60 367 1465 2630">
    <p class='ocr_par' dir='ltr' id='par_1_2' title="bbox 60 367 1465 1836">
     <span class='ocr_line' id='line_1_2' title="bbox 65 367 1458 430; baseline 0.002 -18"><span class='ocrx_word' id='word_1_6' title='bbox 65 378 179 425; x_wconf 72' lang='lat' dir='ltr'>tum,</span> <span class='ocrx_word' id='word_1_7' title='bbox 203 367 282 412; x_wconf 88' lang='lat' dir='ltr'>ubi</span> <span class='ocrx_word' id='word_1_8' title='bbox 304 368 469 413; x_wconf 89' lang='lat' dir='ltr'>vulnus</span> <span class='ocrx_word' id='word_1_9' title='bbox 487 385 579 413; x_wconf 87' lang='lat' dir='ltr'>non</span> <span class='ocrx_word' id='word_1_10' title='bbox 600 377 723 412; x_wconf 85' lang='lat' dir='ltr'>esset.</span> <span class='ocrx_word' id='word_1_11' title='bbox 750 372 806 412; x_wconf 67' lang='lat' dir='ltr'>Et,</span> <span class='ocrx_word' id='word_1_12' title='bbox 824 368 989 426; x_wconf 78' lang='lat' dir='ltr'>rogavit</span> <span class='ocrx_word' id='word_1_13' title='bbox 1010 378 1059 411; x_wconf 84' lang='lat' dir='ltr'>ut</span> <span class='ocrx_word' id='word_1_14' title='bbox 1085 368 1321 425; x_wconf 80' lang='lat' dir='ltr'>tolleretur,</span> <span class='ocrx_word' id='word_1_15' title='bbox 1343 388 1458 430; x_wconf 69' lang='lat' dir='ltr'>{eger</span> 
     </span>
     <span class='ocr_line' id='line_1_3' title="bbox 64 437 1459 500; baseline 0.004 -19"><span class='ocrx_word' id='word_1_16' title='bbox 64 437 138 482; x_wconf 90' lang='lat' dir='ltr'>ille</span> <span class='ocrx_word' id='word_1_17' title='bbox 151 439 317 497; x_wconf 84' lang='lat' dir='ltr'>rogavit</span> <span class='ocrx_word' id='word_1_18' title='bbox 341 447 391 482; x_wconf 91' lang='lat' dir='ltr'>ut</span> <span class='ocrx_word' id='word_1_19' title='bbox 413 438 659 483; x_wconf 76' lang='lat' dir='ltr'><strong>auferretur</strong></span> <span class='ocrx_word' id='word_1_20' title='bbox 683 438 1047 483; x_wconf 81' lang='lat' dir='ltr'>medicamentum</span> <span class='ocrx_word' id='word_1_21' title='bbox 1072 458 1080 483; x_wconf 91' lang='lat'>:</span> <span class='ocrx_word' id='word_1_22' title='bbox 1105 458 1124 481; x_wconf 91' lang='lat'>«</span> <span class='ocrx_word' id='word_1_23' title='bbox 1144 443 1324 499; x_wconf 89' lang='lat' dir='ltr'>Propter</span> <span class='ocrx_word' id='word_1_24' title='bbox 1338 442 1459 500; x_wconf 86' lang='lat' dir='ltr'>quod</span> 
     </span>
     <span class='ocr_line' id='line_1_4' title="bbox 68 510 1458 571; baseline 0.004 -21"><span class='ocrx_word' id='word_1_25' title='bbox 68 529 86 550; x_wconf 92' lang='lat'>»</span> <span class='ocrx_word' id='word_1_26' title='bbox 123 518 187 553; x_wconf 89' lang='lat' dir='ltr'>ter</span> <span class='ocrx_word' id='word_1_27' title='bbox 209 510 445 554; x_wconf 91' lang='lat' dir='ltr'>Dominum</span> <span class='ocrx_word' id='word_1_28' title='bbox 464 511 626 570; x_wconf 83' lang='lat' dir='ltr'>rogavi,</span> <span class='ocrx_word' id='word_1_29' title='bbox 652 511 797 571; x_wconf 90' lang='lat' dir='ltr'>inquit</span> <span class='ocrx_word' id='word_1_30' title='bbox 811 545 823 566; x_wconf 72' lang='lat'>‚</span> <span class='ocrx_word' id='word_1_31' title='bbox 848 520 898 554; x_wconf 88' lang='lat' dir='ltr'>ut</span> <span class='ocrx_word' id='word_1_32' title='bbox 919 510 1109 554; x_wconf 77' lang='lat' dir='ltr'>auferret</span> <span class='ocrx_word' id='word_1_33' title='bbox 1123 526 1258 554; x_wconf 91' lang='lat' dir='ltr'>euma</span> <span class='ocrx_word' id='word_1_34' title='bbox 1281 526 1394 565; x_wconf 83' lang='lat' dir='ltr'>me,»</span> <span class='ocrx_word' id='word_1_35' title='bbox 1412 511 1458 555; x_wconf 85' lang='lat' dir='ltr'>id</span> 
     </span>
     <span class='ocr_line' id='line_1_5' title="bbox 61 580 1454 643; baseline 0.001 -19"><span class='ocrx_word' id='word_1_36' title='bbox 61 588 140 635; x_wconf 88' lang='lat' dir='ltr'>est,</span> <span class='ocrx_word' id='word_1_37' title='bbox 160 580 388 625; x_wconf 91' lang='lat' dir='ltr'>stimulum</span> <span class='ocrx_word' id='word_1_38' title='bbox 409 582 549 626; x_wconf 88' lang='lat' dir='ltr'>carnis</span> <span class='ocrx_word' id='word_1_39' title='bbox 570 598 593 626; x_wconf 89' lang='lat' dir='ltr'>a</span> <span class='ocrx_word' id='word_1_40' title='bbox 619 598 707 643; x_wconf 84' lang='lat' dir='ltr'>quo</span> <span class='ocrx_word' id='word_1_41' title='bbox 733 581 1103 641; x_wconf 77' lang='lat' dir='ltr'>colaphizabatur,</span> <span class='ocrx_word' id='word_1_42' title='bbox 1131 581 1322 642; x_wconf 79' lang='lat' dir='ltr'>aliquem</span> <span class='ocrx_word' id='word_1_43' title='bbox 1342 580 1454 626; x_wconf 89' lang='lat' dir='ltr'>forte</span> 
     </span>
     <span class='ocr_line' id='line_1_6' title="bbox 60 647 1449 713; baseline 0.001 -18"><span class='ocrx_word' id='word_1_44' title='bbox 60 649 257 696; x_wconf 89' lang='lat' dir='ltr'>dolorem</span> <span class='ocrx_word' id='word_1_45' title='bbox 279 654 471 713; x_wconf 88' lang='lat' dir='ltr'>corporis</span> <span class='ocrx_word' id='word_1_46' title='bbox 497 673 505 698; x_wconf 76' lang='grc' dir='ltr'>ε</span> <span class='ocrx_word' id='word_1_47' title='bbox 535 673 555 696; x_wconf 88' lang='lat'>«</span> <span class='ocrx_word' id='word_1_48' title='bbox 574 653 765 712; x_wconf 82' lang='lat' dir='ltr'>Rogavi,</span> <span class='ocrx_word' id='word_1_49' title='bbox 791 653 951 713; x_wconf 82' lang='lat' dir='ltr'>inquit,</span> <span class='ocrx_word' id='word_1_50' title='bbox 973 647 1163 697; x_wconf 65' lang='lat' dir='ltr'>auferret</span> <span class='ocrx_word' id='word_1_51' title='bbox 1186 668 1285 696; x_wconf 90' lang='lat' dir='ltr'>eum</span> <span class='ocrx_word' id='word_1_52' title='bbox 1307 669 1330 696; x_wconf 91' lang='lat' dir='ltr'>a</span> <span class='ocrx_word' id='word_1_53' title='bbox 1353 667 1449 709; x_wconf 69' lang='lat' dir='ltr'>me,</span> 
     </span>
     <span class='ocr_line' id='line_1_7' title="bbox 63 723 1454 783; baseline 0.002 -20"><span class='ocrx_word' id='word_1_54' title='bbox 63 740 84 763; x_wconf 85' lang='lat'>»</span> <span class='ocrx_word' id='word_1_55' title='bbox 120 732 163 767; x_wconf 91' lang='lat' dir='ltr'>et</span> <span class='ocrx_word' id='word_1_56' title='bbox 179 723 287 768; x_wconf 80' lang='lat' dir='ltr'><strong>dixit</strong></span> <span class='ocrx_word' id='word_1_57' title='bbox 307 725 414 768; x_wconf 90' lang='lat' dir='ltr'>mihi</span> <span class='ocrx_word' id='word_1_58' title='bbox 441 743 449 769; x_wconf 76' lang='lat'>2</span> <span class='ocrx_word' id='word_1_59' title='bbox 479 725 648 769; x_wconf 84' lang='lat' dir='ltr'>Sufficit</span> <span class='ocrx_word' id='word_1_60' title='bbox 666 723 745 768; x_wconf 84' lang='lat' dir='ltr'>tibi</span> <span class='ocrx_word' id='word_1_61' title='bbox 761 724 896 783; x_wconf 82' lang='lat' dir='ltr'>gratia</span> <span class='ocrx_word' id='word_1_62' title='bbox 909 738 1004 767; x_wconf 87' lang='lat' dir='ltr'>mea</span> <span class='ocrx_word' id='word_1_63' title='bbox 1017 744 1029 781; x_wconf 83' lang='lat'>3</span> <span class='ocrx_word' id='word_1_64' title='bbox 1044 738 1146 767; x_wconf 87' lang='lat' dir='ltr'>nam</span> <span class='ocrx_word' id='word_1_65' title='bbox 1164 723 1301 767; x_wconf 86' lang='lat' dir='ltr'>virtus</span> <span class='ocrx_word' id='word_1_66' title='bbox 1319 724 1364 766; x_wconf 90' lang='lat' dir='ltr'>in</span> <span class='ocrx_word' id='word_1_67' title='bbox 1382 724 1454 767; x_wconf 59' lang='lat' dir='ltr'>inu</span> 
     </span>
     <span class='ocr_line' id='line_1_8' title="bbox 65 793 1454 855; baseline 0.001 -20"><span class='ocrx_word' id='word_1_68' title='bbox 65 812 86 836; x_wconf 90' lang='lat'>»</span> <span class='ocrx_word' id='word_1_69' title='bbox 121 794 326 839; x_wconf 87' lang='lat' dir='ltr'>firmitate</span> <span class='ocrx_word' id='word_1_70' title='bbox 353 796 650 855; x_wconf 76' lang='lat' dir='ltr'>perficitur1.»</span> <span class='ocrx_word' id='word_1_71' title='bbox 674 798 766 854; x_wconf 83' lang='lat' dir='ltr'>Ego</span> <span class='ocrx_word' id='word_1_72' title='bbox 787 795 888 839; x_wconf 89' lang='lat' dir='ltr'>novi</span> <span class='ocrx_word' id='word_1_73' title='bbox 917 810 1049 855; x_wconf 86' lang='lat' dir='ltr'>quem</span> <span class='ocrx_word' id='word_1_74' title='bbox 1075 810 1198 849; x_wconf 86' lang='lat' dir='ltr'>curo,</span> <span class='ocrx_word' id='word_1_75' title='bbox 1237 810 1326 838; x_wconf 88' lang='lat' dir='ltr'>non</span> <span class='ocrx_word' id='word_1_76' title='bbox 1348 793 1454 837; x_wconf 82' lang='lat' dir='ltr'>mihi</span> 
     </span>
     <span class='ocr_line' id='line_1_9' title="bbox 63 864 1457 926; baseline -0.001 -17"><span class='ocrx_word' id='word_1_77' title='bbox 63 864 138 909; x_wconf 86' lang='lat' dir='ltr'>det</span> <span class='ocrx_word' id='word_1_78' title='bbox 165 866 242 926; x_wconf 86' lang='lat' dir='ltr'>qui</span> <span class='ocrx_word' id='word_1_79' title='bbox 273 876 455 926; x_wconf 81' lang='lat' dir='ltr'>aegrotat</span> <span class='ocrx_word' id='word_1_80' title='bbox 485 866 730 911; x_wconf 76' lang='lat' dir='ltr'>consilium.</span> <span class='ocrx_word' id='word_1_81' title='bbox 765 869 990 925; x_wconf 78' lang='lat' dir='ltr'>Tanquam</span> <span class='ocrx_word' id='word_1_82' title='bbox 1029 864 1316 924; x_wconf 81' lang='lat' dir='ltr'>emplastrum</span> <span class='ocrx_word' id='word_1_83' title='bbox 1339 879 1457 908; x_wconf 86' lang='lat' dir='ltr'>mor-</span> 
     </span>
     <span class='ocr_line' id='line_1_10' title="bbox 64 934 1460 993; baseline -0.001 -14"><span class='ocrx_word' id='word_1_84' title='bbox 64 934 147 980; x_wconf 85' lang='lat' dir='ltr'>dax</span> <span class='ocrx_word' id='word_1_85' title='bbox 174 937 262 981; x_wconf 91' lang='lat' dir='ltr'>urit</span> <span class='ocrx_word' id='word_1_86' title='bbox 292 946 359 992; x_wconf 82' lang='lat' dir='ltr'>te⁷</span> <span class='ocrx_word' id='word_1_87' title='bbox 393 936 468 981; x_wconf 88' lang='lat' dir='ltr'>sed</span> <span class='ocrx_word' id='word_1_88' title='bbox 490 947 613 981; x_wconf 87' lang='lat' dir='ltr'>sanat</span> <span class='ocrx_word' id='word_1_89' title='bbox 633 946 690 980; x_wconf 90' lang='lat' dir='ltr'>te.</span> <span class='ocrx_word' id='word_1_90' title='bbox 736 940 877 993; x_wconf 81' lang='lat' dir='ltr'>Rogat</span> <span class='ocrx_word' id='word_1_91' title='bbox 900 935 1120 979; x_wconf 79' lang='lat' dir='ltr'>medicum</span> <span class='ocrx_word' id='word_1_92' title='bbox 1152 945 1201 979; x_wconf 87' lang='lat' dir='ltr'>ut</span> <span class='ocrx_word' id='word_1_93' title='bbox 1221 935 1347 980; x_wconf 85' lang='lat' dir='ltr'>tollat</span> <span class='ocrx_word' id='word_1_94' title='bbox 1370 950 1460 978; x_wconf 90' lang='lat' dir='ltr'>em-</span> 
     </span>
     <span class='ocr_line' id='line_1_11' title="bbox 63 1004 1456 1066; baseline -0.001 -16"><span class='ocrx_word' id='word_1_95' title='bbox 63 1005 302 1066; x_wconf 70' lang='lat' dir='ltr'>plastrum,</span> <span class='ocrx_word' id='word_1_96' title='bbox 331 1017 374 1052; x_wconf 85' lang='lat' dir='ltr'>et</span> <span class='ocrx_word' id='word_1_97' title='bbox 405 1023 496 1051; x_wconf 88' lang='lat' dir='ltr'>non</span> <span class='ocrx_word' id='word_1_98' title='bbox 514 1006 644 1060; x_wconf 87' lang='lat' dir='ltr'>tollit,</span> <span class='ocrx_word' id='word_1_99' title='bbox 665 1006 747 1050; x_wconf 89' lang='lat' dir='ltr'>nisi</span> <span class='ocrx_word' id='word_1_100' title='bbox 769 1021 871 1050; x_wconf 87' lang='lat' dir='ltr'>cum</span> <span class='ocrx_word' id='word_1_101' title='bbox 895 1004 1026 1049; x_wconf 86' lang='lat' dir='ltr'>fuerit</span> <span class='ocrx_word' id='word_1_102' title='bbox 1043 1015 1242 1049; x_wconf 87' lang='lat' dir='ltr'>sanatum</span> <span class='ocrx_word' id='word_1_103' title='bbox 1265 1020 1354 1065; x_wconf 85' lang='lat' dir='ltr'>quo</span> <span class='ocrx_word' id='word_1_104' title='bbox 1376 1020 1456 1064; x_wconf 91' lang='lat' dir='ltr'>po-</span> 
     </span>
     <span class='ocr_line' id='line_1_12' title="bbox 64 1075 1456 1137; baseline -0.001 -15"><span class='ocrx_word' id='word_1_105' title='bbox 64 1088 223 1123; x_wconf 83' lang='lat' dir='ltr'>suerat.</span> <span class='ocrx_word' id='word_1_106' title='bbox 255 1099 271 1120; x_wconf 86' lang='lat'><strong><em>«</em></strong></span> <span class='ocrx_word' id='word_1_107' title='bbox 296 1079 443 1123; x_wconf 81' lang='lat' dir='ltr'>Virtus</span> <span class='ocrx_word' id='word_1_108' title='bbox 464 1079 511 1122; x_wconf 92' lang='lat' dir='ltr'>in</span> <span class='ocrx_word' id='word_1_109' title='bbox 533 1078 784 1122; x_wconf 88' lang='lat' dir='ltr'>infirmitate</span> <span class='ocrx_word' id='word_1_110' title='bbox 806 1077 1044 1137; x_wconf 84' lang='lat' dir='ltr'>perficitur.</span> <span class='ocrx_word' id='word_1_111' title='bbox 1075 1094 1094 1117; x_wconf 85' lang='lat'>»</span> <span class='ocrx_word' id='word_1_112' title='bbox 1119 1079 1259 1134; x_wconf 81' lang='lat' dir='ltr'>Ergo,</span> <span class='ocrx_word' id='word_1_113' title='bbox 1284 1075 1456 1132; x_wconf 77' lang='lat' dir='ltr'>fratres,</span> 
     </span>
     <span class='ocr_line' id='line_1_13' title="bbox 64 1148 1460 1211; baseline -0.001 -18"><span class='ocrx_word' id='word_1_114' title='bbox 64 1150 331 1211; x_wconf 89' lang='lat' dir='ltr'>quicumque</span> <span class='ocrx_word' id='word_1_115' title='bbox 348 1151 394 1193; x_wconf 89' lang='lat' dir='ltr'>in</span> <span class='ocrx_word' id='word_1_116' title='bbox 415 1150 589 1196; x_wconf 88' lang='lat' dir='ltr'>Christo</span> <span class='ocrx_word' id='word_1_117' title='bbox 610 1150 878 1209; x_wconf 83' lang='lat' dir='ltr'>proficimus,</span> <span class='ocrx_word' id='word_1_118' title='bbox 922 1164 1010 1193; x_wconf 86' lang='lat' dir='ltr'>non</span> <span class='ocrx_word' id='word_1_119' title='bbox 1042 1163 1120 1191; x_wconf 88' lang='lat' dir='ltr'>nos</span> <span class='ocrx_word' id='word_1_120' title='bbox 1141 1157 1345 1208; x_wconf 86' lang='lat' dir='ltr'>putemus</span> <span class='ocrx_word' id='word_1_121' title='bbox 1368 1148 1460 1192; x_wconf 89' lang='lat' dir='ltr'>sine</span> 
     </span>
     <span class='ocr_line' id='line_1_14' title="bbox 64 1218 1459 1281; baseline -0.002 -16"><span class='ocrx_word' id='word_1_122' title='bbox 64 1220 240 1279; x_wconf 84' lang='lat' dir='ltr'>flagello</span> <span class='ocrx_word' id='word_1_123' title='bbox 265 1220 435 1265; x_wconf 86' lang='lat' dir='ltr'>futuros</span> <span class='ocrx_word' id='word_1_124' title='bbox 461 1239 469 1265; x_wconf 91' lang='lat'>:</span> <span class='ocrx_word' id='word_1_125' title='bbox 509 1221 610 1281; x_wconf 86' lang='lat' dir='ltr'>quia</span> <span class='ocrx_word' id='word_1_126' title='bbox 637 1218 963 1280; x_wconf 84' lang='lat' dir='ltr'>quantumlibet</span> <span class='ocrx_word' id='word_1_127' title='bbox 996 1219 1273 1278; x_wconf 85' lang='lat' dir='ltr'>proficiamus</span> <span class='ocrx_word' id='word_1_128' title='bbox 1290 1254 1301 1274; x_wconf 84' lang='lat'>,</span> <span class='ocrx_word' id='word_1_129' title='bbox 1335 1218 1459 1262; x_wconf 84' lang='lat' dir='ltr'>novit</span> 
     </span>
     <span class='ocr_line' id='line_1_15' title="bbox 64 1289 1462 1352; baseline -0.002 -15"><span class='ocrx_word' id='word_1_130' title='bbox 64 1292 155 1352; x_wconf 84' lang='lat' dir='ltr'>ipse</span> <span class='ocrx_word' id='word_1_131' title='bbox 178 1301 355 1352; x_wconf 88' lang='lat' dir='ltr'>peccata</span> <span class='ocrx_word' id='word_1_132' title='bbox 381 1302 549 1349; x_wconf 70' lang='lat' dir='ltr'>nostra,</span> <span class='ocrx_word' id='word_1_133' title='bbox 580 1291 814 1352; x_wconf 78' lang='lat' dir='ltr'>aliquando</span> <span class='ocrx_word' id='word_1_134' title='bbox 843 1301 887 1335; x_wconf 90' lang='lat' dir='ltr'>et</span> <span class='ocrx_word' id='word_1_135' title='bbox 920 1290 1046 1335; x_wconf 87' lang='lat' dir='ltr'>nobis</span> <span class='ocrx_word' id='word_1_136' title='bbox 1084 1290 1275 1334; x_wconf 76' lang='lat' dir='ltr'>ostendit</span> <span class='ocrx_word' id='word_1_137' title='bbox 1297 1289 1386 1344; x_wconf 89' lang='lat' dir='ltr'>illa,</span> <span class='ocrx_word' id='word_1_138' title='bbox 1419 1299 1462 1334; x_wconf 93' lang='lat' dir='ltr'>et</span> 
     </span>
     <span class='ocr_line' id='line_1_16' title="bbox 64 1362 1464 1423; baseline -0.003 -14"><span class='ocrx_word' id='word_1_139' title='bbox 64 1364 263 1409; x_wconf 81' lang='lat' dir='ltr'>videmus</span> <span class='ocrx_word' id='word_1_140' title='bbox 285 1374 329 1408; x_wconf 89' lang='lat' dir='ltr'>et</span> <span class='ocrx_word' id='word_1_141' title='bbox 351 1380 429 1409; x_wconf 92' lang='lat' dir='ltr'>nos</span> <span class='ocrx_word' id='word_1_142' title='bbox 450 1374 626 1423; x_wconf 86' lang='lat' dir='ltr'>peccata</span> <span class='ocrx_word' id='word_1_143' title='bbox 649 1373 810 1408; x_wconf 86' lang='lat' dir='ltr'>nostra.</span> <span class='ocrx_word' id='word_1_144' title='bbox 840 1366 897 1407; x_wconf 90' lang='lat' dir='ltr'>Et</span> <span class='ocrx_word' id='word_1_145' title='bbox 923 1378 1023 1407; x_wconf 91' lang='lat' dir='ltr'>cum</span> <span class='ocrx_word' id='word_1_146' title='bbox 1051 1363 1164 1406; x_wconf 88' lang='lat' dir='ltr'>inter</span> <span class='ocrx_word' id='word_1_147' title='bbox 1186 1362 1292 1406; x_wconf 88' lang='lat' dir='ltr'>tales</span> <span class='ocrx_word' id='word_1_148' title='bbox 1320 1362 1464 1406; x_wconf 89' lang='lat' dir='ltr'>homi-</span> 
     </span>
     <span class='ocr_line' id='line_1_17' title="bbox 66 1433 1463 1496; baseline -0.004 -16"><span class='ocrx_word' id='word_1_149' title='bbox 66 1452 143 1480; x_wconf 86' lang='lat' dir='ltr'>nes</span> <span class='ocrx_word' id='word_1_150' title='bbox 164 1434 335 1481; x_wconf 57' lang='lat' dir='ltr'>versari‘</span> <span class='ocrx_word' id='word_1_151' title='bbox 350 1436 628 1495; x_wconf 77' lang='lat' dir='ltr'>coeperimus,</span> <span class='ocrx_word' id='word_1_152' title='bbox 653 1445 703 1479; x_wconf 89' lang='lat' dir='ltr'>ut</span> <span class='ocrx_word' id='word_1_153' title='bbox 717 1436 805 1496; x_wconf 87' lang='lat' dir='ltr'>jam</span> <span class='ocrx_word' id='word_1_154' title='bbox 832 1435 1029 1478; x_wconf 88' lang='lat' dir='ltr'>homines</span> <span class='ocrx_word' id='word_1_155' title='bbox 1046 1433 1154 1494; x_wconf 85' lang='lat' dir='ltr'>quid</span> <span class='ocrx_word' id='word_1_156' title='bbox 1177 1433 1222 1476; x_wconf 91' lang='lat' dir='ltr'>in</span> <span class='ocrx_word' id='word_1_157' title='bbox 1245 1434 1370 1477; x_wconf 87' lang='lat' dir='ltr'>nobis</span> <span class='ocrx_word' id='word_1_158' title='bbox 1392 1449 1463 1476; x_wconf 89' lang='lat' dir='ltr'>re-</span> 
     </span>
     <span class='ocr_line' id='line_1_18' title="bbox 66 1503 1463 1567; baseline -0.003 -16"><span class='ocrx_word' id='word_1_159' title='bbox 66 1507 342 1567; x_wconf 86' lang='lat' dir='ltr'>prehendant</span> <span class='ocrx_word' id='word_1_160' title='bbox 372 1523 462 1551; x_wconf 91' lang='lat' dir='ltr'>non</span> <span class='ocrx_word' id='word_1_161' title='bbox 493 1507 719 1550; x_wconf 86' lang='lat' dir='ltr'>inveniant</span> <span class='ocrx_word' id='word_1_162' title='bbox 755 1526 764 1551; x_wconf 89' lang='lat'>:</span> <span class='ocrx_word' id='word_1_163' title='bbox 793 1503 1072 1564; x_wconf 86' lang='lat' dir='ltr'>reprehendit</span> <span class='ocrx_word' id='word_1_164' title='bbox 1098 1503 1172 1547; x_wconf 85' lang='lat' dir='ltr'>ille</span> <span class='ocrx_word' id='word_1_165' title='bbox 1205 1504 1348 1548; x_wconf 89' lang='lat' dir='ltr'>adhuc</span> <span class='ocrx_word' id='word_1_166' title='bbox 1386 1504 1463 1564; x_wconf 79' lang='lat' dir='ltr'>qui</span> 
     </span>
     <span class='ocr_line' id='line_1_19' title="bbox 68 1574 1462 1634; baseline -0.004 -11"><span class='ocrx_word' id='word_1_167' title='bbox 68 1579 213 1624; x_wconf 87' lang='lat' dir='ltr'>omnia</span> <span class='ocrx_word' id='word_1_168' title='bbox 230 1578 369 1633; x_wconf 87' lang='lat' dir='ltr'>novit,</span> <span class='ocrx_word' id='word_1_169' title='bbox 386 1587 430 1622; x_wconf 89' lang='lat' dir='ltr'>et</span> <span class='ocrx_word' id='word_1_170' title='bbox 446 1577 639 1621; x_wconf 89' lang='lat' dir='ltr'>vindicat</span> <span class='ocrx_word' id='word_1_171' title='bbox 659 1576 706 1620; x_wconf 90' lang='lat' dir='ltr'>in</span> <span class='ocrx_word' id='word_1_172' title='bbox 728 1591 878 1620; x_wconf 89' lang='lat' dir='ltr'>omnes</span> <span class='ocrx_word' id='word_1_173' title='bbox 893 1575 1159 1628; x_wconf 73' lang='lat' dir='ltr'>affectiones,</span> <span class='ocrx_word' id='word_1_174' title='bbox 1187 1574 1289 1634; x_wconf 88' lang='lat' dir='ltr'>quia</span> <span class='ocrx_word' id='word_1_175' title='bbox 1310 1574 1462 1634; x_wconf 83' lang='lat' dir='ltr'>propi-</span> 
     </span>
     <span class='ocr_line' id='line_1_20' title="bbox 68 1644 1459 1705; baseline -0.005 -10"><span class='ocrx_word' id='word_1_176' title='bbox 68 1650 154 1695; x_wconf 85' lang='lat' dir='ltr'>tius</span> <span class='ocrx_word' id='word_1_177' title='bbox 178 1659 242 1694; x_wconf 85' lang='lat' dir='ltr'>est</span> <span class='ocrx_word' id='word_1_178' title='bbox 270 1649 413 1694; x_wconf 91' lang='lat' dir='ltr'>nobis.</span> <span class='ocrx_word' id='word_1_179' title='bbox 445 1651 555 1694; x_wconf 89' lang='lat' dir='ltr'>Nam</span> <span class='ocrx_word' id='word_1_180' title='bbox 577 1648 611 1692; x_wconf 86' lang='lat' dir='ltr'>si</span> <span class='ocrx_word' id='word_1_181' title='bbox 645 1664 734 1692; x_wconf 90' lang='lat' dir='ltr'>non</span> <span class='ocrx_word' id='word_1_182' title='bbox 757 1645 949 1692; x_wconf 84' lang='lat' dir='ltr'>vindicet</span> <span class='ocrx_word' id='word_1_183' title='bbox 971 1655 1013 1689; x_wconf 90' lang='lat' dir='ltr'>et</span> <span class='ocrx_word' id='word_1_184' title='bbox 1036 1644 1220 1700; x_wconf 87' lang='lat' dir='ltr'>deserat,</span> <span class='ocrx_word' id='word_1_185' title='bbox 1254 1645 1459 1705; x_wconf 88' lang='lat' dir='ltr'>perimus.</span> 
     </span>
     <span class='ocr_line' id='line_1_21' title="bbox 72 1709 1465 1781; baseline -0.003 -17"><span class='ocrx_word' id='word_1_186' title='bbox 72 1741 93 1764; x_wconf 93' lang='lat'>«</span> <span class='ocrx_word' id='word_1_187' title='bbox 127 1709 258 1776; x_wconf 81' lang='lat' dir='ltr'>Deus,</span> <span class='ocrx_word' id='word_1_188' title='bbox 274 1730 322 1765; x_wconf 87' lang='lat' dir='ltr'>tu</span> <span class='ocrx_word' id='word_1_189' title='bbox 336 1720 549 1781; x_wconf 87' lang='lat' dir='ltr'>propitius</span> <span class='ocrx_word' id='word_1_190' title='bbox 563 1717 682 1763; x_wconf 85' lang='lat' dir='ltr'>suisti</span> <span class='ocrx_word' id='word_1_191' title='bbox 694 1717 793 1773; x_wconf 91' lang='lat' dir='ltr'>illis,</span> <span class='ocrx_word' id='word_1_192' title='bbox 815 1727 857 1762; x_wconf 85' lang='lat' dir='ltr'>et</span> <span class='ocrx_word' id='word_1_193' title='bbox 869 1717 1094 1763; x_wconf 88' lang='lat' dir='ltr'>vindicans</span> <span class='ocrx_word' id='word_1_194' title='bbox 1112 1717 1157 1761; x_wconf 91' lang='lat' dir='ltr'>in</span> <span class='ocrx_word' id='word_1_195' title='bbox 1171 1731 1320 1761; x_wconf 89' lang='lat' dir='ltr'>omnes</span> <span class='ocrx_word' id='word_1_196' title='bbox 1338 1716 1465 1761; x_wconf 81' lang='lat' dir='ltr'>affec—</span> 
     </span>
     <span class='ocr_line' id='line_1_22' title="bbox 72 1792 498 1836; baseline -0.007 -2"><span class='ocrx_word' id='word_1_197' title='bbox 72 1810 93 1834; x_wconf 88' lang='lat'>»</span> <span class='ocrx_word' id='word_1_198' title='bbox 129 1792 269 1836; x_wconf 88' lang='lat' dir='ltr'>tiones</span> <span class='ocrx_word' id='word_1_199' title='bbox 284 1807 453 1836; x_wconf 88' lang='lat' dir='ltr'>eorum.</span> <span class='ocrx_word' id='word_1_200' title='bbox 477 1808 498 1832; x_wconf 91' lang='lat'>»</span> 
     </span>
    </p>

    <p class='ocr_par' dir='ltr' id='par_1_3' title="bbox 65 1860 1462 2630">
     <span class='ocr_line' id='line_1_23' title="bbox 125 1860 1462 1908; baseline -0.005 0"><span class='ocrx_word' id='word_1_201' title='bbox 125 1866 247 1908; x_wconf 85' lang='lat' dir='ltr'><strong>XIV.</strong></span> <span class='ocrx_word' id='word_1_202' title='bbox 284 1882 301 1904; x_wconf 88' lang='lat'>«</span> <span class='ocrx_word' id='word_1_203' title='bbox 340 1862 542 1908; x_wconf 88' lang='lat' dir='ltr'>Exaltate</span> <span class='ocrx_word' id='word_1_204' title='bbox 567 1860 805 1906; x_wconf 88' lang='lat' dir='ltr'>Dominum</span> <span class='ocrx_word' id='word_1_205' title='bbox 837 1862 977 1904; x_wconf 88' lang='lat' dir='ltr'>Deum</span> <span class='ocrx_word' id='word_1_206' title='bbox 1010 1867 1222 1902; x_wconf 87' lang='lat' dir='ltr'>nostrum.</span> <span class='ocrx_word' id='word_1_207' title='bbox 1250 1876 1269 1898; x_wconf 89' lang='lat'>»</span> <span class='ocrx_word' id='word_1_208' title='bbox 1296 1860 1462 1902; x_wconf 90' lang='lat' dir='ltr'>Iterum</span> 
     </span>
     <span class='ocr_line' id='line_1_24' title="bbox 66 1928 1458 1993; baseline -0.004 -14"><span class='ocrx_word' id='word_1_209' title='bbox 66 1935 308 1980; x_wconf 85' lang='lat' dir='ltr'>exaltamus</span> <span class='ocrx_word' id='word_1_210' title='bbox 335 1934 462 1978; x_wconf 89' lang='lat' dir='ltr'>illum</span> <span class='ocrx_word' id='word_1_211' title='bbox 487 1953 496 1978; x_wconf 92' lang='lat'>:</span> <span class='ocrx_word' id='word_1_212' title='bbox 524 1933 600 1993; x_wconf 90' lang='lat' dir='ltr'>qui</span> <span class='ocrx_word' id='word_1_213' title='bbox 622 1932 765 1976; x_wconf 86' lang='lat' dir='ltr'>bonus</span> <span class='ocrx_word' id='word_1_214' title='bbox 789 1939 853 1974; x_wconf 89' lang='lat' dir='ltr'>est</span> <span class='ocrx_word' id='word_1_215' title='bbox 881 1939 924 1973; x_wconf 87' lang='lat' dir='ltr'>et</span> <span class='ocrx_word' id='word_1_216' title='bbox 956 1944 1057 1973; x_wconf 90' lang='lat' dir='ltr'>cum</span> <span class='ocrx_word' id='word_1_217' title='bbox 1089 1928 1206 1984; x_wconf 85' lang='lat' dir='ltr'>ferit,</span> <span class='ocrx_word' id='word_1_218' title='bbox 1234 1929 1458 1989; x_wconf 88' lang='lat' dir='ltr'>quomodo</span> 
     </span>
     <span class='ocr_line' id='line_1_25' title="bbox 65 2000 1458 2066; baseline -0.006 -15"><span class='ocrx_word' id='word_1_219' title='bbox 65 2005 314 2050; x_wconf 88' lang='lat' dir='ltr'>laudandus</span> <span class='ocrx_word' id='word_1_220' title='bbox 336 2015 421 2061; x_wconf 85' lang='lat' dir='ltr'>est,</span> <span class='ocrx_word' id='word_1_221' title='bbox 444 2003 668 2066; x_wconf 89' lang='lat' dir='ltr'>quomodo</span> <span class='ocrx_word' id='word_1_222' title='bbox 699 2000 954 2046; x_wconf 83' lang='lat' dir='ltr'>exaltandus</span> <span class='ocrx_word' id='word_1_223' title='bbox 989 2001 1081 2043; x_wconf 78' lang='lat' dir='ltr'>est?</span> <span class='ocrx_word' id='word_1_224' title='bbox 1112 2002 1176 2042; x_wconf 89' lang='lat' dir='ltr'>Tu</span> <span class='ocrx_word' id='word_1_225' title='bbox 1214 2009 1337 2059; x_wconf 88' lang='lat' dir='ltr'>potes</span> <span class='ocrx_word' id='word_1_226' title='bbox 1374 2000 1458 2044; x_wconf 90' lang='lat' dir='ltr'>hoc</span> 
     </span>
     <span class='ocr_line' id='line_1_26' title="bbox 68 2070 1458 2132; baseline -0.004 -11"><span class='ocrx_word' id='word_1_227' title='bbox 68 2077 274 2121; x_wconf 87' lang='lat' dir='ltr'>exhibere</span> <span class='ocrx_word' id='word_1_228' title='bbox 298 2075 389 2120; x_wconf 90' lang='lat' dir='ltr'>filio</span> <span class='ocrx_word' id='word_1_229' title='bbox 411 2085 511 2129; x_wconf 87' lang='lat' dir='ltr'>tuo,</span> <span class='ocrx_word' id='word_1_230' title='bbox 540 2084 583 2119; x_wconf 91' lang='lat' dir='ltr'>et</span> <span class='ocrx_word' id='word_1_231' title='bbox 606 2078 718 2119; x_wconf 92' lang='lat' dir='ltr'>Deus</span> <span class='ocrx_word' id='word_1_232' title='bbox 741 2089 830 2117; x_wconf 91' lang='lat' dir='ltr'>non</span> <span class='ocrx_word' id='word_1_233' title='bbox 856 2072 1026 2132; x_wconf 75' lang='lat' dir='ltr'>potest?</span> <span class='ocrx_word' id='word_1_234' title='bbox 1048 2073 1145 2115; x_wconf 92' lang='lat' dir='ltr'>Non</span> <span class='ocrx_word' id='word_1_235' title='bbox 1178 2071 1294 2114; x_wconf 90' lang='lat' dir='ltr'>enim</span> <span class='ocrx_word' id='word_1_236' title='bbox 1316 2070 1458 2115; x_wconf 85' lang='lat' dir='ltr'>bonus</span> 
     </span>
     <span class='ocr_line' id='line_1_27' title="bbox 67 2140 1458 2208; baseline -0.006 -15"><span class='ocrx_word' id='word_1_237' title='bbox 67 2163 110 2192; x_wconf 88' lang='lat' dir='ltr'>es</span> <span class='ocrx_word' id='word_1_238' title='bbox 132 2147 311 2208; x_wconf 86' lang='lat' dir='ltr'>quando</span> <span class='ocrx_word' id='word_1_239' title='bbox 339 2146 549 2191; x_wconf 89' lang='lat' dir='ltr'>blandiris</span> <span class='ocrx_word' id='word_1_240' title='bbox 572 2145 662 2189; x_wconf 82' lang='lat' dir='ltr'>filio</span> <span class='ocrx_word' id='word_1_241' title='bbox 685 2154 778 2199; x_wconf 90' lang='lat' dir='ltr'>tuo,</span> <span class='ocrx_word' id='word_1_242' title='bbox 802 2153 845 2188; x_wconf 92' lang='lat' dir='ltr'>et</span> <span class='ocrx_word' id='word_1_243' title='bbox 870 2141 1008 2186; x_wconf 81' lang='lat' dir='ltr'>malus</span> <span class='ocrx_word' id='word_1_244' title='bbox 1031 2156 1133 2185; x_wconf 84' lang='lat' dir='ltr'>cum</span> <span class='ocrx_word' id='word_1_245' title='bbox 1163 2140 1293 2185; x_wconf 88' lang='lat' dir='ltr'>caedis</span> <span class='ocrx_word' id='word_1_246' title='bbox 1316 2140 1458 2185; x_wconf 87' lang='lat' dir='ltr'>filium</span> 
     </span>
     <span class='ocr_line' id='line_1_28' title="bbox 66 2211 1454 2275; baseline -0.006 -11"><span class='ocrx_word' id='word_1_247' title='bbox 66 2228 210 2264; x_wconf 84' lang='lat' dir='ltr'>tuum.</span> <span class='ocrx_word' id='word_1_248' title='bbox 231 2222 289 2263; x_wconf 88' lang='lat' dir='ltr'>Et</span> <span class='ocrx_word' id='word_1_249' title='bbox 302 2234 403 2263; x_wconf 92' lang='lat' dir='ltr'>cum</span> <span class='ocrx_word' id='word_1_250' title='bbox 422 2216 647 2271; x_wconf 83' lang='lat' dir='ltr'>blandiris,</span> <span class='ocrx_word' id='word_1_251' title='bbox 667 2225 791 2275; x_wconf 85' lang='lat' dir='ltr'>pater</span> <span class='ocrx_word' id='word_1_252' title='bbox 807 2230 874 2267; x_wconf 75' lang='lat' dir='ltr'>es3</span> <span class='ocrx_word' id='word_1_253' title='bbox 900 2223 941 2257; x_wconf 90' lang='lat' dir='ltr'>et</span> <span class='ocrx_word' id='word_1_254' title='bbox 964 2228 1065 2256; x_wconf 91' lang='lat' dir='ltr'>cum</span> <span class='ocrx_word' id='word_1_255' title='bbox 1083 2211 1229 2266; x_wconf 80' lang='lat' dir='ltr'>caedis,</span> <span class='ocrx_word' id='word_1_256' title='bbox 1245 2221 1368 2271; x_wconf 86' lang='lat' dir='ltr'>pater</span> <span class='ocrx_word' id='word_1_257' title='bbox 1391 2228 1454 2256; x_wconf 88' lang='lat' dir='ltr'>es:</span> 
     </span>
     <span class='ocr_line' id='line_1_29' title="bbox 66 2281 1460 2344; baseline -0.006 -10"><span class='ocrx_word' id='word_1_258' title='bbox 66 2289 166 2334; x_wconf 88' lang='lat' dir='ltr'>ideo</span> <span class='ocrx_word' id='word_1_259' title='bbox 182 2288 408 2343; x_wconf 87' lang='lat' dir='ltr'>blandiris,</span> <span class='ocrx_word' id='word_1_260' title='bbox 430 2303 486 2332; x_wconf 89' lang='lat' dir='ltr'>ne</span> <span class='ocrx_word' id='word_1_261' title='bbox 510 2287 711 2344; x_wconf 70' lang='lat' dir='ltr'>deficiat,</span> <span class='ocrx_word' id='word_1_262' title='bbox 734 2285 834 2330; x_wconf 87' lang='lat' dir='ltr'>ideo</span> <span class='ocrx_word' id='word_1_263' title='bbox 857 2283 1003 2338; x_wconf 79' lang='lat' dir='ltr'>caedis,</span> <span class='ocrx_word' id='word_1_264' title='bbox 1025 2298 1079 2326; x_wconf 91' lang='lat' dir='ltr'>ne</span> <span class='ocrx_word' id='word_1_265' title='bbox 1101 2291 1263 2341; x_wconf 90' lang='lat' dir='ltr'>pereat.</span> <span class='ocrx_word' id='word_1_266' title='bbox 1296 2301 1316 2324; x_wconf 71' lang='grc' dir='ltr'>ι(</span> <span class='ocrx_word' id='word_1_267' title='bbox 1335 2281 1460 2326; x_wconf 89' lang='lat' dir='ltr'>Exal-</span> 
     </span>
     <span class='ocr_line' id='line_1_30' title="bbox 70 2353 1459 2410; baseline -0.004 -8"><span class='ocrx_word' id='word_1_268' title='bbox 70 2378 90 2402; x_wconf 86' lang='lat'>»</span> <span class='ocrx_word' id='word_1_269' title='bbox 126 2369 215 2404; x_wconf 87' lang='lat' dir='ltr'>tate</span> <span class='ocrx_word' id='word_1_270' title='bbox 224 2359 458 2404; x_wconf 86' lang='lat' dir='ltr'>Dominum</span> <span class='ocrx_word' id='word_1_271' title='bbox 467 2361 605 2403; x_wconf 89' lang='lat' dir='ltr'>Deum</span> <span class='ocrx_word' id='word_1_272' title='bbox 618 2365 833 2410; x_wconf 85' lang='lat' dir='ltr'>nostrum,</span> <span class='ocrx_word' id='word_1_273' title='bbox 853 2363 895 2398; x_wconf 87' lang='lat' dir='ltr'>et</span> <span class='ocrx_word' id='word_1_274' title='bbox 904 2353 1079 2397; x_wconf 87' lang='lat' dir='ltr'>adorate</span> <span class='ocrx_word' id='word_1_275' title='bbox 1092 2353 1137 2396; x_wconf 90' lang='lat' dir='ltr'>in</span> <span class='ocrx_word' id='word_1_276' title='bbox 1152 2362 1459 2397; x_wconf 88' lang='lat' dir='ltr'>montesancto</span> 
     </span>
     <span class='ocr_line' id='line_1_31' title="bbox 71 2427 1459 2491; baseline -0.006 -15"><span class='ocrx_word' id='word_1_277' title='bbox 71 2449 92 2473; x_wconf 90' lang='lat'>»</span> <span class='ocrx_word' id='word_1_278' title='bbox 127 2432 218 2491; x_wconf 82' lang='lat' dir='ltr'>ejus</span> <span class='ocrx_word' id='word_1_279' title='bbox 243 2450 252 2475; x_wconf 73' lang='grc' dir='ltr'><strong>ι</strong></span> <span class='ocrx_word' id='word_1_280' title='bbox 278 2430 488 2491; x_wconf 89' lang='lat' dir='ltr'>quoniam</span> <span class='ocrx_word' id='word_1_281' title='bbox 507 2437 680 2473; x_wconf 88' lang='lat' dir='ltr'>sanctus</span> <span class='ocrx_word' id='word_1_282' title='bbox 702 2427 913 2472; x_wconf 87' lang='lat' dir='ltr'>Dominus</span> <span class='ocrx_word' id='word_1_283' title='bbox 944 2429 1055 2469; x_wconf 87' lang='lat' dir='ltr'>Deus</span> <span class='ocrx_word' id='word_1_284' title='bbox 1081 2434 1226 2468; x_wconf 88' lang='lat' dir='ltr'>noster</span> <span class='ocrx_word' id='word_1_285' title='bbox 1243 2428 1273 2467; x_wconf 71' lang='lat'>¹².</span> <span class='ocrx_word' id='word_1_286' title='bbox 1289 2443 1310 2465; x_wconf 83' lang='lat'>»</span> <span class='ocrx_word' id='word_1_287' title='bbox 1337 2427 1459 2478; x_wconf 89' lang='lat' dir='ltr'>Quo-</span> 
     </span>
     <span class='ocr_line' id='line_1_32' title="bbox 67 2496 1455 2562; baseline -0.007 -15"><span class='ocrx_word' id='word_1_288' title='bbox 67 2502 200 2547; x_wconf 86' lang='lat' dir='ltr'>modo</span> <span class='ocrx_word' id='word_1_289' title='bbox 217 2501 415 2562; x_wconf 84' lang='lat' dir='ltr'>superius</span> <span class='ocrx_word' id='word_1_290' title='bbox 438 2499 599 2544; x_wconf 55' lang='lat' dir='ltr'>dixin«</span> <span class='ocrx_word' id='word_1_291' title='bbox 614 2497 812 2543; x_wconf 83' lang='lat' dir='ltr'>Exaltate</span> <span class='ocrx_word' id='word_1_292' title='bbox 827 2496 1063 2540; x_wconf 85' lang='lat' dir='ltr'>Dominum</span> <span class='ocrx_word' id='word_1_293' title='bbox 1080 2498 1220 2538; x_wconf 86' lang='lat' dir='ltr'>Deum</span> <span class='ocrx_word' id='word_1_294' title='bbox 1243 2503 1455 2551; x_wconf 85' lang='lat' dir='ltr'>nostrum,</span> 
     </span>
     <span class='ocr_line' id='line_1_33' title="bbox 71 2565 1459 2630; baseline -0.003 -16"><span class='ocrx_word' id='word_1_295' title='bbox 71 2591 92 2615; x_wconf 89' lang='lat'>»</span> <span class='ocrx_word' id='word_1_296' title='bbox 127 2583 170 2618; x_wconf 91' lang='lat' dir='ltr'>et</span> <span class='ocrx_word' id='word_1_297' title='bbox 191 2572 369 2618; x_wconf 87' lang='lat' dir='ltr'>adorate</span> <span class='ocrx_word' id='word_1_298' title='bbox 391 2569 629 2616; x_wconf 85' lang='lat' dir='ltr'>scabellum</span> <span class='ocrx_word' id='word_1_299' title='bbox 652 2569 816 2630; x_wconf 90' lang='lat' dir='ltr'>pedum</span> <span class='ocrx_word' id='word_1_300' title='bbox 833 2569 923 2628; x_wconf 82' lang='lat' dir='ltr'>ejus</span> <span class='ocrx_word' id='word_1_301' title='bbox 937 2588 948 2624; x_wconf 79' lang='lat'><em>3</em></span> <span class='ocrx_word' id='word_1_302' title='bbox 963 2585 982 2609; x_wconf 74' lang='lat' dir='ltr'>n</span> <span class='ocrx_word' id='word_1_303' title='bbox 1000 2565 1290 2610; x_wconf 79' lang='lat' dir='ltr'>intelleximus</span> <span class='ocrx_word' id='word_1_304' title='bbox 1313 2575 1459 2610; x_wconf 87' lang='lat' dir='ltr'>autem</span> 
     </span>
    </p>
   </div>
   <div class='ocr_carea' id='block_1_3' title="bbox 120 2653 829 2698">
    <p class='ocr_par' dir='ltr' id='par_1_4' title="bbox 120 2653 829 2698">
     <span class='ocr_line' id='line_1_34' title="bbox 120 2653 829 2698; baseline -0.013 -6"><span class='ocrx_word' id='word_1_305' title='bbox 120 2664 128 2681; x_wconf 90' lang='lat'>¹</span> <span class='ocrx_word' id='word_1_306' title='bbox 150 2667 169 2690; x_wconf 79' lang='lat'><strong>2</strong></span> <span class='ocrx_word' id='word_1_307' title='bbox 187 2659 260 2690; x_wconf 78' lang='lat' dir='ltr'>Gur.</span> <span class='ocrx_word' id='word_1_308' title='bbox 281 2669 338 2698; x_wconf 78' lang='grc' dir='ltr'>ιιι,</span> <span class='ocrx_word' id='word_1_309' title='bbox 359 2659 392 2698; x_wconf 85' lang='grc'>8,</span> <span class='ocrx_word' id='word_1_310' title='bbox 411 2667 444 2698; x_wconf 86' lang='lat'>9.</span> <span class='ocrx_word' id='word_1_311' title='bbox 468 2672 508 2678; x_wconf 88' lang='lat'>--</span> <span class='ocrx_word' id='word_1_312' title='bbox 529 2662 540 2677; x_wconf 82' lang='lat'>²</span> <span class='ocrx_word' id='word_1_313' title='bbox 562 2653 643 2685; x_wconf 84' lang='lat' dir='ltr'>Psal.</span> <span class='ocrx_word' id='word_1_314' title='bbox 670 2663 777 2692; x_wconf 78' lang='lat' dir='ltr'>xcvni,</span> <span class='ocrx_word' id='word_1_315' title='bbox 796 2663 829 2694; x_wconf 65' lang='lat'>9,</span> 
     </span>
    </p>
   </div>
   <div class='ocr_carea' id='block_1_4' title="bbox 1184 2704 1247 2741">
    <p class='ocr_par' dir='ltr' id='par_1_5' title="bbox 1184 2704 1247 2741">
     <span class='ocr_line' id='line_1_35' title="bbox 1184 2704 1247 2741; baseline -0.032 0"><span class='ocrx_word' id='word_1_316' title='bbox 1184 2704 1247 2741; x_wconf 82' lang='lat'>32.</span> 
     </span>
    </p>
   </div>
  </div>
 </body>
</html>
