1926 3339
433 313 676 345 munuum
706 316 753 343 m
784 314 988 345 PsALMnM
1020 319 1169 347 xcvm.
1385 312 1469 354 485

84 385 274 430 scientiae
301 385 425 443 Legis
447 383 564 428 utilis
586 392 651 427 est
673 383 842 427 homini
863 402 872 427 ε
897 392 941 428 et
961 399 1016 428 ne
1036 384 1283 445 desperares
1304 389 1359 433 de
1378 390 1470 450 ipsa

83 457 261 500 scientia
285 455 408 514 Legis
429 454 618 498 breviter
641 453 719 498 tibi
736 453 901 498 dictum
925 463 988 498 est
1008 474 1017 500 ε
1046 474 1066 497 «
1091 456 1324 503 Plenitudo
1347 462 1471 518 Legis

85 545 106 569 »
141 526 324 571 charitas
350 527 380 568 1.
419 542 440 566 »
473 524 645 568 Habeto
674 540 778 583 ergo
810 524 1064 570 charitatem
1096 528 1142 570 in
1177 533 1312 572 Deum
1346 538 1388 573 et
1424 530 1470 574 in

81 596 323 656 proximum
344 630 355 650 ‚
391 603 434 639 et
465 595 547 638 eris
581 594 702 639 sedes
737 595 813 639 Dei
838 614 847 640 ε
872 596 1107 655 pertinebis
1135 597 1190 642 ad
1211 599 1467 644 Cherubim.

84 665 169 711 Sed
191 666 224 710 si
243 664 387 710 adhuc
404 680 493 710 non
515 664 742 724 intelligis,
768 665 870 708 audi
891 666 998 725 quid
1021 676 1228 727 sequatur
1253 688 1261 713 :
1289 688 1309 711 «
1331 670 1472 713 Domi-

83 755 104 779 »
140 753 222 781 nus
243 737 289 780 in
309 738 410 782 Sion
432 751 628 794 magnus.
645 755 664 778 n
691 741 825 790 Quem
851 737 931 780 tibi
953 736 1040 781 dixi
1062 754 1191 798 super
1212 740 1466 796 Cherubim,

81 809 126 853 in
147 810 248 854 Sion
267 824 451 867 magnus
469 818 548 853 est.
573 811 669 852 Jam
694 824 841 869 quaere
856 808 963 869 quid
982 819 1043 853 est
1064 810 1199 854 Sion?
1224 812 1326 856 Sion
1347 812 1473 856 novi-

80 895 177 924 mus
192 881 408 924 civitatem
432 880 510 924 Dei
529 895 633 923 csse.
662 880 762 924 Sion
780 878 894 923 dicta
916 890 978 924 est
1001 881 1172 936 civitas,
1195 898 1295 942 (11¹ae
1317 892 1380 927 est
1397 885 1473 926 Je-

80 951 266 995 rusalem
285 986 295 1006 ,
322 951 437 995 dicta
460 961 606 995 autem
630 966 683 994 ex
710 951 1068 1009 interpretatione
1090 952 1279 1012 quadam
1310 969 1470 998 nomen

80 1022 318 1081 accipiens,
356 1022 456 1081 quia
488 1021 591 1065 Sion
619 1021 858 1080 speculatio
892 1020 1075 1077 dicitur,
1109 1021 1153 1066 id
1175 1032 1263 1076 est,
1289 1023 1397 1067 visio
1430 1032 1474 1067 et

79 1091 405 1150 contemplatio.
435 1091 658 1150 Speculari
681 1092 795 1135 enim
818 1092 1064 1152 prospicere
1093 1102 1156 1137 est
1175 1128 1186 1147 ,
1210 1092 1281 1137 vel
1300 1094 1475 1154 conspi-

79 1177 196 1217 cere,
217 1161 287 1206 vel
310 1161 537 1205 intendere
559 1171 609 1205 ut
629 1161 791 1206 videas.
819 1165 896 1206 Est
918 1172 1064 1206 autem
1092 1163 1194 1207 Sion
1216 1163 1357 1207 omnis
1377 1164 1474 1207 ani-

78 1248 149 1276 ma
166 1268 176 1286 ‚
203 1232 237 1276 si
258 1231 449 1275 intendit
470 1230 617 1275 videre
645 1231 788 1276 lucem
807 1248 905 1292 quae
922 1232 1109 1276 videnda
1129 1242 1205 1276 est.
1231 1235 1341 1277 Nam
1363 1233 1393 1276 si
1420 1232 1474 1277 ad

79 1317 201 1346 suam
224 1301 486 1357 attenderit,
516 1302 771 1345 tenebratur
792 1321 801 1346 :
826 1303 860 1346 si
889 1303 944 1346 ad
966 1302 1110 1347 lucem
1139 1302 1255 1346 illius
1279 1302 1476 1346 attende-

79 1374 135 1417 rit
151 1408 162 1428 ,
188 1372 474 1417 illuminatur.
505 1373 612 1426 Quia
634 1381 780 1417 tamen
801 1372 1080 1417 manifestum
1104 1382 1168 1417 est
1193 1373 1295 1418 Sion
1318 1373 1471 1417 civita-

79 1453 168 1488 tem
192 1445 267 1488 Dei
291 1459 380 1488 esse
405 1463 414 1489 ε
446 1459 545 1504 quae
574 1452 637 1487 est
670 1443 816 1487 civitas
840 1444 944 1498 Dei,
980 1445 1060 1487 nisi
1089 1453 1233 1488 sancta
1257 1442 1475 1487 Ecclesia?

81 1515 288 1558 Homines
302 1515 418 1557 enim
437 1522 630 1557 amantes
652 1529 696 1556 se
715 1514 915 1568 invicem,
928 1523 970 1557 et
982 1523 1175 1558 amantes
1192 1517 1327 1558 Deum
1346 1528 1475 1557 suum

79 1586 156 1646 qui
177 1586 222 1628 in
244 1585 329 1629 illis
346 1585 538 1640 habitat,
565 1584 732 1629 faciunt
755 1585 972 1629 civitatem
996 1591 1096 1629 Deo.
1120 1585 1230 1638 Quia
1246 1585 1342 1643 lege
1360 1601 1472 1644 qua-

80 1656 181 1700 dam
206 1656 353 1699 civitas
377 1656 655 1713 continetur3
688 1655 759 1698 lex
778 1656 867 1714 ipsa
900 1671 1051 1700 eorum
1070 1691 1080 1710 ,
1111 1655 1296 1699 charitas
1320 1664 1405 1711 est3
1430 1663 1474 1698 et

5 1729 17 1739 “
79 1727 172 1786 ipsa
194 1726 380 1770 charitas
398 1762 408 1781 ‚
435 1730 548 1770 Deus
565 1736 642 1770 est.
666 1729 827 1785 Aperte
851 1727 966 1769 enim
987 1726 1194 1785 scriptum
1221 1734 1281 1769 est
1301 1745 1308 1769 :
1326 1729 1472 1769 «Deus

81 1815 103 1839 ³)
139 1797 322 1841 charitas
352 1806 415 1841 est
428 1801 460 1841 2.
490 1815 510 1837 »
545 1797 626 1850 Qui
656 1812 758 1856 ergo
792 1797 946 1856 plenus
971 1806 1033 1840 est
1056 1796 1288 1849 charitate,
1316 1794 1472 1854 plenus

79 1877 144 1912 est
160 1871 251 1911 Deo
277 1887 285 1912 :
322 1876 365 1911 et
386 1867 513 1911 multi
530 1867 648 1927 pleni
666 1869 876 1912 charitate
894 1903 904 1922 ‚
932 1868 1149 1912 civitatem
1173 1866 1338 1910 faciunt
1361 1869 1466 1910 Deo.

80 1941 168 1983 Ista
190 1938 339 1982 civitas
362 1938 439 1981 Dei
460 1948 640 1982 vocatur
672 1939 773 1983 Sion
801 1958 810 1983 :
844 1954 946 1997 ergo
970 1937 1161 1982 Ecclesia
1184 1946 1248 1981 est
1272 1937 1389 1981 Sion.
1422 1939 1474 1979 In

80 2007 155 2053 illa
178 2017 241 2052 est
262 2024 446 2067 magnus
468 2012 596 2053 Deus.
627 2012 679 2052 ln
701 2008 774 2053 illa
801 2018 890 2053 esto
908 2044 919 2063 ,
954 2017 997 2052 et
1019 2023 1107 2052 non
1134 2007 1215 2050 erit
1244 2016 1402 2066 praeter
1429 2015 1473 2050 te

80 2082 211 2124 Deus.
237 2081 350 2123 Cum
375 2089 521 2124 autem
544 2079 677 2123 fuerit
698 2079 743 2122 in
766 2088 808 2122 te
831 2083 944 2122 Deus
960 2114 970 2132 ‚
995 2078 1096 2138 quia
1119 2086 1169 2120 tu
1186 2076 1328 2121 factus
1351 2092 1394 2120 es
1416 2076 1471 2120 de

84 2149 187 2194 Sion
203 2184 214 2204 ,
238 2149 486 2193 membrum
509 2149 564 2193 dc
589 2150 691 2194 Sion
707 2185 718 2203 ‚
739 2149 841 2193 civis
859 2149 913 2192 de
933 2149 1035 2193 Sion
1052 2161 1068 2202 ‚‘
1089 2148 1308 2206 pertinens
1330 2147 1385 2190 ad
1408 2162 1474 2190 so-

64 2220 281 2263 cietatem
304 2219 456 2279 populi
477 2223 555 2264 Dei
573 2240 581 2264 :
603 2219 792 2264 excelsus
810 2220 855 2262 in
870 2229 913 2263 te
935 2220 1016 2262 erit
1037 2222 1150 2263 Deus
1172 2233 1301 2277 super
1323 2232 1473 2262 omnes

81 2289 267 2350 populos
289 2325 299 2344 ‚
338 2305 467 2349 super
489 2290 584 2334 illos
606 2291 683 2350 qui
720 2291 988 2344 irascuntur,
1025 2298 1098 2333 aut
1118 2304 1247 2348 super
1268 2287 1364 2332 illos
1393 2288 1471 2347 qui

82 2361 392 2406 irascebantur.
431 2362 597 2405 Putatis
633 2362 750 2405 enim
782 2361 883 2421 quia
917 2370 1023 2405 tunc
1058 2359 1356 2404 irascebantur
1377 2394 1388 2413 ‚
1429 2367 1473 2401 et

83 2431 215 2476 modo
236 2448 326 2476 non
345 2432 622 2476 irascuntur?
640 2432 943 2476 Irascebantur
958 2441 1064 2476 tunc
1083 2451 1092 2476 2
1109 2429 1184 2475 sed
1201 2430 1302 2489 quia
1325 2429 1472 2488 plures

85 2512 232 2558 erant,
265 2512 412 2562 aperte
433 2502 752 2560 irascebantur3
778 2502 909 2547 modo
934 2503 1036 2562 quia
1057 2500 1182 2561 pauci
1213 2498 1316 2543 facti
1337 2507 1440 2542 sunt
1455 2533 1466 2552 ‚

135 2617 143 2633 ¹
165 2613 257 2643 Rom.
278 2621 347 2652 xm,
372 2622 424 2643 10.
454 2627 489 2634 -—
513 2617 526 2632 ‘2
551 2621 562 2641 1
585 2611 677 2640 Jonn.
701 2620 743 2648 iv,
760 2609 792 2641 8.
