<?xml version="1.0" encoding="UTF-8"?>
<!DOCTYPE html PUBLIC "-//W3C//DTD XHTML 1.0 Transitional//EN"
    "http://www.w3.org/TR/xhtml1/DTD/xhtml1-transitional.dtd">
<html xmlns="http://www.w3.org/1999/xhtml" xml:lang="en" lang="en">
 <head>
  <title>
</title>
<meta http-equiv="Content-Type" content="text/html;charset=utf-8" />
  <meta name='ocr-system' content='tesseract 3.04.00' />
  <meta name='ocr-capabilities' content='ocr_page ocr_carea ocr_par ocr_line ocrx_word'/>
</head>
<body>
  <div class='ocr_page' id='page_1' title='image "./operaomniaaccura10auguuoft_0530.png"; bbox 0 0 1926 3339; ppageno 0'>
   <div class='ocr_carea' id='block_1_1' title="bbox 471 221 1410 261">
    <p class='ocr_par' dir='ltr' id='par_1_1' title="bbox 471 221 1410 261">
     <span class='ocr_line' id='line_1_1' title="bbox 471 221 1410 261; baseline -0.003 0"><span class='ocrx_word' id='word_1_1' title='bbox 471 221 553 261; x_wconf 76' lang='lat'>432</span> <span class='ocrx_word' id='word_1_2' title='bbox 897 234 929 259; x_wconf 87' lang='lat' dir='ltr'>s.</span> <span class='ocrx_word' id='word_1_3' title='bbox 966 231 1198 260; x_wconf 65' lang='lat' dir='ltr'>Auuus&#39;nm</span> <span class='ocrx_word' id='word_1_4' title='bbox 1233 233 1410 259; x_wconf 73' lang='lat' dir='ltr'>EPiscom</span> 
     </span>
    </p>
   </div>
   <div class='ocr_carea' id='block_1_2' title="bbox 468 296 1920 358">
    <p class='ocr_par' dir='ltr' id='par_1_2' title="bbox 468 296 1920 358">
     <span class='ocr_line' id='line_1_2' title="bbox 468 296 1920 358; baseline -0.001 -16"><span class='ocrx_word' id='word_1_5' title='bbox 468 299 533 342; x_wconf 83' lang='lat' dir='ltr'>his</span> <span class='ocrx_word' id='word_1_6' title='bbox 551 313 725 358; x_wconf 81' lang='lat' dir='ltr'>quoque</span> <span class='ocrx_word' id='word_1_7' title='bbox 744 298 951 342; x_wconf 83' lang='lat' dir='ltr'>Dominus</span> <span class='ocrx_word' id='word_1_8' title='bbox 968 298 1188 357; x_wconf 88' lang='lat' dir='ltr'>impertire</span> <span class='ocrx_word' id='word_1_9' title='bbox 1206 297 1408 357; x_wconf 86' lang='lat' dir='ltr'>dignatus</span> <span class='ocrx_word' id='word_1_10' title='bbox 1426 306 1504 352; x_wconf 84' lang='lat' dir='ltr'>est,</span> <span class='ocrx_word' id='word_1_11' title='bbox 1526 312 1604 341; x_wconf 85' lang='lat' dir='ltr'>nos</span> <span class='ocrx_word' id='word_1_12' title='bbox 1619 296 1731 342; x_wconf 86' lang='lat' dir='ltr'>illud</span> <span class='ocrx_word' id='word_1_13' title='bbox 1747 298 1856 342; x_wconf 80' lang='lat' dir='ltr'>dixi·</span> <span class='ocrx_word' id='word_1_14' title='bbox 1917 329 1920 334; x_wconf 85' lang='lat'><em>·</em></span> 
     </span>
    </p>
   </div>
   <div class='ocr_carea' id='block_1_3' title="bbox 463 359 1862 2539">
    <p class='ocr_par' dir='ltr' id='par_1_3' title="bbox 463 359 1862 2471">
     <span class='ocr_line' id='line_1_3' title="bbox 469 359 1858 428; baseline -0.001 -16"><span class='ocrx_word' id='word_1_15' title='bbox 469 384 590 426; x_wconf 81' lang='lat' dir='ltr'>mus3</span> <span class='ocrx_word' id='word_1_16' title='bbox 614 378 657 412; x_wconf 88' lang='lat' dir='ltr'>et</span> <span class='ocrx_word' id='word_1_17' title='bbox 677 367 896 428; x_wconf 87' lang='lat' dir='ltr'>quidquid</span> <span class='ocrx_word' id='word_1_18' title='bbox 916 368 1047 413; x_wconf 92' lang='lat' dir='ltr'>modo</span> <span class='ocrx_word' id='word_1_19' title='bbox 1070 368 1224 413; x_wconf 89' lang='lat' dir='ltr'>eodem</span> <span class='ocrx_word' id='word_1_20' title='bbox 1248 368 1408 428; x_wconf 80' lang='lat' dir='ltr'>Spiritu</span> <span class='ocrx_word' id='word_1_21' title='bbox 1427 367 1626 422; x_wconf 81' lang='lat' dir='ltr'>dicimus,</span> <span class='ocrx_word' id='word_1_22' title='bbox 1649 366 1714 411; x_wconf 87' lang='lat' dir='ltr'>illi</span> <span class='ocrx_word' id='word_1_23' title='bbox 1734 359 1858 411; x_wconf 72' lang='lat' dir='ltr'>dixe-</span> 
     </span>
     <span class='ocr_line' id='line_1_4' title="bbox 468 438 1853 500; baseline -0.001 -17"><span class='ocrx_word' id='word_1_24' title='bbox 468 449 572 484; x_wconf 91' lang='lat' dir='ltr'>runt</span> <span class='ocrx_word' id='word_1_25' title='bbox 587 439 662 500; x_wconf 89' lang='lat' dir='ltr'>qui</span> <span class='ocrx_word' id='word_1_26' title='bbox 676 439 856 484; x_wconf 89' lang='lat' dir='ltr'>fuerunt</span> <span class='ocrx_word' id='word_1_27' title='bbox 876 449 975 483; x_wconf 87' lang='lat' dir='ltr'>ante</span> <span class='ocrx_word' id='word_1_28' title='bbox 997 455 1089 483; x_wconf 87' lang='lat' dir='ltr'>nos.</span> <span class='ocrx_word' id='word_1_29' title='bbox 1103 442 1200 484; x_wconf 87' lang='lat' dir='ltr'>Non</span> <span class='ocrx_word' id='word_1_30' title='bbox 1213 450 1273 483; x_wconf 84' lang='lat' dir='ltr'>est</span> <span class='ocrx_word' id='word_1_31' title='bbox 1291 454 1393 498; x_wconf 85' lang='lat' dir='ltr'>ergo</span> <span class='ocrx_word' id='word_1_32' title='bbox 1413 438 1853 498; x_wconf 81' lang='lat' dir='ltr'>praetermittendum,</span> 
     </span>
     <span class='ocr_line' id='line_1_5' title="bbox 469 508 1858 569; baseline -0.001 -15"><span class='ocrx_word' id='word_1_33' title='bbox 469 509 545 554; x_wconf 88' lang='lat' dir='ltr'>sed</span> <span class='ocrx_word' id='word_1_34' title='bbox 567 509 804 553; x_wconf 84' lang='lat' dir='ltr'>dicendum</span> <span class='ocrx_word' id='word_1_35' title='bbox 828 518 914 563; x_wconf 85' lang='lat' dir='ltr'>est,</span> <span class='ocrx_word' id='word_1_36' title='bbox 939 509 1042 569; x_wconf 88' lang='lat' dir='ltr'>quia</span> <span class='ocrx_word' id='word_1_37' title='bbox 1064 508 1181 553; x_wconf 91' lang='lat' dir='ltr'>dono</span> <span class='ocrx_word' id='word_1_38' title='bbox 1202 509 1277 553; x_wconf 86' lang='lat' dir='ltr'>Dei</span> <span class='ocrx_word' id='word_1_39' title='bbox 1300 509 1468 553; x_wconf 79' lang='lat' dir='ltr'>dietum</span> <span class='ocrx_word' id='word_1_40' title='bbox 1490 519 1567 553; x_wconf 88' lang='lat' dir='ltr'>est.</span> <span class='ocrx_word' id='word_1_41' title='bbox 1592 508 1778 562; x_wconf 88' lang='lat' dir='ltr'>Quidam</span> <span class='ocrx_word' id='word_1_42' title='bbox 1802 509 1858 552; x_wconf 92' lang='lat' dir='ltr'>de</span> 
     </span>
     <span class='ocr_line' id='line_1_6' title="bbox 468 577 1858 638; baseline -0.001 -14"><span class='ocrx_word' id='word_1_43' title='bbox 468 581 549 624; x_wconf 90' lang='lat' dir='ltr'>isto</span> <span class='ocrx_word' id='word_1_44' title='bbox 567 579 729 638; x_wconf 88' lang='lat' dir='ltr'>pariete</span> <span class='ocrx_word' id='word_1_45' title='bbox 751 577 951 622; x_wconf 87' lang='lat' dir='ltr'>dealbato</span> <span class='ocrx_word' id='word_1_46' title='bbox 972 593 1071 622; x_wconf 91' lang='lat' dir='ltr'>cum</span> <span class='ocrx_word' id='word_1_47' title='bbox 1089 577 1272 633; x_wconf 86' lang='lat' dir='ltr'>diceret,</span> <span class='ocrx_word' id='word_1_48' title='bbox 1293 579 1377 622; x_wconf 90' lang='lat' dir='ltr'>hoc</span> <span class='ocrx_word' id='word_1_49' title='bbox 1397 579 1458 623; x_wconf 87' lang='lat' dir='ltr'>ait</span> <span class='ocrx_word' id='word_1_50' title='bbox 1477 598 1486 623; x_wconf 74' lang='grc' dir='ltr'>ι</span> <span class='ocrx_word' id='word_1_51' title='bbox 1515 599 1535 619; x_wconf 91' lang='lat'>«</span> <span class='ocrx_word' id='word_1_52' title='bbox 1559 579 1790 631; x_wconf 86' lang='lat' dir='ltr'>Quomodo</span> <span class='ocrx_word' id='word_1_53' title='bbox 1813 578 1858 622; x_wconf 92' lang='lat' dir='ltr'>in</span> 
     </span>
     <span class='ocr_line' id='line_1_7' title="bbox 471 647 1858 708; baseline 0 -16"><span class='ocrx_word' id='word_1_54' title='bbox 471 670 490 692; x_wconf 84' lang='lat'><strong>»</strong></span> <span class='ocrx_word' id='word_1_55' title='bbox 525 649 688 708; x_wconf 90' lang='lat' dir='ltr'>pariete</span> <span class='ocrx_word' id='word_1_56' title='bbox 711 664 800 692; x_wconf 91' lang='lat' dir='ltr'>non</span> <span class='ocrx_word' id='word_1_57' title='bbox 823 649 1058 707; x_wconf 82' lang='lat' dir='ltr'>conjuncto</span> <span class='ocrx_word' id='word_1_58' title='bbox 1084 648 1175 692; x_wconf 86' lang='lat' dir='ltr'>aliis</span> <span class='ocrx_word' id='word_1_59' title='bbox 1194 648 1453 707; x_wconf 80' lang='lat' dir='ltr'>parietibus,</span> <span class='ocrx_word' id='word_1_60' title='bbox 1480 647 1556 691; x_wconf 87' lang='lat' dir='ltr'>sed</span> <span class='ocrx_word' id='word_1_61' title='bbox 1584 647 1858 705; x_wconf 81' lang='lat' dir='ltr'>singulariter</span> 
     </span>
     <span class='ocr_line' id='line_1_8' title="bbox 470 718 1855 779; baseline 0.001 -17"><span class='ocrx_word' id='word_1_62' title='bbox 470 739 490 762; x_wconf 88' lang='lat'>»</span> <span class='ocrx_word' id='word_1_63' title='bbox 525 730 694 774; x_wconf 77' lang='lat' dir='ltr'>erecto,</span> <span class='ocrx_word' id='word_1_64' title='bbox 729 720 762 764; x_wconf 88' lang='lat' dir='ltr'>si</span> <span class='ocrx_word' id='word_1_65' title='bbox 791 721 950 764; x_wconf 90' lang='lat' dir='ltr'>ostium</span> <span class='ocrx_word' id='word_1_66' title='bbox 984 720 1143 774; x_wconf 85' lang='lat' dir='ltr'>facias,</span> <span class='ocrx_word' id='word_1_67' title='bbox 1174 720 1369 779; x_wconf 86' lang='lat' dir='ltr'>quisquis</span> <span class='ocrx_word' id='word_1_68' title='bbox 1398 719 1621 763; x_wconf 78' lang='lat' dir='ltr'>intraverit</span> <span class='ocrx_word' id='word_1_69' title='bbox 1643 718 1746 764; x_wconf 81' lang='lat' dir='ltr'>foris</span> <span class='ocrx_word' id='word_1_70' title='bbox 1764 728 1855 764; x_wconf 89' lang='lat' dir='ltr'>est:</span> 
     </span>
     <span class='ocr_line' id='line_1_9' title="bbox 468 788 1859 850; baseline 0.001 -18"><span class='ocrx_word' id='word_1_71' title='bbox 468 809 488 832; x_wconf 85' lang='lat'>»</span> <span class='ocrx_word' id='word_1_72' title='bbox 525 790 651 834; x_wconf 84' lang='lat' dir='ltr'>sicin</span> <span class='ocrx_word' id='word_1_73' title='bbox 680 789 751 834; x_wconf 89' lang='lat' dir='ltr'>illa</span> <span class='ocrx_word' id='word_1_74' title='bbox 775 800 896 849; x_wconf 89' lang='lat' dir='ltr'>parte</span> <span class='ocrx_word' id='word_1_75' title='bbox 931 806 1029 850; x_wconf 78' lang='lat' dir='ltr'>quae</span> <span class='ocrx_word' id='word_1_76' title='bbox 1058 789 1199 834; x_wconf 92' lang='lat' dir='ltr'>noluit</span> <span class='ocrx_word' id='word_1_77' title='bbox 1221 799 1395 833; x_wconf 86' lang='lat' dir='ltr'>cantare</span> <span class='ocrx_word' id='word_1_78' title='bbox 1424 805 1525 833; x_wconf 88' lang='lat' dir='ltr'>cum</span> <span class='ocrx_word' id='word_1_79' title='bbox 1554 788 1685 833; x_wconf 89' lang='lat' dir='ltr'>domo</span> <span class='ocrx_word' id='word_1_80' title='bbox 1719 790 1859 834; x_wconf 88' lang='lat' dir='ltr'>canti-</span> 
     </span>
     <span class='ocr_line' id='line_1_10' title="bbox 470 859 1860 920; baseline 0.001 -18"><span class='ocrx_word' id='word_1_81' title='bbox 470 880 490 903; x_wconf 88' lang='lat'>»</span> <span class='ocrx_word' id='word_1_82' title='bbox 526 876 628 905; x_wconf 83' lang='lat' dir='ltr'>cum</span> <span class='ocrx_word' id='word_1_83' title='bbox 647 876 828 915; x_wconf 88' lang='lat' dir='ltr'>novum,</span> <span class='ocrx_word' id='word_1_84' title='bbox 853 861 928 904; x_wconf 86' lang='lat' dir='ltr'>sed</span> <span class='ocrx_word' id='word_1_85' title='bbox 950 860 1158 920; x_wconf 84' lang='lat' dir='ltr'>parietem</span> <span class='ocrx_word' id='word_1_86' title='bbox 1175 860 1313 904; x_wconf 83' lang='lat' dir='ltr'>voluit</span> <span class='ocrx_word' id='word_1_87' title='bbox 1336 869 1522 914; x_wconf 87' lang='lat' dir='ltr'>struere,</span> <span class='ocrx_word' id='word_1_88' title='bbox 1539 869 1582 903; x_wconf 91' lang='lat' dir='ltr'>et</span> <span class='ocrx_word' id='word_1_89' title='bbox 1599 860 1716 904; x_wconf 88' lang='lat' dir='ltr'>hunc</span> <span class='ocrx_word' id='word_1_90' title='bbox 1739 859 1860 904; x_wconf 87' lang='lat' dir='ltr'>deal-</span> 
     </span>
     <span class='ocr_line' id='line_1_11' title="bbox 470 928 1860 990; baseline 0.001 -18"><span class='ocrx_word' id='word_1_91' title='bbox 470 950 489 972; x_wconf 91' lang='lat'>»</span> <span class='ocrx_word' id='word_1_92' title='bbox 526 931 696 985; x_wconf 82' lang='lat' dir='ltr'>batum,</span> <span class='ocrx_word' id='word_1_93' title='bbox 713 947 803 975; x_wconf 87' lang='lat' dir='ltr'>non</span> <span class='ocrx_word' id='word_1_94' title='bbox 825 930 1075 986; x_wconf 84' lang='lat' dir='ltr'>solidatum,</span> <span class='ocrx_word' id='word_1_95' title='bbox 1096 929 1204 990; x_wconf 83' lang='lat' dir='ltr'>quid</span> <span class='ocrx_word' id='word_1_96' title='bbox 1224 929 1340 974; x_wconf 86' lang='lat' dir='ltr'>valet</span> <span class='ocrx_word' id='word_1_97' title='bbox 1362 928 1483 989; x_wconf 83' lang='lat' dir='ltr'>quod</span> <span class='ocrx_word' id='word_1_98' title='bbox 1501 929 1634 973; x_wconf 87' lang='lat' dir='ltr'>habet</span> <span class='ocrx_word' id='word_1_99' title='bbox 1651 931 1860 990; x_wconf 77' lang='lat' dir='ltr'>januam?</span> 
     </span>
     <span class='ocr_line' id='line_1_12' title="bbox 529 1001 1860 1060; baseline -0.002 -14"><span class='ocrx_word' id='word_1_100' title='bbox 529 1002 571 1046; x_wconf 87' lang='lat' dir='ltr'>Si</span> <span class='ocrx_word' id='word_1_101' title='bbox 593 1002 840 1056; x_wconf 87' lang='lat' dir='ltr'>intraveris,</span> <span class='ocrx_word' id='word_1_102' title='bbox 868 1001 970 1045; x_wconf 88' lang='lat' dir='ltr'>foris</span> <span class='ocrx_word' id='word_1_103' title='bbox 992 1001 1210 1044; x_wconf 86' lang='lat' dir='ltr'>inveniris.</span> <span class='ocrx_word' id='word_1_104' title='bbox 1248 1019 1266 1041; x_wconf 87' lang='lat'>»</span> <span class='ocrx_word' id='word_1_105' title='bbox 1293 1001 1403 1053; x_wconf 87' lang='lat' dir='ltr'>Quia</span> <span class='ocrx_word' id='word_1_106' title='bbox 1429 1001 1546 1044; x_wconf 87' lang='lat' dir='ltr'>enim</span> <span class='ocrx_word' id='word_1_107' title='bbox 1567 1001 1645 1059; x_wconf 90' lang='lat' dir='ltr'>ipsi</span> <span class='ocrx_word' id='word_1_108' title='bbox 1673 1016 1761 1045; x_wconf 91' lang='lat' dir='ltr'>non</span> <span class='ocrx_word' id='word_1_109' title='bbox 1784 1016 1860 1060; x_wconf 86' lang='lat' dir='ltr'>per</span> 
     </span>
     <span class='ocr_line' id='line_1_13' title="bbox 463 1071 1860 1132; baseline -0.001 -16"><span class='ocrx_word' id='word_1_110' title='bbox 463 1074 643 1132; x_wconf 82' lang='lat' dir='ltr'>januam</span> <span class='ocrx_word' id='word_1_111' title='bbox 666 1072 943 1126; x_wconf 88' lang='lat' dir='ltr'>introierunt,</span> <span class='ocrx_word' id='word_1_112' title='bbox 958 1081 1000 1114; x_wconf 89' lang='lat' dir='ltr'>et</span> <span class='ocrx_word' id='word_1_113' title='bbox 1016 1073 1151 1131; x_wconf 85' lang='lat' dir='ltr'>janua</span> <span class='ocrx_word' id='word_1_114' title='bbox 1174 1071 1367 1130; x_wconf 84' lang='lat' dir='ltr'>ipsorum</span> <span class='ocrx_word' id='word_1_115' title='bbox 1389 1087 1478 1115; x_wconf 92' lang='lat' dir='ltr'>non</span> <span class='ocrx_word' id='word_1_116' title='bbox 1500 1071 1765 1114; x_wconf 88' lang='lat' dir='ltr'>intromittit.</span> <span class='ocrx_word' id='word_1_117' title='bbox 1780 1074 1860 1115; x_wconf 90' lang='lat' dir='ltr'>Do-</span> 
     </span>
     <span class='ocr_line' id='line_1_14' title="bbox 468 1142 1855 1201; baseline -0.003 -15"><span class='ocrx_word' id='word_1_118' title='bbox 468 1144 611 1186; x_wconf 82' lang='lat' dir='ltr'>minus</span> <span class='ocrx_word' id='word_1_119' title='bbox 633 1143 748 1186; x_wconf 87' lang='lat' dir='ltr'>enim</span> <span class='ocrx_word' id='word_1_120' title='bbox 773 1143 877 1186; x_wconf 87' lang='lat' dir='ltr'>dicit</span> <span class='ocrx_word' id='word_1_121' title='bbox 900 1162 909 1186; x_wconf 81' lang='lat'>2</span> <span class='ocrx_word' id='word_1_122' title='bbox 933 1161 953 1183; x_wconf 91' lang='lat'>«</span> <span class='ocrx_word' id='word_1_123' title='bbox 975 1145 1068 1201; x_wconf 88' lang='lat' dir='ltr'>Ego</span> <span class='ocrx_word' id='word_1_124' title='bbox 1094 1158 1189 1185; x_wconf 90' lang='lat' dir='ltr'>sum</span> <span class='ocrx_word' id='word_1_125' title='bbox 1207 1143 1340 1201; x_wconf 84' lang='lat' dir='ltr'>janua</span> <span class='ocrx_word' id='word_1_126' title='bbox 1362 1177 1372 1196; x_wconf 84' lang='lat'>,</span> <span class='ocrx_word' id='word_1_127' title='bbox 1394 1158 1470 1201; x_wconf 86' lang='lat' dir='ltr'>per</span> <span class='ocrx_word' id='word_1_128' title='bbox 1495 1158 1562 1185; x_wconf 88' lang='lat' dir='ltr'>me</span> <span class='ocrx_word' id='word_1_129' title='bbox 1583 1142 1770 1186; x_wconf 88' lang='lat' dir='ltr'>intratur</span> <span class='ocrx_word' id='word_1_130' title='bbox 1786 1144 1815 1184; x_wconf 77' lang='lat'>².</span> <span class='ocrx_word' id='word_1_131' title='bbox 1835 1160 1855 1182; x_wconf 86' lang='lat'>»</span> 
     </span>
     <span class='ocr_line' id='line_1_15' title="bbox 469 1212 1861 1272; baseline 0.001 -18"><span class='ocrx_word' id='word_1_132' title='bbox 469 1214 549 1266; x_wconf 88' lang='lat' dir='ltr'>Qui</span> <span class='ocrx_word' id='word_1_133' title='bbox 586 1224 688 1257; x_wconf 88' lang='lat' dir='ltr'>sunt</span> <span class='ocrx_word' id='word_1_134' title='bbox 720 1213 797 1272; x_wconf 87' lang='lat' dir='ltr'>qui</span> <span class='ocrx_word' id='word_1_135' title='bbox 834 1213 999 1256; x_wconf 83' lang='lat' dir='ltr'>intrant</span> <span class='ocrx_word' id='word_1_136' title='bbox 1036 1228 1112 1272; x_wconf 86' lang='lat' dir='ltr'>per</span> <span class='ocrx_word' id='word_1_137' title='bbox 1133 1214 1340 1271; x_wconf 78' lang='lat' dir='ltr'>januam?</span> <span class='ocrx_word' id='word_1_138' title='bbox 1360 1213 1444 1265; x_wconf 89' lang='lat' dir='ltr'>Qui</span> <span class='ocrx_word' id='word_1_139' title='bbox 1476 1212 1654 1269; x_wconf 78' lang='lat' dir='ltr'>gloriam</span> <span class='ocrx_word' id='word_1_140' title='bbox 1689 1213 1861 1256; x_wconf 88' lang='lat' dir='ltr'>Domini</span> 
     </span>
     <span class='ocr_line' id='line_1_16' title="bbox 469 1281 1862 1343; baseline 0 -17"><span class='ocrx_word' id='word_1_141' title='bbox 469 1293 691 1343; x_wconf 79' lang='lat' dir='ltr'>quaerunt,</span> <span class='ocrx_word' id='word_1_142' title='bbox 709 1299 798 1327; x_wconf 89' lang='lat' dir='ltr'>non</span> <span class='ocrx_word' id='word_1_143' title='bbox 820 1299 957 1327; x_wconf 87' lang='lat' dir='ltr'>suam.</span> <span class='ocrx_word' id='word_1_144' title='bbox 971 1284 1057 1336; x_wconf 91' lang='lat' dir='ltr'>Qui</span> <span class='ocrx_word' id='word_1_145' title='bbox 1080 1283 1247 1327; x_wconf 89' lang='lat' dir='ltr'>intrant</span> <span class='ocrx_word' id='word_1_146' title='bbox 1268 1298 1343 1341; x_wconf 87' lang='lat' dir='ltr'>per</span> <span class='ocrx_word' id='word_1_147' title='bbox 1359 1283 1570 1342; x_wconf 70' lang='lat' dir='ltr'>januam?</span> <span class='ocrx_word' id='word_1_148' title='bbox 1589 1282 1673 1336; x_wconf 90' lang='lat' dir='ltr'>Qui</span> <span class='ocrx_word' id='word_1_149' title='bbox 1695 1281 1862 1326; x_wconf 84' lang='lat' dir='ltr'>faciunt</span> 
     </span>
     <span class='ocr_line' id='line_1_17' title="bbox 473 1352 1860 1414; baseline -0.001 -16"><span class='ocrx_word' id='word_1_150' title='bbox 473 1354 593 1414; x_wconf 81' lang='lat' dir='ltr'>quod</span> <span class='ocrx_word' id='word_1_151' title='bbox 616 1354 783 1398; x_wconf 85' lang='lat' dir='ltr'>dietum</span> <span class='ocrx_word' id='word_1_152' title='bbox 812 1364 875 1398; x_wconf 87' lang='lat' dir='ltr'>est</span> <span class='ocrx_word' id='word_1_153' title='bbox 903 1374 912 1399; x_wconf 73' lang='grc' dir='ltr'>ε</span> <span class='ocrx_word' id='word_1_154' title='bbox 948 1374 967 1396; x_wconf 86' lang='lat'>«</span> <span class='ocrx_word' id='word_1_155' title='bbox 993 1357 1109 1398; x_wconf 87' lang='lat' dir='ltr'>Bene</span> <span class='ocrx_word' id='word_1_156' title='bbox 1131 1354 1328 1397; x_wconf 79' lang='lat' dir='ltr'>nuntiate</span> <span class='ocrx_word' id='word_1_157' title='bbox 1356 1353 1402 1396; x_wconf 92' lang='lat' dir='ltr'>in</span> <span class='ocrx_word' id='word_1_158' title='bbox 1439 1353 1640 1411; x_wconf 86' lang='lat' dir='ltr'>gentibus</span> <span class='ocrx_word' id='word_1_159' title='bbox 1681 1352 1860 1412; x_wconf 85' lang='lat' dir='ltr'>gloriam</span> 
     </span>
     <span class='ocr_line' id='line_1_18' title="bbox 471 1425 1860 1486; baseline 0.001 -20"><span class='ocrx_word' id='word_1_160' title='bbox 471 1443 492 1466; x_wconf 63' lang='lat'>³&gt;</span> <span class='ocrx_word' id='word_1_161' title='bbox 529 1428 638 1486; x_wconf 81' lang='lat' dir='ltr'>ejus.</span> <span class='ocrx_word' id='word_1_162' title='bbox 666 1427 747 1479; x_wconf 90' lang='lat' dir='ltr'>Qui</span> <span class='ocrx_word' id='word_1_163' title='bbox 770 1426 902 1470; x_wconf 84' lang='lat' dir='ltr'>intrat</span> <span class='ocrx_word' id='word_1_164' title='bbox 924 1441 1000 1485; x_wconf 88' lang='lat' dir='ltr'>per</span> <span class='ocrx_word' id='word_1_165' title='bbox 1016 1427 1196 1485; x_wconf 86' lang='lat' dir='ltr'>januam</span> <span class='ocrx_word' id='word_1_166' title='bbox 1211 1461 1222 1479; x_wconf 77' lang='lat'>,</span> <span class='ocrx_word' id='word_1_167' title='bbox 1248 1434 1394 1484; x_wconf 84' lang='lat' dir='ltr'>pastor</span> <span class='ocrx_word' id='word_1_168' title='bbox 1417 1425 1562 1468; x_wconf 88' lang='lat' dir='ltr'>ovium</span> <span class='ocrx_word' id='word_1_169' title='bbox 1581 1434 1668 1479; x_wconf 89' lang='lat' dir='ltr'>est,</span> <span class='ocrx_word' id='word_1_170' title='bbox 1690 1425 1749 1468; x_wconf 82' lang='lat' dir='ltr'>ait</span> <span class='ocrx_word' id='word_1_171' title='bbox 1772 1428 1860 1468; x_wconf 93' lang='lat' dir='ltr'>Do-</span> 
     </span>
     <span class='ocr_line' id='line_1_19' title="bbox 471 1493 1859 1555; baseline 0.001 -19"><span class='ocrx_word' id='word_1_172' title='bbox 471 1514 491 1536; x_wconf 82' lang='lat'>»</span> <span class='ocrx_word' id='word_1_173' title='bbox 528 1496 670 1539; x_wconf 90' lang='lat' dir='ltr'>minus</span> <span class='ocrx_word' id='word_1_174' title='bbox 693 1515 700 1540; x_wconf 92' lang='lat'>:</span> <span class='ocrx_word' id='word_1_175' title='bbox 737 1496 812 1555; x_wconf 87' lang='lat' dir='ltr'>qui</span> <span class='ocrx_word' id='word_1_176' title='bbox 835 1506 981 1539; x_wconf 82' lang='lat' dir='ltr'>autem</span> <span class='ocrx_word' id='word_1_177' title='bbox 1004 1511 1081 1554; x_wconf 86' lang='lat' dir='ltr'>per</span> <span class='ocrx_word' id='word_1_178' title='bbox 1102 1495 1229 1539; x_wconf 87' lang='lat' dir='ltr'>aliam</span> <span class='ocrx_word' id='word_1_179' title='bbox 1254 1504 1420 1554; x_wconf 86' lang='lat' dir='ltr'>partem</span> <span class='ocrx_word' id='word_1_180' title='bbox 1443 1494 1635 1538; x_wconf 86' lang='lat' dir='ltr'>ascendit</span> <span class='ocrx_word' id='word_1_181' title='bbox 1651 1530 1662 1548; x_wconf 86' lang='lat'>‚</span> <span class='ocrx_word' id='word_1_182' title='bbox 1687 1494 1760 1538; x_wconf 89' lang='lat' dir='ltr'>ille</span> <span class='ocrx_word' id='word_1_183' title='bbox 1787 1493 1859 1538; x_wconf 90' lang='lat' dir='ltr'>fur</span> 
     </span>
     <span class='ocr_line' id='line_1_20' title="bbox 471 1564 1859 1625; baseline 0.001 -19"><span class='ocrx_word' id='word_1_184' title='bbox 471 1584 490 1607; x_wconf 86' lang='lat'>»</span> <span class='ocrx_word' id='word_1_185' title='bbox 529 1575 592 1610; x_wconf 88' lang='lat' dir='ltr'>est</span> <span class='ocrx_word' id='word_1_186' title='bbox 613 1576 657 1610; x_wconf 88' lang='lat' dir='ltr'>et</span> <span class='ocrx_word' id='word_1_187' title='bbox 673 1565 783 1610; x_wconf 89' lang='lat' dir='ltr'>latro</span> <span class='ocrx_word' id='word_1_188' title='bbox 797 1569 829 1609; x_wconf 71' lang='lat'>².</span> <span class='ocrx_word' id='word_1_189' title='bbox 856 1584 874 1606; x_wconf 89' lang='lat'>»</span> <span class='ocrx_word' id='word_1_190' title='bbox 897 1566 978 1619; x_wconf 84' lang='lat' dir='ltr'>Qui</span> <span class='ocrx_word' id='word_1_191' title='bbox 1002 1581 1077 1625; x_wconf 88' lang='lat' dir='ltr'>per</span> <span class='ocrx_word' id='word_1_192' title='bbox 1093 1567 1273 1625; x_wconf 87' lang='lat' dir='ltr'>januam</span> <span class='ocrx_word' id='word_1_193' title='bbox 1294 1565 1444 1619; x_wconf 75' lang='lat' dir='ltr'>intrat,</span> <span class='ocrx_word' id='word_1_194' title='bbox 1465 1564 1638 1608; x_wconf 86' lang='lat' dir='ltr'>humilis</span> <span class='ocrx_word' id='word_1_195' title='bbox 1659 1574 1722 1608; x_wconf 90' lang='lat' dir='ltr'>est</span> <span class='ocrx_word' id='word_1_196' title='bbox 1748 1584 1756 1608; x_wconf 91' lang='grc'>;</span> <span class='ocrx_word' id='word_1_197' title='bbox 1783 1565 1859 1624; x_wconf 87' lang='lat' dir='ltr'>qui</span> 
     </span>
     <span class='ocr_line' id='line_1_21' title="bbox 470 1634 1860 1696; baseline -0.001 -16"><span class='ocrx_word' id='word_1_198' title='bbox 470 1652 547 1696; x_wconf 86' lang='lat' dir='ltr'>per</span> <span class='ocrx_word' id='word_1_199' title='bbox 569 1637 696 1680; x_wconf 88' lang='lat' dir='ltr'>aliam</span> <span class='ocrx_word' id='word_1_200' title='bbox 720 1646 886 1695; x_wconf 86' lang='lat' dir='ltr'>partem</span> <span class='ocrx_word' id='word_1_201' title='bbox 909 1635 1123 1691; x_wconf 84' lang='lat' dir='ltr'>ascendit,</span> <span class='ocrx_word' id='word_1_202' title='bbox 1150 1636 1363 1695; x_wconf 87' lang='lat' dir='ltr'>superbus</span> <span class='ocrx_word' id='word_1_203' title='bbox 1380 1644 1457 1679; x_wconf 85' lang='lat' dir='ltr'>est.</span> <span class='ocrx_word' id='word_1_204' title='bbox 1477 1634 1581 1679; x_wconf 87' lang='lat' dir='ltr'>Ideo</span> <span class='ocrx_word' id='word_1_205' title='bbox 1603 1635 1728 1679; x_wconf 83' lang='lat' dir='ltr'>illum</span> <span class='ocrx_word' id='word_1_206' title='bbox 1751 1635 1860 1679; x_wconf 77' lang='lat' dir='ltr'>dixit</span> 
     </span>
     <span class='ocr_line' id='line_1_22' title="bbox 467 1705 1859 1765; baseline -0.001 -15"><span class='ocrx_word' id='word_1_207' title='bbox 467 1706 651 1761; x_wconf 81' lang='lat' dir='ltr'>intrare,</span> <span class='ocrx_word' id='word_1_208' title='bbox 672 1706 798 1750; x_wconf 90' lang='lat' dir='ltr'>illum</span> <span class='ocrx_word' id='word_1_209' title='bbox 821 1707 1067 1750; x_wconf 84' lang='lat' dir='ltr'>ascendere.</span> <span class='ocrx_word' id='word_1_210' title='bbox 1097 1707 1183 1751; x_wconf 88' lang='lat' dir='ltr'>Sed</span> <span class='ocrx_word' id='word_1_211' title='bbox 1204 1705 1276 1749; x_wconf 88' lang='lat' dir='ltr'>ille</span> <span class='ocrx_word' id='word_1_212' title='bbox 1298 1705 1500 1750; x_wconf 87' lang='lat' dir='ltr'>intrando</span> <span class='ocrx_word' id='word_1_213' title='bbox 1523 1705 1728 1765; x_wconf 86' lang='lat' dir='ltr'>recipitur</span> <span class='ocrx_word' id='word_1_214' title='bbox 1753 1725 1762 1750; x_wconf 75' lang='grc' dir='ltr'>ε</span> <span class='ocrx_word' id='word_1_215' title='bbox 1787 1705 1859 1749; x_wconf 89' lang='lat' dir='ltr'>ille</span> 
     </span>
     <span class='ocr_line' id='line_1_23' title="bbox 467 1775 1858 1836; baseline 0 -16"><span class='ocrx_word' id='word_1_216' title='bbox 467 1776 744 1821; x_wconf 87' lang='lat' dir='ltr'>ascendendo</span> <span class='ocrx_word' id='word_1_217' title='bbox 773 1777 1082 1836; x_wconf 71' lang='lat' dir='ltr'>praecipitatur.</span> <span class='ocrx_word' id='word_1_218' title='bbox 1120 1796 1140 1819; x_wconf 87' lang='lat'>«</span> <span class='ocrx_word' id='word_1_219' title='bbox 1165 1777 1435 1821; x_wconf 86' lang='lat' dir='ltr'>Annuntiate</span> <span class='ocrx_word' id='word_1_220' title='bbox 1458 1776 1504 1819; x_wconf 88' lang='lat' dir='ltr'>in</span> <span class='ocrx_word' id='word_1_221' title='bbox 1538 1776 1739 1835; x_wconf 89' lang='lat' dir='ltr'>gentibus</span> <span class='ocrx_word' id='word_1_222' title='bbox 1762 1775 1858 1835; x_wconf 87' lang='lat' dir='ltr'>glo-</span> 
     </span>
     <span class='ocr_line' id='line_1_24' title="bbox 471 1847 1859 1908; baseline 0.003 -21"><span class='ocrx_word' id='word_1_223' title='bbox 471 1865 490 1888; x_wconf 85' lang='lat'>»</span> <span class='ocrx_word' id='word_1_224' title='bbox 526 1847 635 1891; x_wconf 90' lang='lat' dir='ltr'>riam</span> <span class='ocrx_word' id='word_1_225' title='bbox 662 1851 770 1908; x_wconf 83' lang='lat' dir='ltr'>ejus.</span> <span class='ocrx_word' id='word_1_226' title='bbox 802 1867 821 1888; x_wconf 88' lang='lat'>»</span> <span class='ocrx_word' id='word_1_227' title='bbox 853 1847 969 1900; x_wconf 91' lang='lat' dir='ltr'>Quid</span> <span class='ocrx_word' id='word_1_228' title='bbox 997 1857 1085 1903; x_wconf 83' lang='lat' dir='ltr'>est,</span> <span class='ocrx_word' id='word_1_229' title='bbox 1117 1867 1136 1890; x_wconf 91' lang='lat'>«</span> <span class='ocrx_word' id='word_1_230' title='bbox 1165 1851 1216 1891; x_wconf 94' lang='lat' dir='ltr'>In</span> <span class='ocrx_word' id='word_1_231' title='bbox 1245 1847 1476 1905; x_wconf 82' lang='lat' dir='ltr'>gentibus?</span> <span class='ocrx_word' id='word_1_232' title='bbox 1501 1866 1520 1888; x_wconf 73' lang='lat' dir='ltr'>n</span> <span class='ocrx_word' id='word_1_233' title='bbox 1548 1851 1677 1891; x_wconf 87' lang='lat' dir='ltr'>Forte</span> <span class='ocrx_word' id='word_1_234' title='bbox 1710 1856 1859 1906; x_wconf 84' lang='lat' dir='ltr'>gentes</span> 
     </span>
     <span class='ocr_line' id='line_1_25' title="bbox 468 1916 1855 1978; baseline 0.001 -18"><span class='ocrx_word' id='word_1_235' title='bbox 468 1917 752 1962; x_wconf 88' lang='lat' dir='ltr'>nominantur</span> <span class='ocrx_word' id='word_1_236' title='bbox 767 1927 810 1961; x_wconf 90' lang='lat' dir='ltr'>et</span> <span class='ocrx_word' id='word_1_237' title='bbox 825 1933 975 1976; x_wconf 85' lang='lat' dir='ltr'>paueae</span> <span class='ocrx_word' id='word_1_238' title='bbox 994 1937 1003 1962; x_wconf 72' lang='grc' dir='ltr'>ι</span> <span class='ocrx_word' id='word_1_239' title='bbox 1020 1928 1063 1962; x_wconf 89' lang='lat' dir='ltr'>et</span> <span class='ocrx_word' id='word_1_240' title='bbox 1076 1918 1220 1962; x_wconf 86' lang='lat' dir='ltr'>adhuc</span> <span class='ocrx_word' id='word_1_241' title='bbox 1239 1918 1372 1962; x_wconf 90' lang='lat' dir='ltr'>habet</span> <span class='ocrx_word' id='word_1_242' title='bbox 1386 1917 1505 1978; x_wconf 90' lang='lat' dir='ltr'>quod</span> <span class='ocrx_word' id='word_1_243' title='bbox 1521 1918 1637 1962; x_wconf 88' lang='lat' dir='ltr'>dicat</span> <span class='ocrx_word' id='word_1_244' title='bbox 1652 1916 1724 1962; x_wconf 87' lang='lat' dir='ltr'>illa</span> <span class='ocrx_word' id='word_1_245' title='bbox 1741 1933 1855 1978; x_wconf 87' lang='lat' dir='ltr'>pars,</span> 
     </span>
     <span class='ocr_line' id='line_1_26' title="bbox 467 1987 1860 2047; baseline 0.001 -17"><span class='ocrx_word' id='word_1_246' title='bbox 467 2003 567 2047; x_wconf 80' lang='lat' dir='ltr'>quae</span> <span class='ocrx_word' id='word_1_247' title='bbox 599 1988 731 2031; x_wconf 79' lang='lat' dir='ltr'>erexit</span> <span class='ocrx_word' id='word_1_248' title='bbox 762 1988 971 2046; x_wconf 86' lang='lat' dir='ltr'>parietem</span> <span class='ocrx_word' id='word_1_249' title='bbox 997 1987 1266 2031; x_wconf 88' lang='lat' dir='ltr'>dealbatum.</span> <span class='ocrx_word' id='word_1_250' title='bbox 1299 1991 1442 2041; x_wconf 87' lang='lat' dir='ltr'>Quare</span> <span class='ocrx_word' id='word_1_251' title='bbox 1474 2003 1563 2032; x_wconf 93' lang='lat' dir='ltr'>non</span> <span class='ocrx_word' id='word_1_252' title='bbox 1591 1997 1738 2046; x_wconf 86' lang='lat' dir='ltr'>gentes</span> <span class='ocrx_word' id='word_1_253' title='bbox 1757 1997 1860 2032; x_wconf 88' lang='lat' dir='ltr'>sunt</span> 
     </span>
     <span class='ocr_line' id='line_1_27' title="bbox 469 2057 1856 2115; baseline 0.001 -15"><span class='ocrx_word' id='word_1_254' title='bbox 469 2057 641 2101; x_wconf 87' lang='lat' dir='ltr'>Getulia</span> <span class='ocrx_word' id='word_1_255' title='bbox 659 2093 670 2112; x_wconf 85' lang='lat'>,</span> <span class='ocrx_word' id='word_1_256' title='bbox 701 2057 906 2102; x_wconf 84' lang='lat' dir='ltr'>Numidia</span> <span class='ocrx_word' id='word_1_257' title='bbox 927 2093 937 2112; x_wconf 89' lang='lat'>‚</span> <span class='ocrx_word' id='word_1_258' title='bbox 972 2058 1232 2102; x_wconf 85' lang='lat' dir='ltr'>Mauritania</span> <span class='ocrx_word' id='word_1_259' title='bbox 1250 2093 1260 2113; x_wconf 90' lang='lat'>‚</span> <span class='ocrx_word' id='word_1_260' title='bbox 1294 2058 1563 2115; x_wconf 79' lang='lat' dir='ltr'>Byzacium?</span> <span class='ocrx_word' id='word_1_261' title='bbox 1592 2058 1856 2114; x_wconf 82' lang='lat' dir='ltr'>Provinciae,</span> 
     </span>
     <span class='ocr_line' id='line_1_28' title="bbox 471 2128 1861 2188; baseline 0.002 -17"><span class='ocrx_word' id='word_1_262' title='bbox 471 2138 618 2187; x_wconf 87' lang='lat' dir='ltr'>gentes</span> <span class='ocrx_word' id='word_1_263' title='bbox 640 2138 756 2172; x_wconf 90' lang='lat' dir='ltr'>sunt.</span> <span class='ocrx_word' id='word_1_264' title='bbox 794 2128 976 2172; x_wconf 84' lang='lat' dir='ltr'>Auferat</span> <span class='ocrx_word' id='word_1_265' title='bbox 1007 2144 1251 2173; x_wconf 87' lang='lat' dir='ltr'>sermonem</span> <span class='ocrx_word' id='word_1_266' title='bbox 1288 2129 1534 2188; x_wconf 84' lang='lat' dir='ltr'>hypocrisi,</span> <span class='ocrx_word' id='word_1_267' title='bbox 1562 2129 1712 2187; x_wconf 89' lang='lat' dir='ltr'>parieti</span> <span class='ocrx_word' id='word_1_268' title='bbox 1740 2130 1861 2174; x_wconf 87' lang='lat' dir='ltr'>deal-</span> 
     </span>
     <span class='ocr_line' id='line_1_29' title="bbox 470 2198 1855 2254; baseline 0.001 -12"><span class='ocrx_word' id='word_1_269' title='bbox 470 2199 573 2242; x_wconf 87' lang='lat' dir='ltr'>bato</span> <span class='ocrx_word' id='word_1_270' title='bbox 590 2234 600 2254; x_wconf 92' lang='lat'>,</span> <span class='ocrx_word' id='word_1_271' title='bbox 626 2214 766 2243; x_wconf 89' lang='lat' dir='ltr'>sermo</span> <span class='ocrx_word' id='word_1_272' title='bbox 797 2200 900 2253; x_wconf 89' lang='lat' dir='ltr'>Dei,</span> <span class='ocrx_word' id='word_1_273' title='bbox 924 2198 1142 2243; x_wconf 80' lang='lat' dir='ltr'>aedificans</span> <span class='ocrx_word' id='word_1_274' title='bbox 1172 2199 1353 2242; x_wconf 90' lang='lat' dir='ltr'>domum</span> <span class='ocrx_word' id='word_1_275' title='bbox 1382 2208 1474 2243; x_wconf 90' lang='lat' dir='ltr'>toto</span> <span class='ocrx_word' id='word_1_276' title='bbox 1498 2199 1604 2243; x_wconf 84' lang='lat' dir='ltr'>orbe</span> <span class='ocrx_word' id='word_1_277' title='bbox 1626 2208 1855 2244; x_wconf 89' lang='lat' dir='ltr'>terrarum.</span> 
     </span>
     <span class='ocr_line' id='line_1_30' title="bbox 470 2269 1861 2329; baseline 0.001 -16"><span class='ocrx_word' id='word_1_278' title='bbox 470 2273 630 2314; x_wconf 88' lang='lat' dir='ltr'>Parum</span> <span class='ocrx_word' id='word_1_279' title='bbox 652 2279 716 2314; x_wconf 88' lang='lat' dir='ltr'>est</span> <span class='ocrx_word' id='word_1_280' title='bbox 736 2270 858 2329; x_wconf 86' lang='lat' dir='ltr'>quod</span> <span class='ocrx_word' id='word_1_281' title='bbox 881 2269 986 2314; x_wconf 77' lang='lat' dir='ltr'>dixit</span> <span class='ocrx_word' id='word_1_282' title='bbox 1012 2290 1019 2314; x_wconf 93' lang='lat'>:</span> <span class='ocrx_word' id='word_1_283' title='bbox 1049 2290 1070 2312; x_wconf 90' lang='lat'>«</span> <span class='ocrx_word' id='word_1_284' title='bbox 1094 2270 1363 2314; x_wconf 84' lang='lat' dir='ltr'>Annuntiate</span> <span class='ocrx_word' id='word_1_285' title='bbox 1386 2270 1430 2313; x_wconf 90' lang='lat' dir='ltr'>in</span> <span class='ocrx_word' id='word_1_286' title='bbox 1453 2270 1653 2328; x_wconf 88' lang='lat' dir='ltr'>gentibus</span> <span class='ocrx_word' id='word_1_287' title='bbox 1681 2269 1861 2328; x_wconf 85' lang='lat' dir='ltr'>gloriam</span> 
     </span>
     <span class='ocr_line' id='line_1_31' title="bbox 473 2339 1856 2402; baseline 0.004 -22"><span class='ocrx_word' id='word_1_288' title='bbox 473 2358 493 2381; x_wconf 89' lang='lat'>»</span> <span class='ocrx_word' id='word_1_289' title='bbox 529 2341 620 2400; x_wconf 83' lang='lat' dir='ltr'>ejus</span> <span class='ocrx_word' id='word_1_290' title='bbox 646 2358 655 2384; x_wconf 89' lang='lat'>:</span> <span class='ocrx_word' id='word_1_291' title='bbox 685 2358 704 2380; x_wconf 87' lang='lat'>»</span> <span class='ocrx_word' id='word_1_292' title='bbox 736 2355 790 2383; x_wconf 89' lang='lat' dir='ltr'>ne</span> <span class='ocrx_word' id='word_1_293' title='bbox 821 2339 987 2399; x_wconf 87' lang='lat' dir='ltr'>aliquas</span> <span class='ocrx_word' id='word_1_294' title='bbox 1010 2349 1158 2398; x_wconf 89' lang='lat' dir='ltr'>gentes</span> <span class='ocrx_word' id='word_1_295' title='bbox 1181 2349 1379 2399; x_wconf 75' lang='lat' dir='ltr'>exceptas</span> <span class='ocrx_word' id='word_1_296' title='bbox 1409 2350 1607 2399; x_wconf 86' lang='lat' dir='ltr'>putares,</span> <span class='ocrx_word' id='word_1_297' title='bbox 1632 2340 1856 2402; x_wconf 63' lang='lat' dir='ltr'>sequitufl,</span> 
     </span>
     <span class='ocr_line' id='line_1_32' title="bbox 472 2408 1640 2471; baseline -0.003 -16"><span class='ocrx_word' id='word_1_298' title='bbox 472 2420 515 2455; x_wconf 87' lang='lat' dir='ltr'>et</span> <span class='ocrx_word' id='word_1_299' title='bbox 537 2410 642 2454; x_wconf 87' lang='lat' dir='ltr'>dicit</span> <span class='ocrx_word' id='word_1_300' title='bbox 664 2429 673 2454; x_wconf 87' lang='lat'>:</span> <span class='ocrx_word' id='word_1_301' title='bbox 708 2429 728 2451; x_wconf 91' lang='lat'>«</span> <span class='ocrx_word' id='word_1_302' title='bbox 757 2413 810 2453; x_wconf 93' lang='lat' dir='ltr'>In</span> <span class='ocrx_word' id='word_1_303' title='bbox 832 2410 1037 2454; x_wconf 90' lang='lat' dir='ltr'>omnibus</span> <span class='ocrx_word' id='word_1_304' title='bbox 1055 2408 1229 2469; x_wconf 90' lang='lat' dir='ltr'>populis</span> <span class='ocrx_word' id='word_1_305' title='bbox 1248 2409 1460 2454; x_wconf 82' lang='lat' dir='ltr'>mirabilia</span> <span class='ocrx_word' id='word_1_306' title='bbox 1483 2413 1590 2471; x_wconf 81' lang='lat' dir='ltr'>ejus.</span> <span class='ocrx_word' id='word_1_307' title='bbox 1620 2429 1640 2451; x_wconf 81' lang='lat'>&gt;›</span> 
     </span>
    </p>

    <p class='ocr_par' dir='ltr' id='par_1_4' title="bbox 530 2480 1854 2539">
     <span class='ocr_line' id='line_1_33' title="bbox 530 2480 1854 2539; baseline 0.001 -15"><span class='ocrx_word' id='word_1_308' title='bbox 530 2482 607 2524; x_wconf 91' lang='lat' dir='ltr'>IV.</span> <span class='ocrx_word' id='word_1_309' title='bbox 637 2499 658 2521; x_wconf 86' lang='lat'>«</span> <span class='ocrx_word' id='word_1_310' title='bbox 683 2481 900 2534; x_wconf 86' lang='lat' dir='ltr'>Quoniam</span> <span class='ocrx_word' id='word_1_311' title='bbox 929 2496 1111 2539; x_wconf 83' lang='lat' dir='ltr'>magnus</span> <span class='ocrx_word' id='word_1_312' title='bbox 1135 2480 1344 2524; x_wconf 88' lang='lat' dir='ltr'>Dominus</span> <span class='ocrx_word' id='word_1_313' title='bbox 1366 2490 1408 2524; x_wconf 88' lang='lat' dir='ltr'>et</span> <span class='ocrx_word' id='word_1_314' title='bbox 1429 2480 1660 2525; x_wconf 84' lang='lat' dir='ltr'>laudabilis</span> <span class='ocrx_word' id='word_1_315' title='bbox 1683 2482 1808 2526; x_wconf 90' lang='lat' dir='ltr'>nimis</span> <span class='ocrx_word' id='word_1_316' title='bbox 1822 2482 1854 2525; x_wconf 76' lang='lat'>³.</span> 
     </span>
    </p>
   </div>
   <div class='ocr_carea' id='block_1_4' title="bbox 469 1020 479 1042">
    <p class='ocr_par' dir='ltr' id='par_1_5' title="bbox 469 1020 479 1042">
     <span class='ocr_line' id='line_1_34' title="bbox 469 1020 479 1042; baseline 0 0"><span class='ocrx_word' id='word_1_317' title='bbox 469 1020 479 1042; x_wconf 84' lang='lat'>)</span> 
     </span>
    </p>
   </div>
   <div class='ocr_carea' id='block_1_5' title="bbox 481 1021 489 1042">
    <p class='ocr_par' dir='ltr' id='par_1_6' title="bbox 481 1021 489 1042">
     <span class='ocr_line' id='line_1_35' title="bbox 481 1021 489 1042; textangle 90"><span class='ocrx_word' id='word_1_318' title='bbox 481 1021 489 1042; x_wconf 60' lang='grc' dir='ltr'>ν</span> 
     </span>
    </p>
   </div>
   <div class='ocr_carea' id='block_1_6' title="bbox 520 2563 1414 2614">
    <p class='ocr_par' dir='ltr' id='par_1_7' title="bbox 520 2563 1414 2614">
     <span class='ocr_line' id='line_1_36' title="bbox 520 2563 1414 2614; baseline 0 -18"><span class='ocrx_word' id='word_1_319' title='bbox 520 2571 529 2588; x_wconf 94' lang='lat'><em>¹</em></span> <span class='ocrx_word' id='word_1_320' title='bbox 551 2566 643 2596; x_wconf 86' lang='lat' dir='ltr'>Joan.</span> <span class='ocrx_word' id='word_1_321' title='bbox 664 2575 695 2606; x_wconf 82' lang='lat' dir='ltr'>x,</span> <span class='ocrx_word' id='word_1_322' title='bbox 716 2575 747 2614; x_wconf 70' lang='lat'>7.</span> <span class='ocrx_word' id='word_1_323' title='bbox 773 2582 813 2587; x_wconf 87' lang='lat'>-—</span> <span class='ocrx_word' id='word_1_324' title='bbox 831 2572 842 2587; x_wconf 86' lang='lat'>²</span> <span class='ocrx_word' id='word_1_325' title='bbox 869 2565 949 2596; x_wconf 93' lang='lat' dir='ltr'>lbid.</span> <span class='ocrx_word' id='word_1_326' title='bbox 973 2576 1002 2606; x_wconf 84' lang='lat'>1,</span> <span class='ocrx_word' id='word_1_327' title='bbox 1021 2573 1052 2596; x_wconf 89' lang='lat'>2.</span> <span class='ocrx_word' id='word_1_328' title='bbox 1076 2581 1115 2588; x_wconf 88' lang='lat'>—-·</span> <span class='ocrx_word' id='word_1_329' title='bbox 1136 2563 1149 2587; x_wconf 87' lang='lat'>3</span> <span class='ocrx_word' id='word_1_330' title='bbox 1169 2564 1257 2597; x_wconf 87' lang='lat' dir='ltr'>Psal.</span> <span class='ocrx_word' id='word_1_331' title='bbox 1283 2576 1356 2606; x_wconf 78' lang='lat' dir='ltr'>xcv,</span> <span class='ocrx_word' id='word_1_332' title='bbox 1382 2563 1414 2606; x_wconf 96' lang='grc'>4.</span> 
     </span>
    </p>
   </div>
   <div class='ocr_carea' id='block_1_7' title="bbox 1908 0 1926 803">
    <p class='ocr_par' dir='ltr' id='par_1_8' title="bbox 1908 0 1926 803">
     <span class='ocr_line' id='line_1_37' title="bbox 1908 0 1926 803; baseline 0 2536"><span class='ocrx_word' id='word_1_333' title='bbox 1908 0 1926 803; x_wconf 95' lang='lat' dir='ltr'> </span> 
     </span>
    </p>
   </div>
   <div class='ocr_carea' id='block_1_8' title="bbox 1919 801 1926 1218">
    <p class='ocr_par' dir='ltr' id='par_1_9' title="bbox 1919 801 1926 1218">
     <span class='ocr_line' id='line_1_38' title="bbox 1920 801 1926 822; baseline 0 0"><span class='ocrx_word' id='word_1_334' title='bbox 1920 801 1926 822; x_wconf 64' lang='grc' dir='ltr'><strong><em>τ</em></strong></span> 
     </span>
     <span class='ocr_line' id='line_1_39' title="bbox 1919 842 1926 886; baseline 0 0"><span class='ocrx_word' id='word_1_335' title='bbox 1919 842 1926 886; x_wconf 75' lang='grc' dir='ltr'>Ξ</span> 
     </span>
     <span class='ocr_line' id='line_1_40' title="bbox 1920 927 1926 962; baseline 0 0"><span class='ocrx_word' id='word_1_336' title='bbox 1920 927 1926 962; x_wconf 74' lang='grc' dir='ltr'>ἐ</span> 
     </span>
     <span class='ocr_line' id='line_1_41' title="bbox 1920 979 1926 988; baseline 0 0"><span class='ocrx_word' id='word_1_337' title='bbox 1920 979 1926 988; x_wconf 82' lang='grc'><em>.</em></span> 
     </span>
     <span class='ocr_line' id='line_1_42' title="bbox 1921 1064 1926 1082; baseline 0 0"><span class='ocrx_word' id='word_1_338' title='bbox 1921 1064 1926 1082; x_wconf 72' lang='grc' dir='ltr'>ι</span> 
     </span>
     <span class='ocr_line' id='line_1_43' title="bbox 1921 1106 1926 1115; baseline 0 0"><span class='ocrx_word' id='word_1_339' title='bbox 1921 1106 1926 1115; x_wconf 84' lang='grc'>.</span> 
     </span>
     <span class='ocr_line' id='line_1_44' title="bbox 1921 1123 1926 1146; baseline 0 0"><span class='ocrx_word' id='word_1_340' title='bbox 1921 1123 1926 1146; x_wconf 78' lang='grc' dir='ltr'>Ι</span> 
     </span>
     <span class='ocr_line' id='line_1_45' title="bbox 1921 1166 1926 1174; baseline 0 0"><span class='ocrx_word' id='word_1_341' title='bbox 1921 1166 1926 1174; x_wconf 92' lang='grc'><em>,</em></span> 
     </span>
     <span class='ocr_line' id='line_1_46' title="bbox 1922 1182 1926 1218; baseline 0 0"><span class='ocrx_word' id='word_1_342' title='bbox 1922 1182 1926 1218; x_wconf 68' lang='lat'>,2</span> 
     </span>
    </p>
   </div>
  </div>
 </body>
</html>
