1926 3339
385 256 626 283 ENARRATIO
660 259 701 284 ΙΝ
739 258 939 284 PSALMUM
974 260 1106 285 LXXX·
1339 254 1417 289 113

37 321 83 363 in
112 319 196 363 alio
227 320 396 364 Psalmo
429 319 619 365 dicitur:
649 339 665 360 «
694 321 779 380 Ipsi
814 320 868 364 de
897 322 1086 366 vanitate
1115 323 1161 366 in
1183 328 1366 369 unum¹.
1397 344 1419 367 »

37 391 243 443 Quamvis
280 390 538 449 opinionum
574 392 780 435 varietate
812 391 1086 448 discordent,
1117 393 1244 437 simili
1278 404 1424 439 tamen

36 459 226 504 vanitate
245 460 520 520 colligantur.
547 463 605 505 Et
625 462 758 506 nostis
775 463 875 522 quia
892 463 1056 507 vanitas
1080 472 1195 508 retro
1216 473 1279 508 cst
1295 500 1304 520 ,
1323 480 1427 524 pos-

36 530 168 574 terior
189 540 252 575 est
273 550 282 576 2
302 531 400 576 ideo
430 531 503 575 ille
524 548 623 593 quae
645 541 760 577 retro
783 532 945 577 oblitus
961 569 971 589 ,
1006 533 1051 578 id
1068 543 1130 578 est
1148 570 1158 590 ,
1189 535 1424 579 vanitatem

37 599 213 656 oblitus,
234 601 278 645 in
293 617 341 646 ea
359 617 458 662 quae
474 610 574 646 ante
591 612 709 658 sunt,
731 603 777 647 id
795 613 874 659 est,
894 604 939 647 in
960 605 1185 649 veritatem
1208 613 1423 661 extentus,

36 671 234 731 sequitur
264 671 320 716 ad
347 671 537 732 palmam
567 689 768 733 supernae
800 675 1040 719 vocationis
1066 675 1143 719 Dei
1175 676 1221 719 in
1253 676 1425 721 Christo

36 745 180 787 Jesu2.
206 746 323 802 Ergo
349 743 394 788 in
420 745 542 804 pejus
572 744 654 788 sibi
686 745 757 789 isti
781 747 1086 802 consentiunt,
1123 748 1318 807 quamvis
1340 746 1427 791 dis-

36 814 194 858 sentire
210 830 233 858 a
256 830 300 858 se
321 813 506 859 invicem
533 815 778 860 videantur.
813 815 917 860 Ideo
943 819 1123 861 Samson
1146 817 1305 862 caudas
1327 818 1428 862 vul-

35 885 158 945 pium
179 884 438 944 colligavit3.
465 885 628 945 Vulpes
651 886 878 931 insidiosos
906 887 1179 947 maximeque
1201 888 1428 933 haereticos

0 1003 4 1008 ,
36 955 305 1014 significant,
330 955 518 1011 dolosos,
548 956 866 1012 fraudulentos,
893 957 1136 1001 cavernosis
1159 956 1428 1003 anfractibus

35 1025 217 1071 latentes
239 1025 579 1086 et‘decipientes,
599 1026 731 1071 odore
747 1028 877 1071 etiam
896 1036 1008 1072 tetro
1029 1036 1245 1087 putentes.
1267 1030 1430 1074 Contra

37 1111 168 1157 quem
209 1096 389 1141 odorem
424 1096 528 1141 dicit
563 1097 797 1156 Apostolus
830 1117 838 1142 :
881 1116 901 1139 «
932 1097 1093 1143 Christi
1138 1097 1282 1142 bonus
1321 1098 1431 1144 odor

39 1185 60 1209 »
95 1182 243 1211 sumus
270 1167 317 1211 in
351 1168 471 1211 omni
501 1166 645 1212 10004.
680 1186 701 1209 n
736 1171 835 1212 Istae
868 1167 1020 1228 vulpes
1052 1168 1351 1226 significantur
1384 1171 1431 1214 in

36 1239 226 1285 Canticis
258 1238 527 1283 canticorum
543 1273 554 1295 ‚
581 1238 660 1282 ubi
687 1238 849 1284 dicitur
870 1259 878 1284 :
904 1259 924 1282 «
950 1240 1103 1300 Capite
1130 1240 1255 1284 nobis
1278 1241 1431 1300 vulpes

38 1325 66 1351 π
94 1309 271 1369 pusillas
289 1309 624 1354 exterminantes
646 1309 793 1354 vineas
805 1345 820 1365 ‚
843 1309 1028 1354 latentes
1052 1310 1097 1354 in
1120 1311 1313 1355 cavernis
1335 1320 1429 1355 tor-

37 1397 58 1422 »
94 1380 271 1424 tuosis⁵.
297 1380 450 1439 Capite
478 1380 625 1434 nohis,
648 1398 669 1421 »
703 1380 947 1425 convincite
980 1381 1106 1425 nobis
1136 1400 1144 1425 :
1175 1381 1291 1440 capis
1313 1382 1429 1425 enim

34 1465 132 1495 eum
149 1465 280 1510 quem
293 1450 348 1493 de
360 1448 545 1493 falsitate
559 1450 795 1494 convincis.
811 1450 1224 1495 Contradicentilms
1241 1451 1430 1510 denique

36 1520 277 1580 vulpeculis
299 1520 508 1575 Domino,
525 1529 569 1564 et
589 1519 837 1565 dicentibus
858 1540 866 1565 z
892 1539 912 1563 «
933 1524 984 1564 In
1003 1537 1090 1581 qua
1114 1530 1326 1580 potestate
1350 1522 1430 1565 ista

39 1613 58 1635 »
93 1592 229 1638 facis?
250 1591 528 1651 Respondete
558 1592 666 1636 mihi
699 1601 743 1636 et
770 1608 868 1647 vos,
896 1593 1064 1653 inquit,
1095 1609 1234 1636 unum
1265 1608 1430 1637 sermo-

38 1681 60 1706 »
93 1678 235 1708 neni:
267 1663 513 1722 Bapusnuffi
546 1662 726 1707 Joannss
757 1661 876 1707 unde
908 1662 1087 1707 efflst’de
1120 1662 1256 1718 cado,
1297 1679 1431 1708 an.ex

41 1753 60 1776 »
93 1733 371 1777 hominibus?
391 1751 410 1775 »
432 1732 598 1792 Vulpes
622 1741 769 1776 autem
791 1732 932 1777 solent
952 1732 1113 1776 habere
1131 1731 1238 1776 tales
1254 1731 1399 1777 foveas
1416 1769 1427 1789 ,

36 1813 87 1850 ut
102 1820 154 1849 ex
174 1820 263 1848 una
283 1813 406 1863 parte
422 1804 602 1859 intrent,
621 1813 728 1848 etex
745 1804 825 1847 alia
848 1813 970 1863 parte
991 1813 1166 1848 exeant:
1184 1803 1239 1848 ad
1257 1814 1430 1848 utrum-

36 1891 122 1937 que
144 1874 342 1920 foramen
369 1884 521 1934 captor
552 1874 753 1933 vulpium
787 1875 894 1918 retia
924 1874 1084 1933 posuit.
1116 1874 1254 1918 Dicite
1286 1875 1425 1919 mihi:

41 1963 62 1988 «
96 1948 159 1990 De
180 1943 294 1990 coelo
328 1953 417 1999 est,
443 1960 498 1988 an
520 1959 571 1988 ex
588 1944 867 1988 hominibus?
885 1961 905 1985 »
934 1945 1137 1989 Sentiunt
1164 1943 1227 1987 illi
1255 1960 1354 1988 eum
1377 1960 1429 1988 ex

37 2025 223 2077 utraque
241 2025 363 2076 parte
379 2014 612 2060 tetendisse
628 2016 748 2060 unde
775 2025 969 2075 caperet,
995 2024 1038 2059 et
1055 2015 1179 2059 aiunt
1205 2014 1322 2075 apud
1345 2031 1389 2059 se
1415 2035 1423 2060 ε

43 2108 64 2131 «
99 2088 142 2133 Si
163 2087 418 2142 dixerimus,
453 2087 660 2147 inquiunt
678 2122 688 2137 ,
718 2086 773 2130 de
799 2085 937 2141 coelo,
965 2086 1160 2130 dicturus
1183 2096 1246 2130 est
1267 2086 1391 2130 nobis
1416 2106 1424 2130 :

42 2176 62 2200 »
96 2163 237 2212 Quare
278 2173 380 2217 ergo
424 2173 516 2201 non
553 2155 822 2201 credidistis?
859 2155 938 2199 Ille
980 2156 1094 2199 enim
1130 2157 1427 2200 testimonium

42 2248 63 2271 n
96 2230 269 2275 Christo
291 2228 528 2289 perhibuit.
560 2228 603 2273 Si
626 2226 883 2281 dixerimus,
909 2227 963 2270 de
985 2235 1124 2281 terra,
1157 2225 1323 2285 lapidat
1349 2243 1427 2271 nos

44 2319 62 2342 »
96 2299 307 2361 populus,
332 2299 433 2360 quia
454 2307 505 2342 ut
525 2299 787 2358 Prophetam
813 2313 914 2342 eum
935 2297 1114 2341 habent.
1140 2316 1159 2338 n
1185 2297 1427 2341 Senticntcs

41 2385 143 2430 ergo
164 2371 246 2415 hac
268 2379 400 2430 atque
424 2371 506 2414 hac
529 2385 618 2414 esse
638 2370 756 2413 unde
783 2377 1057 2428 caperentur,
1079 2367 1396 2428 responderunt
1418 2387 1426 2412 :

45 2458 67 2483 «
97 2441 335 2487 Nescimus.
365 2457 384 2481 >›
404 2442 462 2484 Et
483 2439 692 2484 Dominus
721 2458 728 2484 2
758 2458 777 2480 «
800 2442 890 2484 Nec
912 2453 992 2496 ego
1016 2438 1137 2482 vobis
1158 2437 1256 2482 dico
1279 2438 1323 2481 in
1343 2453 1428 2498 qua

89 2542 98 2560 ¹
115 2536 195 2568 Psal.
216 2548 278 2577 tn,
299 2548 350 2570 10.
378 2554 419 2559 —-
442 2544 454 2559 ²
479 2536 589 2578 Philip.
608 2547 653 2576 111,
680 2536 728 2566 13.
751 2553 790 2557 —
811 2533 1129 2575 3J11dic.x·v‚4.——
1151 2532 1165 2556 Δ
1183 2544 1201 2565 ¹).
1218 2536 1289 2566 Cor.
1311 2546 1347 2566 ii.
1376 2535 1424 2565 15.

44 2608 83 2614 —
102 2591 116 2615 ⁵
134 2595 224 2625 Cant.
245 2604 281 2633 ῃ,
306 2593 356 2624 15.

233 2656 371 2687 exvn.
1220 2646 1244 2682 8
