1926 3339
442 330 524 369 328
852 340 884 369 S.
924 341 1151 370 Aucusnm
1184 342 1362 370 Emscom

439 426 459 448 »
490 406 843 468 justificationem
861 410 1122 452 nostram1.»
1140 411 1249 452 Item
1267 406 1321 450 de
1340 406 1500 465 Spiritu
1518 415 1664 450 sancto
1678 409 1816 450 Evan-

437 479 600 537 gelium
630 497 638 522 :
668 497 688 519 «
717 478 923 536 Spiritus,
958 479 1128 538 inquit,
1164 478 1363 522 nondum
1396 487 1487 520 crat
1526 476 1678 530 datus,
1717 477 1816 536 quia

437 567 459 590 σι
496 552 618 593 Jesus
641 548 838 592 nondum
862 558 953 592 erat
974 550 1273 594 clarificatus&
1303 568 1322 590 »
1349 552 1456 602 Qua}
1477 558 1539 592 est
1568 547 1816 592 clarificatio

436 621 567 664 Jesu?
585 620 832 663 Resurrexit
849 628 891 662 et
919 619 1111 663 ascendit
1133 621 1176 663 in
1193 619 1370 663 coelum.
1394 623 1430 663 Α
1452 622 1541 663 Deo
1562 618 1819 662 clarificatus

437 690 685 734 ascensione
717 689 762 732 in
787 688 948 732 coelum
968 724 980 745 ,
1004 690 1120 734 misit
1144 690 1350 749 Spiritum
1373 705 1500 733 suum
1528 698 1726 733 sanctum
1750 688 1820 731 die

435 763 726 804 pentecostes.
749 761 801 801 In
822 761 935 816 Lege
953 769 1098 803 autem
1114 795 1124 814 ,
1150 760 1195 802 in
1219 759 1330 803 libro
1352 759 1492 816 Moysi
1514 759 1681 814 Exodo,
1708 775 1731 802 a
1752 758 1821 802 die

436 832 534 889 agni
558 831 685 876 occisi
707 841 750 875 et
775 831 1026 876 manducati
1047 832 1359 892 quinquaginta
1387 830 1477 875 dies
1506 838 1819 886 numerantur3

436 911 480 945 et
500 901 601 945 data
618 911 681 945 est
693 905 782 945 Lex
799 902 845 946 in
862 901 1021 946 tabulis
1042 902 1223 962 lapideis
1245 902 1403 961 scripta
1427 900 1564 959 digito
1578 901 1697 944 Deiss.
1710 897 1824 954 Quid

437 973 491 1016 sit
513 972 674 1031 digitus
697 973 798 1028 Dei,
828 973 1115 1032 Evangelium
1145 973 1271 1018 nobis
1298 973 1497 1033 exponit,
1530 972 1632 1031 quia
1664 971 1824 1029 digitus

436 1043 515 1088 Dei
542 1043 725 1102 Spiritus
757 1052 930 1087 sanctus
952 1053 1030 1087 est„
1057 1043 1289 1097 Quomodo
1312 1043 1577 1103 probamus?
1616 1042 1826 1086 Dominus

436 1113 704 1173 respondens
732 1114 789 1157 eis
826 1115 901 1174 qui
935 1113 1059 1157 illum
1083 1114 1288 1159 dicebant
1309 1115 1355 1158 in
1382 1114 1558 1157 nomine
1580 1112 1826 1156 Beelzebub

439 1185 594 1245 ejicere
616 1184 832 1228 daemonia
848 1221 859 1237 ,
889 1187 972 1229 ait:
1002 1205 1022 1227 «
1053 1187 1094 1231 Si
1128 1201 1206 1244 ego
1236 1187 1282 1229 in
1307 1186 1468 1245 Spiritu
1490 1185 1565 1229 Dei
1590 1184 1713 1244 ejicio
1735 1183 1827 1227 dae-

441 1273 463 1296 »
499 1255 644 1298 monia
658 1255 688 1297 4.
709 1254 864 1299 »Alius
882 1255 1157 1314 Evangelista
1174 1271 1274 1299 cum
1300 1256 1384 1300 hoc
1402 1264 1611 1309 narraret,
1629 1255 1704 1299 «Si
1723 1269 1802 1312 ego
1814 1289 1824 1308 ‚

443 1343 464 1366 »
501 1324 660 1384 inquit,
683 1325 729 1368 in
751 1324 889 1383 digito
911 1325 989 1369 Dei
1011 1326 1134 1386 ejicio
1156 1324 1370 1370 daemonia
1390 1328 1420 1369 ⁵.
1441 1343 1460 1366 »
1483 1324 1609 1378 Quod
1630 1340 1733 1383 ergo
1756 1339 1829 1383 po-

439 1394 570 1436 situm
593 1403 655 1437 est
675 1394 722 1437 in
759 1411 849 1439 uno
871 1404 1018 1454 aperte
1035 1431 1045 1450 ‚
1071 1397 1261 1455 positum
1288 1405 1351 1440 est
1386 1395 1432 1439 in
1458 1395 1593 1439 altero
1628 1395 1825 1439 obscure.

439 1464 669 1515 Nesciebas
691 1465 799 1525 quid
824 1467 877 1510 sit
899 1465 1060 1524 digitus
1083 1467 1175 1522 Dei,
1201 1467 1379 1526 exponit
1403 1466 1512 1510 alius
1537 1465 1827 1525 Evangelista‚

440 1535 587 1580 dicens
610 1552 710 1580 eum
734 1552 823 1581 esse
848 1538 1055 1597 Spiritum
1075 1538 1166 1581 Dei.
1189 1538 1330 1595 Digito
1352 1553 1453 1596 ergo
1472 1538 1549 1582 Dei
1571 1538 1729 1597 scripta
1746 1541 1833 1581 Lex

441 1607 543 1651 data
561 1616 625 1651 est
646 1606 715 1651 die
738 1608 1098 1669 quinquagesimo
1117 1609 1171 1652 ab
1196 1609 1409 1653 occisione
1432 1609 1531 1667 agni
1547 1645 1557 1664 ,
1583 1618 1626 1653 et
1650 1609 1833 1668 Spiritus

441 1688 615 1723 sanctus
632 1679 752 1723 venit
776 1678 846 1722 die
863 1680 1223 1740 quinquagesimo
1246 1697 1268 1724 a
1290 1681 1485 1740 passione
1508 1680 1676 1725 Domini
1698 1680 1833 1724 nostri

442 1752 545 1792 Jesu
568 1749 742 1793 Christi.
770 1750 946 1793 Occisus
968 1759 1030 1794 est
1054 1767 1190 1809 agnus
1209 1786 1220 1805 ,
1246 1749 1410 1794 factum
1447 1759 1510 1794 est
1539 1751 1700 1795 Pascha
1719 1785 1729 1805 ,
1752 1750 1834 1795 im-

441 1818 549 1878 pleti
566 1828 668 1862 sunt
687 1819 1003 1878 quinquaginta
1029 1820 1135 1874 dies,
1153 1821 1252 1864 data
1271 1830 1333 1864 est
1350 1824 1453 1864 Lex.
1479 1820 1562 1865 Sed
1580 1823 1668 1864 Lex
1683 1820 1757 1865 illa
1780 1820 1834 1865 ad

441 1890 645 1933 timorem
663 1924 673 1943 ,
694 1905 785 1933 non
800 1889 854 1932 ad
877 1905 1083 1934 amorem.
1109 1893 1162 1935 Ut
1185 1900 1331 1935 autem
1353 1890 1484 1934 timor
1506 1900 1834 1935 converteretur

440 1959 489 2003 in
510 1974 718 2014 amorem,
736 1960 900 2003 occisus
923 1969 985 2003 est
1002 1961 1143 2020 justus
1158 1961 1249 2020 jam
1271 1961 1317 2004 in
1339 1961 1519 2005 veritate
1535 1982 1546 2019 3
1560 1962 1682 2021 cujus
1702 1971 1834 2022 typus

440 2040 532 2074 erat
553 2030 626 2074 ille
649 2046 786 2089 agnus
803 2066 814 2086 ⁷
840 2047 972 2092 quem
995 2031 1252 2077 occidebant
1269 2035 1293 2076 J
1298 2032 1426 2076 udaei.
1448 2033 1723 2091 Resurrexit3
1745 2043 1788 2078 et
1811 2049 1835 2078 a

441 2100 512 2144 die
535 2102 710 2145 Paschae
732 2101 933 2157 Domini,
971 2102 1080 2147 sicut
1103 2119 1126 2146 a
1149 2102 1219 2147 die
1243 2104 1417 2148 Paschae
1442 2104 1543 2162 agni
1565 2104 1714 2160 occisi,
1746 2120 1834 2148 nu-

440 2181 668 2216 merantur
692 2173 1011 2233 quinquaginta
1043 2173 1161 2232 dies3
1188 2184 1230 2218 et
1252 2174 1370 2218 venit
1400 2174 1582 2233 Spiritus
1600 2177 1802 2219 sanctus⁶
1819 2211 1830 2231 ‚

436 2244 527 2303 jam
556 2243 600 2286 in
634 2242 906 2303 plenitudine
938 2244 1095 2288 amoris
1112 2280 1122 2299 ,
1149 2261 1238 2288 non
1262 2245 1307 2288 in
1329 2260 1459 2304 poena
1488 2245 1668 2290 timoris.
1695 2250 1834 2299 Quare

440 2314 525 2357 hoc
548 2313 667 2357 dixi?
700 2313 769 2357 Ad
791 2315 873 2358 hoc
896 2329 999 2372 ergo
1023 2315 1251 2359 resurrexit
1271 2316 1481 2359 Dominus
1503 2324 1545 2359 et
1571 2315 1834 2373 glorificatus

442 2393 520 2439 est,
536 2393 587 2428 ut
608 2384 800 2428 mitteret
825 2385 1033 2442 Spiritum
1053 2395 1265 2429 sanctum.
1280 2388 1336 2429 Et
1358 2385 1550 2429 dixeram
1569 2386 1832 2446 jamdudum

441 2454 544 2514 quia
565 2463 697 2513 caput
715 2454 761 2498 in
781 2454 896 2498 coelo
915 2465 977 2499 est
994 2491 1003 2507 ,
1026 2456 1156 2514 pedes
1173 2456 1218 2499 in
1242 2465 1370 2500 terra.
1400 2457 1441 2501 Si
1464 2466 1595 2516 caput
1616 2458 1662 2500 in
1684 2456 1798 2501 coelo
1817 2492 1828 2511 ‚

436 2524 568 2585 pedes
584 2525 630 2568 in
647 2534 782 2583 terra3
799 2525 906 2585 quid
927 2536 990 2570 est
1007 2526 1137 2586 pedes
1155 2528 1326 2571 Domini
1351 2527 1396 2571 in
1417 2530 1561 2572 terra?
1580 2528 1726 2572 Sancti
1744 2531 1832 2572 Do-

484 2628 493 2643 ¹
517 2624 607 2653 Rom.
625 2632 670 2663 lv,
689 2622 741 2654 25.
762 2639 803 2645 —
824 2629 836 2644 ²
851 2625 941 2654 Joan.
964 2634 1023 2660 vu,
1043 2622 1096 2664 39.
1118 2640 1160 2645 —
1175 2621 1298 2655 ³Exod.
1321 2623 1533 2664 ¹11,19.—4
1553 2624 1669 2655 Matth.
1687 2635 1754 2665 xm,
1769 2623 1826 2655 28.

437 2694 478 2698 —
494 2675 507 2698 5
530 2679 606 2709 Luc.
625 2688 668 2717 xi,
687 2686 740 2709 20.
762 2695 801 2700 —
820 2676 835 2696 ⁶
855 2682 925 2709 Act,
951 2689 984 2718 u,
1009 2677 1074 2719 1-4.

1884 160 1894 271 ι

1886 278 1896 417 i

1889 422 1896 592 ξ
