1926 3339
387 278 628 307 manaa-no
662 280 706 305 m
741 277 946 306 PsALMUM
979 280 1164 307 Lxxvm.
1379 275 1432 313 73

45 343 159 386 enim
182 343 327 402 Asaph
348 344 574 401 Synagoga
591 342 916 402 interpretetur,
937 359 1037 404 quae
1055 353 1116 390 est
1134 349 1429 405 congregatio,

45 412 177 473 idque
200 429 361 458 nomen
383 415 580 459 usitatius
603 413 811 459 insederit
837 416 952 473 genti
975 414 1230 461 Judaeorum
1253 437 1260 461 ε
1288 427 1434 463 tamen

45 492 87 528 et
108 484 346 529 Ecclesiam
376 485 501 529 istam
526 500 650 545 posse
683 484 768 529 dici
798 486 1203 545 congregationem3
1239 498 1283 533 et
1310 488 1435 534 illum

44 564 234 600 veterem
256 555 469 615 populum
498 554 665 600 dictum
700 571 788 600 esse
820 557 1081 614 Ecclesiam,
1114 559 1204 619 jam
1238 559 1284 602 in
1315 559 1400 605 alio
1421 563 1434 586 ²

45 624 215 670 Psalmo
241 626 340 670 satis
364 635 601 687 aperteque
622 627 972 672 monstravimus.
1000 630 1105 674 Haec
1127 630 1259 687 igitur
1279 630 1435 675 Eccle-

43 697 104 740 sia
121 731 131 751 ‚
157 696 251 741 haec
274 696 506 752 haereditas
524 698 601 742 Dei
624 714 675 742 ex
692 698 1018 743 circumcisione
1035 708 1079 743 et
1097 701 1313 760 praeputio
1335 717 1437 746 con-

46 776 221 826 gregata
241 777 305 812 est
319 803 329 822 ‚
355 767 400 812 id
421 777 485 813 est
502 803 513 824 ,
542 784 593 813 ex
614 764 779 829 populo
802 768 933 812 Isra'e'l
955 778 997 813 et
1019 785 1070 813 ex
1091 771 1256 815 caeteris
1281 772 1435 817 Genti-

44 838 125 882 bus
143 873 153 892 ,
180 854 257 898 per
283 858 302 881 «
325 839 532 898 Lapidem
557 855 690 899 quem
713 838 1059 898 reprobaverunt
1081 840 1366 896 aedificantes,
1392 853 1436 886 et

47 926 65 948 »
102 907 242 952 factus
254 909 374 953 estin
387 918 519 969 caput
531 908 713 967 anguli‘2,
730 927 749 950 »
763 908 809 953 in
826 924 914 969 quo
932 909 1093 966 angulo
1114 918 1323 971 tanquam
1347 910 1436 956 duo

43 979 227 1040 parietes
260 979 314 1024 de
348 980 518 1026 diverso
553 982 775 1026 venientes
812 980 1138 1041 copularentur.
1189 1001 1205 1023 «
1235 986 1332 1042 Ipse
1374 993 1438 1029 est

46 1070 65 1092 »
102 1051 218 1095 enini
234 1066 314 1111 pax
330 1061 490 1108 nostra,
516 1053 591 1113 qui
608 1051 712 1097 fecit
736 1061 922 1113 utraque
944 1068 1110 1111 unum3
1134 1063 1185 1098 ut
1206 1053 1317 1099 duos
1336 1070 1438 1100 con-

45 1140 65 1163 »
100 1121 223 1166 deret
244 1124 288 1166 in
311 1138 353 1167 se
382 1124 428 1167 in
449 1139 589 1168 unum
611 1139 774 1169 novum
798 1125 1045 1179 hominem,
1072 1124 1235 1170 faciens
1258 1141 1410 1185 pacem
1424 1163 1433 1181 ‚

46 1212 66 1233 »
103 1202 144 1237 et
167 1193 434 1238 coadunaret
458 1204 668 1255 utrosque
689 1195 736 1238 in
759 1211 848 1240 uno
872 1210 1053 1255 corpore
1071 1198 1161 1240 Deo
1176 1198 1206 1239 3.
1237 1213 1257 1237 »
1275 1199 1326 1240 In
1348 1213 1437 1257 quo

43 1279 223 1323 corpore
256 1280 404 1309 sumus
434 1265 511 1309 filii
541 1266 644 1320 Dei⁷
680 1265 915 1310 clamantes
939 1282 946 1305 :
978 1285 999 1308 α
1026 1266 1178 1317 Abba,
1211 1270 1338 1310 Pater
1354 1268 1384 1309 4.
1414 1286 1434 1308 »

43 1334 171 1379 Abba
192 1344 371 1395 propter
392 1335 570 1381 illorum
601 1336 798 1395 linguam
815 1372 826 1391 ,
860 1340 986 1381 Pater
1012 1346 1190 1396 propter
1227 1346 1435 1382 nostram.

45 1408 138 1451 Hoc
160 1417 224 1451 est
253 1408 371 1451 enim
399 1407 525 1452 Abba
541 1443 552 1462 ,
578 1407 699 1468 quod.
720 1411 861 1452 Pater.
889 1408 1014 1452 Unde
1040 1408 1250 1452 Dominus
1272 1409 1349 1468 qui
1370 1408 1439 1453 di-

43 1477 103 1521 xit
121 1496 129 1520 :
157 1479 292 1521 «Non
314 1493 408 1521 sum
430 1478 584 1523 missus
601 1478 683 1522 nisi
701 1477 755 1522 ad
777 1494 876 1523 oves
890 1514 900 1533 ,
923 1494 1022 1538 quae
1040 1479 1263 1538 perierunt
1284 1479 1440 1524 domus

47 1567 66 1589 »
106 1547 280 1603 lsrael⁵‚
296 1566 316 1589 »
333 1547 566 1593 ostendens
588 1547 651 1592 illi
670 1549 790 1608 genti
812 1547 1026 1593 redditam
1049 1551 1291 1609 praesentiae
1310 1550 1440 1610 ipsius

44 1618 374 1679 promissionem
402 1639 409 1663 ;
436 1620 494 1664 ait
514 1629 660 1663 tamen
684 1618 766 1664 alio
788 1619 886 1664 loco
913 1640 920 1664 :
951 1638 970 1662 «
998 1620 1150 1664 Habeo
1177 1619 1279 1665 alias
1311 1636 1437 1677 oves,

47 1709 66 1731 »
103 1706 203 1750 quae
231 1705 322 1734 non
344 1700 446 1735 sunt
469 1690 523 1735 de
544 1691 629 1735 hoc
652 1689 782 1746 ovili,
807 1699 981 1750 oportet
1002 1706 1073 1735 me
1095 1700 1137 1735 et
1165 1691 1276 1751 ipsas
1299 1690 1441 1736 addu-

47 1779 67 1802 »
103 1776 201 1805 cere
216 1796 227 1815 ,
254 1770 304 1805 ut
324 1762 379 1805 sit
402 1777 516 1806 unus
539 1777 641 1821 grex
657 1770 702 1806 et.
722 1777 835 1806 unus
858 1762 1028 1821 pastor6
1051 1777 1059 1802 z
1092 1781 1107 1802 »
1135 1763 1295 1806 Gentes
1316 1763 1444 1820 signi-

45 1831 178 1876 ficans
195 1867 205 1886 ‚
245 1847 353 1891 quas
391 1841 483 1877 erat
528 1831 799 1877 adducturus
815 1868 826 1887 ‚
861 1848 951 1877 non
991 1831 1171 1893 quidem
1209 1849 1287 1893 per
1318 1849 1441 1877 suam

47 1903 320 1963 praesentiam
348 1903 646 1963 corporalem,
675 1902 857 1948 utillud
876 1919 1030 1948 verum
1052 1903 1106 1948 sit
1131 1923 1139 1947 ε
1170 1922 1188 1945 α
1214 1907 1312 1949 Non
1345 1920 1442 1949 sum

49 1993 68 2015 »
102 1973 256 2018 missus
278 1974 359 2018 nisi
378 1973 432 2018 ad
452 1964 552 2018 oves
567 2009 578 2028 ‚
604 1989 704 2034 quae
726 1973 951 2033 perierunt
970 1973 1126 2018 domus
1144 1973 1299 2018 Israel:
1330 1994 1348 2015 »
1369 1974 1444 2019 sed

47 2053 192 2088 tamen
218 2059 296 2103 per
327 2042 615 2103 Evangelium
638 2058 792 2097 suum,
826 2042 946 2103 quod
969 2053 1092 2088 erant
1121 2043 1442 2089 disseminaturi

51 2135 72 2157 «
107 2115 295 2174 Speciosi
316 2115 447 2174 pedes
477 2114 834 2158 annuntiantium
869 2130 1021 2175 pacem
1043 2151 1052 2166 ‚
1086 2115 1442 2160 annuntiantium

53 2206 69 2228 »
105 2185 266 2230 hona⁷.
291 2189 342 2230 ln
360 2200 535 2231 omnem
554 2186 671 2230 enim
692 2195 850 2229 terram
874 2186 975 2230 exiit
994 2202 1123 2231 sonus
1141 2202 1307 2240 eorum,
1333 2196 1377 2230 et
1398 2187 1444 2230 in

51 2275 70 2295 »
104 2256 211 2301 fines
246 2257 362 2301 orbis
394 2266 520 2300 terrae
548 2257 681 2301 verba
711 2258 906 2301 eorum&
938 2276 957 2297 η
986 2257 1097 2301 Hine
1136 2266 1181 2302 et
1207 2256 1441 2316 Apostolus

49 2327 106 2371 ait
134 2343 142 2367 ε
179 2347 197 2368 α
225 2327 329 2372 Dico
359 2342 462 2386 ergo
491 2328 713 2372 Christum
736 2330 884 2371 Jesum
917 2327 1164 2372 ministrum
1193 2327 1324 2372 suisse
1360 2327 1444 2372 cir-

52 2417 71 2439 »
107 2398 380 2443 eumcisionis
398 2408 574 2458 propter
593 2400 817 2444 veritatem
836 2399 913 2443 Dei
930 2400 984 2443 ad
1002 2398 1322 2445 confirmandas
1343 2415 1440 2459 pro-

98 2519 105 2533 ¹
125 2513 224 2554 Supra
237 2512 267 2544 in
283 2514 429 2543 Euam-afr.
450 2512 526 2544 Psal.
548 2523 667 2552 mxvu,
682 2523 714 2543 n.
741 2513 770 2543 3.
794 2529 834 2534 —-
856 2520 868 2534 ²
888 2512 965 2544 Psal.
986 2524 1080 2551 cxvu,
1096 2522 1149 2545 22.
1177 2530 1219 2534 —
1235 2511 1247 2535 3
1268 2513 1382 2555 Ephes.
1402 2524 1438 2552 11,

55 2567 150 2607 »lg-16
193 2585 233 2591 —-
264 2567 279 2597 4
308 2571 398 2601 ΓιοιγιΔ
431 2580 505 2610 vin,
529 2570 581 2610 15,
609 2573 642 2601 et
660 2569 726 2601 Gal.
747 2580 789 2609 iv,
809 2569 842 2601 6.
863 2586 904 2591 ——
924 2567 938 2591 5
969 2569 1082 2601 Matth.
1100 2581 1152 2609 xv,
1173 2569 1228 2611 24.
1250 2587 1291 2591 -
1310 2567 1325 2592 6
1343 2572 1434 2601 Joan.

51 2635 84 2666 x,
107 2624 157 2656 ι6.
184 2642 226 2648 --
252 2633 264 2658 7
289 2627 378 2658 Rom.
400 2626 502 2666 x‚15.
526 2643 564 2648 -
585 2623 598 2647 8
619 2625 699 2657 Psal.
722 2637 814 2667 xviii,
837 2625 867 2657 5.
