1926 3339
489 323 541 359 28
912 331 944 356 s.
981 326 1204 354 auc-usnm
1234 326 1416 353 EPISCOPI

485 395 557 439 ille
570 395 765 439 interitus
784 409 805 437 a
828 391 1111 451 serpentibus,
1133 398 1175 433 et
1193 389 1248 433 ab
1266 389 1596 433 exterminatore
1618 385 1691 431 illa
1714 386 1860 446 perdi-

486 467 545 511 tio
562 502 572 521 ,
598 476 640 510 et
662 464 790 524 gladii
816 462 1041 508 trucidatio
1057 497 1067 516 ‚
1093 462 1241 519 figuroe
1263 460 1441 504 fuerunt
1457 495 1467 514 ‚
1504 460 1614 504 sieut
1641 457 1863 503 evidenter

484 535 589 579 dicit
611 534 868 593 Apostolus,
904 548 1003 576 cum
1035 530 1106 574 illa
1140 530 1283 574 omnia
1317 530 1551 589 contigisse
1583 526 1863 572 manifestum

485 606 538 649 sit
565 625 573 649 :
599 621 686 648 non
710 605 821 647 enim
846 604 905 646 ait
930 622 938 647 :
967 606 1018 645 In
1048 602 1183 658 ligura
1212 600 1485 654 dicebantur,
1519 598 1613 653 vel,
1642 602 1693 642 In
1726 598 1865 656 figura

484 675 640 733 scripta
663 682 788 728 sunt,
809 673 898 726 sed,
921 692 937 711 «
957 675 1007 714 In
1030 672 1183 729 figura,
1204 670 1362 730 inquit,
1385 669 1698 728 contingebant
1714 668 1795 711 illis
1813 687 1822 712 ε
1843 687 1860 707 ι)

484 754 645 804 quanto
680 745 838 802 majore
870 742 1089 799 diligentia
1122 741 1291 799 pietatis
1322 740 1526 783 cavendae
1563 734 1675 783 sunt'
1695 753 1860 798 poenae,

484 830 669 875 quarum
703 815 853 872 figurae
875 812 960 856 illae
983 812 1186 856 fuerunt!
1214 810 1372 855 Procul
1400 809 1536 854 dubio
1562 810 1724 870 quippe
1756 809 1867 853 sicut

483 888 527 930 in
556 886 680 929 bonis
713 886 839 929 rebus
875 884 1013 928 inulto
1043 883 1227 943 amplius
1260 882 1363 926 boni
1396 895 1459 926 est
1486 881 1533 924 in
1566 896 1615 925 eo
1649 879 1769 940 quod
1790 895 1867 939 per

483 957 667 1014 figuram
691 956 969 1014 significatur,
996 970 1127 1013 quam
1150 955 1195 997 in
1218 954 1307 1012 ipsa
1331 954 1469 1011 figura
1497 971 1505 995 :
1532 952 1591 994 ita
1613 951 1719 993 etin
1741 950 1866 995 malis

482 1025 611 1083 longe
637 1026 789 1085 utique
811 1027 953 1085 pejora
977 1034 1078 1068 sunt
1107 1039 1206 1083 quoe
1234 1023 1533 1082 significantur
1553 1020 1702 1080 figuris
1718 1056 1728 1076 ,
1765 1035 1867 1064 cum

482 1104 603 1139 tanta
625 1095 736 1139 mala
757 1096 843 1139 sint
859 1096 987 1139 etiam
1003 1094 1290 1154 significantes
1307 1094 1473 1151 figurze.
1490 1095 1599 1137 Nam
1622 1093 1733 1137 sicut
1754 1101 1867 1135 terra

483 1166 791 1225 promissionis,
812 1182 900 1226 quo
915 1165 989 1209 ille
1005 1164 1193 1224 populus
1213 1163 1471 1217 ducebatur,
1485 1163 1529 1206 in
1544 1162 1868 1221 comparatione

482 1237 606 1295 regni
627 1237 839 1281 coelorum
858 1235 967 1280 nihil
984 1246 1062 1290 est,
1081 1251 1169 1295 quo
1188 1236 1444 1279 christianus
1460 1233 1649 1294 populus
1665 1233 1864 1278 ducitur:

482 1306 540 1350 ita
562 1316 604 1350 et
621 1322 764 1365 poenae
787 1306 871 1349 illae
889 1322 987 1365 quae
1009 1307 1160 1363 figurae
1182 1303 1386 1360 fuerunt,
1412 1319 1514 1349 cum
1536 1314 1625 1348 tam
1648 1304 1733 1347 sint
1748 1313 1868 1348 atro-

482 1391 578 1429 ces,
614 1377 659 1419 in
687 1376 1008 1435 comparatione
1042 1391 1274 1434 poenarum
1307 1390 1414 1435 quas
1452 1374 1721 1432 significant,
1758 1372 1869 1417 nihil

481 1454 596 1489 sunt.
629 1447 744 1498 Quas
773 1454 919 1489 autem
948 1446 1106 1504 figuras
1132 1445 1238 1489 dixit
1260 1445 1520 1505 Apostolus,
1554 1460 1623 1488 eas
1652 1443 1869 1488 dicit'iste

483 1515 698 1570 Psalmus,
745 1525 959 1575 quantum
995 1516 1236 1559 existimare
1274 1531 1501 1576 possumus
1520 1551 1529 1570 ,
1563 1514 1789 1574 parabolas
1826 1522 1870 1557 et

483 1585 795 1644 propositiones
817 1604 826 1630 ε
852 1601 941 1629 non
963 1586 1009 1629 in
1031 1601 1082 1629 eo
1103 1586 1314 1630 habentes
1335 1586 1467 1629 finem
1486 1621 1496 1640 ,
1523 1584 1645 1646 quod
1672 1585 1870 1642 contige-

483 1665 612 1713 runt3
637 1656 711 1699 sed
733 1656 778 1698 in
800 1656 858 1700 eis
879 1657 1009 1700 rebus
1026 1691 1036 1711 ,
1061 1656 1115 1701 ad
1142 1672 1249 1717 quas
1276 1655 1523 1700 rationabili
1545 1655 1870 1714 comparatione

483 1724 746 1769 referuntur.
777 1727 1066 1770 Attendamus
1089 1742 1192 1785 ergo
1214 1726 1353 1784 legem
1375 1726 1454 1770 Dei
1475 1725 1664 1785 populus
1682 1727 1773 1785 ejus
1791 1760 1802 1780 ,
1828 1733 1872 1769 et

483 1795 739 1840 inclinemus
757 1813 905 1840 aurem
920 1807 1114 1842 nostram
1136 1798 1181 1841 in
1203 1798 1336 1842 verba
1358 1797 1442 1841 oris
1465 1799 1571 1856 ejus.

542 1869 616 1910 IV.
640 1887 660 1909 «
684 1869 909 1926 Aperiam,
930 1869 1099 1928 inquit,
1124 1868 1169 1911 in
1193 1866 1409 1927 parabolis
1433 1883 1478 1911 os
1501 1882 1668 1921 meum,
1691 1866 1871 1928 eloquar

487 1954 506 1977 »
542 1937 855 1996 propositiones
876 1939 930 1982 ab
952 1939 1119 1983 initi01.
1149 1958 1167 1980 »
1196 1941 1232 1982 A
1255 1954 1344 1998 quo
1365 1938 1491 1981 initio
1518 1938 1650 1990 dieat,
1670 1938 1769 1981 satis
1791 1953 1870 1997 ap-

483 2017 605 2065 paret
632 2009 676 2051 in
708 2009 1090 2068 consequentibus.
1120 2011 1217 2054 Non
1251 2008 1368 2051 enim
1395 2023 1445 2051 ex
1477 2023 1566 2067 quo
1601 2006 1766 2052 factum
1807 2017 1872 2052 est

483 2078 643 2121 coelum
662 2089 704 2124 et
730 2089 860 2134 terra,
885 2079 955 2123 vel
978 2096 1029 2123 ex
1046 2095 1134 2138 quo
1156 2088 1351 2123 creatum
1381 2088 1444 2122 est
1466 2079 1511 2122 in
1533 2080 1673 2138 primo
1694 2079 1872 2123 homine

483 2163 617 2206 genus
634 2151 873 2193 humanum
895 2171 905 2207 3
931 2150 1007 2194 sed
1024 2165 1075 2193 ex
1096 2166 1185 2209 quo
1201 2149 1352 2209 populi
1375 2151 1654 2208 congregatio
1677 2167 1777 2211 quae
1800 2149 1872 2194 ad-

483 2217 614 2262 ducta
634 2229 764 2262 estex
785 2223 976 2278 AEgypto
994 2239 1002 2264 ε
1024 2230 1072 2263 ut
1094 2235 1241 2264 sensus
1264 2221 1478 2279 pertineat
1499 2222 1553 2264 ad
1573 2222 1733 2280 Asaph,
1751 2219 1872 2281 quod

483 2289 794 2348 interpretatur
814 2291 1117 2349 Congregatio.
1147 2290 1231 2334 Sed
1255 2291 1422 2334 utinam
1442 2290 1516 2350 qui
1540 2289 1648 2335 dixit
1672 2310 1682 2335 t
1707 2310 1726 2333 «
1753 2294 1872 2350 Ape-

488 2376 507 2398 »
543 2359 649 2402 riam
671 2360 713 2402 in
737 2359 951 2418 parabolis
986 2376 1031 2404 os
1055 2375 1199 2403 meum
1216 2395 1226 2414 ,
1255 2379 1275 2401 »
1302 2361 1431 2404 etiam
1463 2360 1733 2404 intellectum
1766 2376 1871 2405 nos-

484 2437 599 2472 trum
616 2430 662 2472 in
686 2445 755 2473 eas
779 2431 942 2489 aperire
966 2431 1185 2489 dignetur.
1215 2432 1256 2475 Si
1282 2431 1398 2474 enim
1421 2431 1531 2475 sicut
1548 2447 1594 2475 os
1616 2447 1743 2475 suum
1767 2447 1870 2491 ape-

484 2500 570 2543 ruit
600 2500 645 2542 in
667 2500 883 2559 parabolis
903 2537 912 2555 ,
938 2501 995 2545 ita
1032 2502 1216 2561 aperiret
1242 2502 1371 2546 etiam
1400 2503 1511 2561 ipsas
1544 2502 1794 2561 parabolas3
1828 2511 1872 2547 et

484 2569 595 2613 sicut
627 2569 846 2630 eloquitur
871 2572 1212 2630 propositiones,
1241 2573 1299 2617 ita
1328 2572 1606 2631 eloqueretur
1645 2582 1690 2617 et
1721 2588 1870 2617 earum
1904 2587 1913 2596 ⁵

532 2660 539 2675 ¹
569 2653 650 2684 Psnl.
676 2664 797 2691 txxvu,
817 2664 848 2685 2.
