1926 3339
461 281 542 318 192
890 292 922 317 s.
960 289 1189 318 AUGUSTINI
1222 291 1403 318 Eriscopi

456 354 567 408 cias,
595 353 751 398 toleras
773 368 842 397 me
863 372 871 397 :
898 353 1040 406 «Quia
1065 362 1113 397 tu
1129 353 1269 398 suavis
1293 369 1358 408 65,
1383 355 1579 409 Domine,
1605 364 1648 398 et
1665 355 1795 399 mitis.
1813 373 1834 397 »

515 426 637 468 VIII.
657 443 676 466 «
703 426 760 468 Et
781 422 969 467 multum
986 423 1239 467 misericors.
1269 441 1288 464 »
1307 426 1404 468 Non
1418 425 1532 467 enim
1555 423 1693 468 solum
1711 425 1839 469 mise-

457 495 588 539 ricors
605 529 615 549 ,
641 494 717 537 56(1
734 529 744 548 ,
774 513 794 535 «
823 493 1013 539 Multum
1043 494 1295 538 misericors.
1324 513 1344 535 »
1382 494 1591 538 Abundat
1611 495 1726 538 enim
1753 495 1838 538 ini-

455 565 596 625 quitas
619 573 763 608 nostra
779 598 790 618 ,
825 563 1022 606 abundat
1038 572 1079 606 et
1103 562 1394 608 misericordia
1422 574 1510 608 tua.
1533 584 1551 606 «
1575 568 1631 609 Et
1650 563 1839 609 multum

459 652 479 674 »
515 633 752 677 misericors
785 648 827 675 es
857 631 1061 676 omnibus
1090 631 1394 676 invocantibus
1424 643 1480 677 te.
1510 653 1530 674 »
1556 637 1612 678 Et
1648 633 1757 694 quid
1777 644 1841 679 est

456 702 577 763 quod
600 702 705 746 dicit
727 701 874 745 multis
891 700 996 746 locis
1025 702 1271 761 Scriptura:
1297 721 1316 744 «
1341 703 1450 755 Quia
1474 704 1741 748 invocabunt
1760 739 1772 759 ‚
1797 714 1842 749 et

458 792 478 814 »
514 788 604 817 non
626 772 853 817 exaudiam
882 787 953 816 eos
970 774 983 798 ¹
1016 791 1025 816 ε
1050 774 1207 831 (Certe
1240 792 1259 815 «
1284 774 1523 818 Misericors
1551 775 1754 819 omnibus
1773 775 1842 820 in-

458 862 478 886 »
513 843 769 888 vocantibus
806 843 951 901 tezn)
986 842 1068 886 nisi
1105 843 1206 903 quia
1230 843 1408 903 quidam
1439 844 1713 901 invocantes,
1752 861 1841 890 non

453 913 598 973 ipsum
619 914 853 958 invocant?
875 913 930 956 de
952 912 1111 973 quibus
1126 913 1287 957 dicitur
1314 932 1322 958 :
1353 933 1372 955 «
1392 916 1528 958 Deum
1553 931 1642 959 non
1664 915 1842 960 invoca-

458 1002 478 1025 »
512 987 718 1030 verunt2.
744 1002 764 1025 »
790 987 1018 1039 Invoeant‚
1043 983 1118 1028 sed
1140 999 1229 1028 non
1245 987 1398 1028 Deum.
1427 988 1604 1030 Invocas
1627 985 1843 1046 quidquid

456 1070 571 1098 amas
594 1074 602 1099 :
628 1055 802 1099 invocas
826 1053 1044 1114 quidquid
1065 1055 1111 1097 in
1132 1064 1175 1098 te
1192 1070 1335 1109 vocas,
1354 1056 1521 1100 invocas
1543 1056 1760 1117 quidquid
1781 1057 1843 1102 vis

455 1134 505 1168 ut
525 1126 671 1170 veniat
687 1125 742 1168 ad
767 1134 820 1169 te.
857 1128 990 1169 Porro
1012 1125 1046 1168 si
1069 1128 1208 1168 Deum
1225 1135 1453 1184 propterea
1471 1127 1668 1184 invocas⁷
1693 1135 1742 1171 ut
1764 1143 1841 1173 ve-

457 1196 548 1240 niat
578 1195 633 1239 ad
656 1205 697 1239 te
722 1195 905 1255 pecunia
923 1230 933 1250 ‚
959 1205 1008 1239 ut
1038 1196 1183 1238 veniat
1212 1195 1266 1239 ad
1288 1205 1329 1238 te
1353 1196 1604 1252 haereditas,
1630 1209 1678 1241 ut
1698 1199 1844 1243 veniat

457 1266 511 1309 ad
531 1275 570 1309 te
587 1265 802 1310 saecularis
821 1265 1023 1323 dignitas,
1041 1264 1114 1308 illa
1132 1266 1304 1309 invocas
1319 1282 1416 1325 quse
1436 1267 1497 1310 vis
1521 1277 1569 1311 ut
1589 1268 1767 1312 veniant
1788 1268 1843 1312 ad

457 1346 531 1381 te:
569 1336 644 1380 sed
676 1340 815 1381 Deum
848 1336 928 1380 tibi
965 1337 1206 1396 adjutorem
1243 1338 1366 1396 ponis
1401 1338 1718 1397 cupiditatum,
1753 1355 1843 1384 non

457 1407 754 1451 exauditorem
777 1406 1105 1451 desideriorum.
1135 1410 1247 1451 Deus
1270 1408 1431 1463 bonus,
1456 1409 1489 1452 si
1519 1409 1593 1453 det
1620 1410 1740 1469 quod
1764 1411 1837 1456 vis.

455 1476 589 1532 Quid,
614 1477 648 1521 si
675 1476 786 1520 male
816 1477 877 1520 vis
897 1512 907 1532 ‚
938 1493 1083 1520 nonne
1112 1477 1192 1520 erit
1214 1479 1348 1536 magis
1380 1494 1469 1522 non
1502 1478 1648 1524 dando
1672 1480 1842 1524 miseri-

456 1550 581 1591 cors?
606 1551 739 1591 Porro
760 1582 770 1601 ,
808 1547 838 1590 si
872 1563 960 1590 non
979 1546 1148 1591 dederit
1164 1583 1174 1602 ⁷
1194 1548 1287 1606 jam
1309 1548 1418 1592 nihil
1443 1550 1518 1593 tibi
1542 1553 1654 1594 Deus
1677 1560 1740 1595 est
1767 1571 1775 1595 2
1801 1560 1842 1595 et

457 1618 561 1662 dieis
582 1638 589 1663 :
617 1621 840 1671 Quantum
865 1619 1012 1676 rogavi
1032 1653 1042 1672 ,
1070 1634 1201 1678 quam
1235 1634 1348 1678 saepe
1372 1621 1542 1677 rogavi,
1571 1630 1614 1665 ct
1635 1638 1722 1666 non
1746 1638 1843 1666 sum

456 1688 701 1732 exauditus!
722 1688 837 1741 Quid
859 1689 976 1731 enim
999 1689 1349 1747 petebas‘2Forte
1372 1699 1553 1733 mortem
1577 1691 1740 1736 inimici
1760 1693 1838 1736 tui.

456 1757 572 1811 Quid
591 1758 625 1801 si
643 1768 686 1802 et
707 1757 780 1801 ille
802 1758 978 1817 petebat
1001 1759 1249 1810 tuam?Qui
1270 1767 1312 1802 tc
1335 1760 1493 1803 creavit
1511 1760 1601 1819 ipse
1624 1771 1666 1805 et
1687 1760 1809 1805 illum
1828 1783 1839 1819 3

454 1829 587 1872 homo
611 1844 653 1871 es
674 1863 684 1883 ‚
712 1829 846 1872 homo
868 1837 931 1871 est
954 1838 996 1871 et
1018 1827 1090 1871 isse
1115 1847 1122 1872 :
1151 1831 1264 1872 Deus
1286 1838 1429 1872 autem
1450 1829 1586 1889 judex
1607 1840 1671 1875 est
1689 1852 1700 1890 3
1721 1831 1842 1876 audit

455 1899 631 1952 ambos,
669 1907 713 1942 et
742 1914 832 1942 non
861 1898 1040 1942 exaudit
1073 1898 1238 1942 ambos.
1275 1899 1420 1943 Tristis
1454 1915 1519 1955 65,
1553 1901 1656 1961 quia
1686 1918 1776 1946 non
1798 1918 1842 1947 es

456 1969 682 2013 exauditus
715 1978 866 2013 contra
896 1969 1022 2012 illum
1046 1988 1054 2013 :
1081 1969 1243 2026 gaude,
1278 1971 1379 2029 quia
1407 1986 1495 2015 non
1519 1981 1583 2016 est
1615 1973 1841 2018 exauditus

454 2050 603 2084 contra
630 2050 683 2084 te.
711 2043 805 2098 Ego
822 2075 832 2094 ‚
866 2040 1035 2099 inquis,
1067 2055 1157 2083 non
1185 2040 1269 2084 hoc
1306 2041 1507 2099 petebam
1533 2063 1544 2099 3
1569 2058 1657 2087 non
1678 2044 1840 2089 inimici

453 2112 539 2154 mei
560 2111 763 2171 petebam
787 2119 996 2165 mortem,
1022 2110 1097 2154 sed
1118 2112 1253 2154 vitam
1275 2112 1475 2170 petebam
1497 2112 1574 2156 filii
1602 2115 1701 2158 mei.
1724 2115 1841 2168 Quid

453 2182 552 2225 mali
577 2183 812 2241 petebam?
830 2181 945 2226 Nihil
963 2181 1064 2225 mali
1085 2182 1278 2240 petebas⁷
1295 2183 1406 2226 sicut
1427 2192 1473 2226 tu
1491 2185 1718 2229 sentiebas.
1732 2189 1840 2231 Nam

453 2251 561 2311 quid
581 2287 591 2305 ‚
629 2253 663 2295 si
691 2251 764 2296 ille
787 2260 934 2310 raptus
956 2260 1047 2306 est,
1079 2267 1134 2295 ne
1166 2252 1328 2296 malitia
1356 2262 1547 2297 mutaret
1568 2254 1839 2300 intellectum

451 2321 626 2366 illiusss?
647 2321 731 2366 Sed
748 2330 949 2381 peccator
965 2356 975 2376 ,
1001 2322 1146 2382 inquis
1167 2356 1177 2376 ‚
1199 2331 1311 2380 erat3
1337 2332 1380 2366 et
1401 2323 1499 2368 ideo
1516 2324 1715 2369 volebam
1737 2341 1839 2370 eum

452 2392 619 2447 vivere,
640 2401 690 2435 ut
711 2391 1014 2449 corrigeretur.
1035 2394 1100 2435 Tu
1116 2391 1291 2436 volebas
1313 2407 1412 2436 eum
1435 2393 1595 2449 vivere,
1621 2404 1671 2439 ut
1688 2395 1840 2440 melior

452 2472 563 2507 esset
581 2483 589 2508 :
610 2462 717 2522 quid
738 2463 770 2506 si
790 2466 901 2506 Deus
923 2472 1121 2518 noverat,
1140 2463 1174 2507 si
1196 2463 1374 2519 viveret,
1401 2466 1589 2524 pejorem
1609 2465 1839 2512 futurum?

454 2534 579 2578 Unde
602 2549 704 2592 ergo
736 2533 850 2578 nosti
876 2533 983 2593 quid
1005 2533 1068 2576 illi
1097 2533 1345 2593 prodesset,
1380 2535 1489 2580 mori
1523 2552 1578 2581 an
1598 2537 1771 2583 vivere?
1794 2538 1838 2584 Si

503 2623 512 2640 ¹
534 2619 627 2650 Prov.
644 2627 668 2659 1,
691 2617 746 2650 28.
770 2634 811 2640 -—
831 2623 844 2641 ²
863 2616 944 2649 Psal.
962 2627 1015 2658 ιιι,
1037 2615 1070 2649 6.
1092 2632 1134 2640 -·
1157 2615 1171 2640 3
1196 2618 1270 2660 Sap.
1287 2629 1333 2659 ιν,
1365 2629 1413 2651 11.
