<?xml version="1.0" encoding="UTF-8"?>
<!DOCTYPE html PUBLIC "-//W3C//DTD XHTML 1.0 Transitional//EN"
    "http://www.w3.org/TR/xhtml1/DTD/xhtml1-transitional.dtd">
<html xmlns="http://www.w3.org/1999/xhtml" xml:lang="en" lang="en">
 <head>
  <title>
</title>
<meta http-equiv="Content-Type" content="text/html;charset=utf-8" />
  <meta name='ocr-system' content='tesseract 3.04.00' />
  <meta name='ocr-capabilities' content='ocr_page ocr_carea ocr_par ocr_line ocrx_word'/>
</head>
<body>
  <div class='ocr_page' id='page_1' title='image "./operaomniaaccura10auguuoft_0052.png"; bbox 0 0 1926 3339; ppageno 0'>
   <div class='ocr_carea' id='block_1_1' title="bbox 479 308 1420 348">
    <p class='ocr_par' dir='ltr' id='par_1_1' title="bbox 479 308 1420 348">
     <span class='ocr_line' id='line_1_1' title="bbox 479 308 1420 348; baseline -0.013 0"><span class='ocrx_word' id='word_1_1' title='bbox 479 308 532 348; x_wconf 76' lang='lat'>42</span> <span class='ocrx_word' id='word_1_2' title='bbox 909 315 941 343; x_wconf 79' lang='lat' dir='ltr'>s.</span> <span class='ocrx_word' id='word_1_3' title='bbox 980 315 1206 342; x_wconf 74' lang='lat' dir='ltr'><strong>AUGUSTINI</strong></span> <span class='ocrx_word' id='word_1_4' title='bbox 1241 312 1420 338; x_wconf 68' lang='lat' dir='ltr'>muscom</span> 
     </span>
    </p>
   </div>
   <div class='ocr_carea' id='block_1_2' title="bbox 476 373 1926 1346">
    <p class='ocr_par' dir='ltr' id='par_1_2' title="bbox 476 373 1926 1067">
     <span class='ocr_line' id='line_1_2' title="bbox 480 373 1923 454; baseline -0.008 -28"><span class='ocrx_word' id='word_1_5' title='bbox 480 403 499 426; x_wconf 93' lang='lat'>»</span> <span class='ocrx_word' id='word_1_6' title='bbox 534 393 576 428; x_wconf 87' lang='lat' dir='ltr'>ct</span> <span class='ocrx_word' id='word_1_7' title='bbox 608 383 788 427; x_wconf 71' lang='lat' dir='ltr'>deduxit</span> <span class='ocrx_word' id='word_1_8' title='bbox 825 391 1030 440; x_wconf 80' lang='lat' dir='ltr'>tanquam</span> <span class='ocrx_word' id='word_1_9' title='bbox 1060 377 1240 422; x_wconf 76' lang='lat' dir='ltr'>[lumina</span> <span class='ocrx_word' id='word_1_10' title='bbox 1262 375 1417 435; x_wconf 82' lang='lat' dir='ltr'>aquas¹</span> <span class='ocrx_word' id='word_1_11' title='bbox 1445 392 1453 417; x_wconf 76' lang='lat' dir='ltr'>z</span> <span class='ocrx_word' id='word_1_12' title='bbox 1479 391 1497 414; x_wconf 87' lang='lat'>&gt;›</span> <span class='ocrx_word' id='word_1_13' title='bbox 1532 381 1673 432; x_wconf 88' lang='lat' dir='ltr'>potest</span> <span class='ocrx_word' id='word_1_14' title='bbox 1700 373 1851 432; x_wconf 87' lang='lat' dir='ltr'>utique</span> <span class='ocrx_word' id='word_1_15' title='bbox 1918 397 1923 454; x_wconf 42' lang='grc' dir='ltr'>ᾗ</span> 
     </span>
     <span class='ocr_line' id='line_1_3' title="bbox 476 442 1926 511; baseline -0.009 -12"><span class='ocrx_word' id='word_1_16' title='bbox 476 454 634 499; x_wconf 84' lang='lat' dir='ltr'>sitienti</span> <span class='ocrx_word' id='word_1_17' title='bbox 668 452 767 496; x_wconf 89' lang='lat' dir='ltr'>fidei</span> <span class='ocrx_word' id='word_1_18' title='bbox 795 451 960 495; x_wconf 88' lang='lat' dir='ltr'>donum</span> <span class='ocrx_word' id='word_1_19' title='bbox 994 448 1173 507; x_wconf 76' lang='lat' dir='ltr'>Spiritus</span> <span class='ocrx_word' id='word_1_20' title='bbox 1209 444 1367 497; x_wconf 81' lang='lat' dir='ltr'>sancti,</span> <span class='ocrx_word' id='word_1_21' title='bbox 1399 442 1520 504; x_wconf 88' lang='lat' dir='ltr'>quod</span> <span class='ocrx_word' id='word_1_22' title='bbox 1541 442 1614 487; x_wconf 84' lang='lat' dir='ltr'>illa</span> <span class='ocrx_word' id='word_1_23' title='bbox 1635 458 1702 486; x_wconf 88' lang='lat' dir='ltr'>res</span> <span class='ocrx_word' id='word_1_24' title='bbox 1735 451 1853 501; x_wconf 86' lang='lat' dir='ltr'>gesta</span> <span class='ocrx_word' id='word_1_25' title='bbox 1919 481 1926 511; x_wconf 58' lang='lat' dir='ltr'>tr</span> 
     </span>
     <span class='ocr_line' id='line_1_4' title="bbox 477 509 1923 583; baseline -0.009 -16"><span class='ocrx_word' id='word_1_26' title='bbox 477 522 722 583; x_wconf 81' lang='lat' dir='ltr'>spiritaliter</span> <span class='ocrx_word' id='word_1_27' title='bbox 755 519 1048 578; x_wconf 76' lang='lat' dir='ltr'>significabat,</span> <span class='ocrx_word' id='word_1_28' title='bbox 1084 513 1315 559; x_wconf 74' lang='lat' dir='ltr'>infundere</span> <span class='ocrx_word' id='word_1_29' title='bbox 1350 512 1406 557; x_wconf 91' lang='lat' dir='ltr'>de</span> <span class='ocrx_word' id='word_1_30' title='bbox 1433 512 1612 573; x_wconf 86' lang='lat' dir='ltr'>spiritali</span> <span class='ocrx_word' id='word_1_31' title='bbox 1645 521 1854 572; x_wconf 89' lang='lat' dir='ltr'>sequente</span> <span class='ocrx_word' id='word_1_32' title='bbox 1920 509 1923 570; x_wconf 76' lang='grc' dir='ltr'>ξ</span> 
     </span>
     <span class='ocr_line' id='line_1_5' title="bbox 478 581 1924 653; baseline -0.008 -17"><span class='ocrx_word' id='word_1_33' title='bbox 478 603 627 653; x_wconf 79' lang='lat' dir='ltr'>petra3</span> <span class='ocrx_word' id='word_1_34' title='bbox 659 590 777 651; x_wconf 86' lang='lat' dir='ltr'>quod</span> <span class='ocrx_word' id='word_1_35' title='bbox 811 598 873 633; x_wconf 90' lang='lat' dir='ltr'>est</span> <span class='ocrx_word' id='word_1_36' title='bbox 906 588 1099 633; x_wconf 85' lang='lat' dir='ltr'>Christus</span> <span class='ocrx_word' id='word_1_37' title='bbox 1127 604 1135 630; x_wconf 87' lang='lat'>:</span> <span class='ocrx_word' id='word_1_38' title='bbox 1171 584 1245 645; x_wconf 86' lang='lat' dir='ltr'>qui</span> <span class='ocrx_word' id='word_1_39' title='bbox 1268 583 1409 628; x_wconf 86' lang='lat' dir='ltr'>stabat</span> <span class='ocrx_word' id='word_1_40' title='bbox 1431 592 1473 626; x_wconf 91' lang='lat' dir='ltr'>et</span> <span class='ocrx_word' id='word_1_41' title='bbox 1494 583 1736 638; x_wconf 87' lang='lat' dir='ltr'>clamabat,</span> <span class='ocrx_word' id='word_1_42' title='bbox 1765 601 1787 624; x_wconf 89' lang='lat'>«</span> <span class='ocrx_word' id='word_1_43' title='bbox 1813 581 1857 627; x_wconf 89' lang='lat' dir='ltr'>Si</span> <span class='ocrx_word' id='word_1_44' title='bbox 1920 586 1924 629; x_wconf 72' lang='grc' dir='ltr'><strong>ἔ</strong></span> 
     </span>
     <span class='ocr_line' id='line_1_6' title="bbox 482 648 1926 721; baseline -0.008 -16"><span class='ocrx_word' id='word_1_45' title='bbox 482 681 502 705; x_wconf 91' lang='lat'>»</span> <span class='ocrx_word' id='word_1_46' title='bbox 537 662 632 721; x_wconf 85' lang='lat' dir='ltr'>quis</span> <span class='ocrx_word' id='word_1_47' title='bbox 649 660 762 714; x_wconf 85' lang='lat' dir='ltr'>sitit,</span> <span class='ocrx_word' id='word_1_48' title='bbox 787 659 931 703; x_wconf 87' lang='lat' dir='ltr'>veniat</span> <span class='ocrx_word' id='word_1_49' title='bbox 953 658 1007 700; x_wconf 86' lang='lat' dir='ltr'>ad</span> <span class='ocrx_word' id='word_1_50' title='bbox 1030 659 1126 699; x_wconf 58' lang='grc' dir='ltr'>1116·ἶ</span> <span class='ocrx_word' id='word_1_51' title='bbox 1148 673 1156 699; x_wconf 89' lang='lat'>:</span> <span class='ocrx_word' id='word_1_52' title='bbox 1177 673 1196 697; x_wconf 84' lang='lat'>»</span> <span class='ocrx_word' id='word_1_53' title='bbox 1228 663 1287 708; x_wconf 86' lang='lat' dir='ltr'>et,</span> <span class='ocrx_word' id='word_1_54' title='bbox 1305 673 1325 697; x_wconf 75' lang='grc' dir='ltr'>(ι</span> <span class='ocrx_word' id='word_1_55' title='bbox 1346 652 1463 707; x_wconf 89' lang='lat' dir='ltr'>Quid</span> <span class='ocrx_word' id='word_1_56' title='bbox 1486 652 1645 696; x_wconf 88' lang='lat' dir='ltr'>biberit</span> <span class='ocrx_word' id='word_1_57' title='bbox 1668 651 1723 696; x_wconf 91' lang='lat' dir='ltr'>de</span> <span class='ocrx_word' id='word_1_58' title='bbox 1745 667 1858 712; x_wconf 85' lang='lat' dir='ltr'>aqua</span> <span class='ocrx_word' id='word_1_59' title='bbox 1921 648 1926 719; x_wconf 60' lang='lat' dir='ltr'>ff</span> 
     </span>
     <span class='ocr_line' id='line_1_7' title="bbox 479 722 1859 791; baseline -0.008 -16"><span class='ocrx_word' id='word_1_60' title='bbox 479 750 501 775; x_wconf 83' lang='lat'>&gt;›</span> <span class='ocrx_word' id='word_1_61' title='bbox 535 745 667 791; x_wconf 88' lang='lat' dir='ltr'>quam</span> <span class='ocrx_word' id='word_1_62' title='bbox 699 744 777 786; x_wconf 82' lang='lat' dir='ltr'>ego</span> <span class='ocrx_word' id='word_1_63' title='bbox 809 727 949 782; x_wconf 82' lang='lat' dir='ltr'>dabo,</span> <span class='ocrx_word' id='word_1_64' title='bbox 974 725 1155 771; x_wconf 82' lang='lat' dir='ltr'>flumina</span> <span class='ocrx_word' id='word_1_65' title='bbox 1178 739 1303 784; x_wconf 84' lang='lat' dir='ltr'>aquae</span> <span class='ocrx_word' id='word_1_66' title='bbox 1340 723 1449 768; x_wconf 86' lang='lat' dir='ltr'>vivae</span> <span class='ocrx_word' id='word_1_67' title='bbox 1470 723 1610 766; x_wconf 80' lang='lat' dir='ltr'><strong>fluent</strong></span> <span class='ocrx_word' id='word_1_68' title='bbox 1631 722 1686 765; x_wconf 91' lang='lat' dir='ltr'>de</span> <span class='ocrx_word' id='word_1_69' title='bbox 1707 730 1859 766; x_wconf 87' lang='lat' dir='ltr'>ventre</span> 
     </span>
     <span class='ocr_line' id='line_1_8' title="bbox 480 790 1857 860; baseline -0.002 -19"><span class='ocrx_word' id='word_1_70' title='bbox 480 818 501 842; x_wconf 88' lang='lat'>»</span> <span class='ocrx_word' id='word_1_71' title='bbox 536 801 668 860; x_wconf 63' lang='lat' dir='ltr'>ejusss.</span> <span class='ocrx_word' id='word_1_72' title='bbox 710 801 803 842; x_wconf 93' lang='lat' dir='ltr'>Hoc</span> <span class='ocrx_word' id='word_1_73' title='bbox 826 798 939 841; x_wconf 89' lang='lat' dir='ltr'>enim</span> <span class='ocrx_word' id='word_1_74' title='bbox 965 795 1162 849; x_wconf 82' lang='lat' dir='ltr'>dicebat,</span> <span class='ocrx_word' id='word_1_75' title='bbox 1196 793 1308 837; x_wconf 85' lang='lat' dir='ltr'>sicut</span> <span class='ocrx_word' id='word_1_76' title='bbox 1335 792 1381 836; x_wconf 91' lang='lat' dir='ltr'>in</span> <span class='ocrx_word' id='word_1_77' title='bbox 1406 790 1644 850; x_wconf 85' lang='lat' dir='ltr'>Evangelio</span> <span class='ocrx_word' id='word_1_78' title='bbox 1665 791 1828 851; x_wconf 86' lang='lat' dir='ltr'>legitur</span> <span class='ocrx_word' id='word_1_79' title='bbox 1845 826 1857 847; x_wconf 85' lang='lat'>,</span> 
     </span>
     <span class='ocr_line' id='line_1_9' title="bbox 479 862 1926 928; baseline -0.008 -14"><span class='ocrx_word' id='word_1_80' title='bbox 479 889 501 913; x_wconf 84' lang='grc'>))</span> <span class='ocrx_word' id='word_1_81' title='bbox 536 870 590 914; x_wconf 89' lang='grc'>(16</span> <span class='ocrx_word' id='word_1_82' title='bbox 615 870 775 928; x_wconf 80' lang='lat' dir='ltr'>Spiritu</span> <span class='ocrx_word' id='word_1_83' title='bbox 802 883 931 928; x_wconf 88' lang='lat' dir='ltr'>quem</span> <span class='ocrx_word' id='word_1_84' title='bbox 956 866 1173 925; x_wconf 87' lang='lat' dir='ltr'>accepturi</span> <span class='ocrx_word' id='word_1_85' title='bbox 1203 873 1326 909; x_wconf 82' lang='lat' dir='ltr'>erant</span> <span class='ocrx_word' id='word_1_86' title='bbox 1344 862 1569 908; x_wconf 88' lang='lat' dir='ltr'>credentes</span> <span class='ocrx_word' id='word_1_87' title='bbox 1598 862 1645 906; x_wconf 89' lang='lat' dir='ltr'>in</span> <span class='ocrx_word' id='word_1_88' title='bbox 1666 862 1807 908; x_wconf 76' lang='lat' dir='ltr'>eum4.</span> <span class='ocrx_word' id='word_1_89' title='bbox 1834 879 1856 903; x_wconf 82' lang='lat'>»</span> <span class='ocrx_word' id='word_1_90' title='bbox 1923 862 1926 915; x_wconf 61' lang='grc' dir='ltr'>ᾗ</span> 
     </span>
     <span class='ocr_line' id='line_1_10' title="bbox 477 924 1926 1003; baseline -0.006 -17"><span class='ocrx_word' id='word_1_91' title='bbox 477 942 548 988; x_wconf 83' lang='lat' dir='ltr'>Ad</span> <span class='ocrx_word' id='word_1_92' title='bbox 568 956 698 1003; x_wconf 89' lang='lat' dir='ltr'>quern</span> <span class='ocrx_word' id='word_1_93' title='bbox 720 939 839 985; x_wconf 89' lang='lat' dir='ltr'>velut</span> <span class='ocrx_word' id='word_1_94' title='bbox 867 939 987 999; x_wconf 85' lang='lat' dir='ltr'>virga</span> <span class='ocrx_word' id='word_1_95' title='bbox 1021 938 1185 1000; x_wconf 82' lang='lat' dir='ltr'>lignum</span> <span class='ocrx_word' id='word_1_96' title='bbox 1214 934 1421 999; x_wconf 85' lang='lat' dir='ltr'>passionis</span> <span class='ocrx_word' id='word_1_97' title='bbox 1444 932 1621 980; x_wconf 87' lang='lat' dir='ltr'>accessit</span> <span class='ocrx_word' id='word_1_98' title='bbox 1636 967 1648 989; x_wconf 86' lang='lat'><strong>,</strong></span> <span class='ocrx_word' id='word_1_99' title='bbox 1668 942 1718 978; x_wconf 92' lang='lat' dir='ltr'>ut</span> <span class='ocrx_word' id='word_1_100' title='bbox 1744 948 1862 979; x_wconf 85' lang='lat' dir='ltr'>ema·</span> <span class='ocrx_word' id='word_1_101' title='bbox 1924 924 1926 972; x_wconf 75' lang='grc' dir='ltr'>ἶ</span> 
     </span>
     <span class='ocr_line' id='line_1_11' title="bbox 477 996 1926 1067; baseline -0.008 -11"><span class='ocrx_word' id='word_1_102' title='bbox 477 1021 601 1057; x_wconf 87' lang='lat' dir='ltr'>naret</span> <span class='ocrx_word' id='word_1_103' title='bbox 622 1010 899 1055; x_wconf 81' lang='lat' dir='ltr'>credentibus</span> <span class='ocrx_word' id='word_1_104' title='bbox 923 1008 1074 1067; x_wconf 82' lang='lat' dir='ltr'>gratia.</span> <span class='ocrx_word' id='word_1_105' title='bbox 1924 996 1926 1012; x_wconf 80' lang='lat'>&#39;</span> 
     </span>
    </p>

    <p class='ocr_par' dir='ltr' id='par_1_3' title="bbox 479 1063 1926 1346">
     <span class='ocr_line' id='line_1_12' title="bbox 536 1063 1926 1139; baseline -0.007 -13"><span class='ocrx_word' id='word_1_106' title='bbox 536 1084 656 1126; x_wconf 85' lang='lat' dir='ltr'><strong>XIV.</strong></span> <span class='ocrx_word' id='word_1_107' title='bbox 681 1083 738 1125; x_wconf 92' lang='lat' dir='ltr'>Et</span> <span class='ocrx_word' id='word_1_108' title='bbox 763 1090 908 1126; x_wconf 87' lang='lat' dir='ltr'>tamen</span> <span class='ocrx_word' id='word_1_109' title='bbox 935 1078 1019 1134; x_wconf 77' lang='lat' dir='ltr'>illi,</span> <span class='ocrx_word' id='word_1_110' title='bbox 1044 1087 1253 1139; x_wconf 82' lang='lat' dir='ltr'>tanquam</span> <span class='ocrx_word' id='word_1_111' title='bbox 1277 1073 1496 1135; x_wconf 79' lang='lat' dir='ltr'>generatio</span> <span class='ocrx_word' id='word_1_112' title='bbox 1517 1089 1649 1134; x_wconf 90' lang='lat' dir='ltr'>prava</span> <span class='ocrx_word' id='word_1_113' title='bbox 1676 1082 1719 1117; x_wconf 87' lang='lat' dir='ltr'>et</span> <span class='ocrx_word' id='word_1_114' title='bbox 1742 1087 1863 1117; x_wconf 88' lang='lat' dir='ltr'>ama-</span> <span class='ocrx_word' id='word_1_115' title='bbox 1924 1063 1926 1111; x_wconf 52' lang='grc'><strong>1</strong></span> 
     </span>
     <span class='ocr_line' id='line_1_13' title="bbox 479 1145 1926 1212; baseline -0.007 -14"><span class='ocrx_word' id='word_1_116' title='bbox 479 1153 641 1207; x_wconf 85' lang='lat' dir='ltr'>ricans,</span> <span class='ocrx_word' id='word_1_117' title='bbox 671 1171 690 1194; x_wconf 89' lang='lat'>«</span> <span class='ocrx_word' id='word_1_118' title='bbox 725 1154 1035 1212; x_wconf 82' lang='lat' dir='ltr'>Apposuerunt</span> <span class='ocrx_word' id='word_1_119' title='bbox 1057 1149 1199 1192; x_wconf 86' lang='lat' dir='ltr'>adhuc</span> <span class='ocrx_word' id='word_1_120' title='bbox 1221 1161 1400 1207; x_wconf 88' lang='lat' dir='ltr'>peccare</span> <span class='ocrx_word' id='word_1_121' title='bbox 1428 1146 1489 1189; x_wconf 85' lang='lat' dir='ltr'>ei⁵</span> <span class='ocrx_word' id='word_1_122' title='bbox 1513 1164 1522 1192; x_wconf 87' lang='grc'>;</span> <span class='ocrx_word' id='word_1_123' title='bbox 1550 1163 1570 1186; x_wconf 87' lang='grc'><em>»</em></span> <span class='ocrx_word' id='word_1_124' title='bbox 1592 1145 1639 1189; x_wconf 91' lang='lat' dir='ltr'>id</span> <span class='ocrx_word' id='word_1_125' title='bbox 1661 1154 1750 1199; x_wconf 78' lang='lat' dir='ltr'>est,</span> <span class='ocrx_word' id='word_1_126' title='bbox 1775 1159 1866 1189; x_wconf 92' lang='lat' dir='ltr'>non</span> <span class='ocrx_word' id='word_1_127' title='bbox 1924 1151 1926 1198; x_wconf 77' lang='lat' dir='ltr'><strong>j</strong></span> 
     </span>
     <span class='ocr_line' id='line_1_14' title="bbox 479 1214 1866 1278; baseline -0.005 -13"><span class='ocrx_word' id='word_1_128' title='bbox 479 1222 669 1266; x_wconf 90' lang='lat' dir='ltr'>credere.</span> <span class='ocrx_word' id='word_1_129' title='bbox 710 1224 818 1265; x_wconf 88' lang='lat' dir='ltr'>Nam</span> <span class='ocrx_word' id='word_1_130' title='bbox 841 1222 922 1264; x_wconf 90' lang='lat' dir='ltr'>hoc</span> <span class='ocrx_word' id='word_1_131' title='bbox 956 1229 1019 1263; x_wconf 86' lang='lat' dir='ltr'>est</span> <span class='ocrx_word' id='word_1_132' title='bbox 1039 1228 1267 1278; x_wconf 88' lang='lat' dir='ltr'>peccatum</span> <span class='ocrx_word' id='word_1_133' title='bbox 1283 1253 1294 1271; x_wconf 77' lang='lat'><em>‚</em></span> <span class='ocrx_word' id='word_1_134' title='bbox 1320 1217 1375 1261; x_wconf 90' lang='lat' dir='ltr'>de</span> <span class='ocrx_word' id='word_1_135' title='bbox 1397 1231 1485 1276; x_wconf 90' lang='lat' dir='ltr'>quo</span> <span class='ocrx_word' id='word_1_136' title='bbox 1516 1215 1658 1273; x_wconf 83' lang='lat' dir='ltr'>arguit</span> <span class='ocrx_word' id='word_1_137' title='bbox 1683 1214 1866 1274; x_wconf 86' lang='lat' dir='ltr'>Spiritus</span> 
     </span>
     <span class='ocr_line' id='line_1_15' title="bbox 480 1284 1868 1346; baseline -0.006 -9"><span class='ocrx_word' id='word_1_138' title='bbox 480 1291 713 1344; x_wconf 83' lang='lat' dir='ltr'>mundum,</span> <span class='ocrx_word' id='word_1_139' title='bbox 729 1292 839 1334; x_wconf 90' lang='lat' dir='ltr'>sicut</span> <span class='ocrx_word' id='word_1_140' title='bbox 861 1290 1070 1334; x_wconf 90' lang='lat' dir='ltr'>Dominus</span> <span class='ocrx_word' id='word_1_141' title='bbox 1093 1289 1219 1333; x_wconf 88' lang='lat' dir='ltr'>dicit:</span> <span class='ocrx_word' id='word_1_142' title='bbox 1237 1291 1334 1332; x_wconf 87' lang='lat' dir='ltr'>«De</span> <span class='ocrx_word' id='word_1_143' title='bbox 1354 1294 1534 1345; x_wconf 86' lang='lat' dir='ltr'>peccato</span> <span class='ocrx_word' id='word_1_144' title='bbox 1551 1284 1745 1346; x_wconf 81' lang='lat' dir='ltr'>quidem,</span> <span class='ocrx_word' id='word_1_145' title='bbox 1765 1284 1868 1345; x_wconf 88' lang='lat' dir='ltr'>quia</span> 
     </span>
    </p>
   </div>
   <div class='ocr_carea' id='block_1_3' title="bbox 1910 0 1926 479">
    <p class='ocr_par' dir='ltr' id='par_1_4' title="bbox 1910 0 1926 479">
     <span class='ocr_line' id='line_1_16' title="bbox 1910 0 1926 479; baseline 0 2860"><span class='ocrx_word' id='word_1_146' title='bbox 1910 0 1926 479; x_wconf 95' lang='lat' dir='ltr'> </span> 
     </span>
    </p>
   </div>
   <div class='ocr_carea' id='block_1_4' title="bbox 483 1355 1926 1408">
    <p class='ocr_par' dir='ltr' id='par_1_5' title="bbox 483 1355 1926 1408">
     <span class='ocr_line' id='line_1_17' title="bbox 483 1355 1926 1408; baseline -0.003 -3"><span class='ocrx_word' id='word_1_147' title='bbox 483 1380 504 1408; x_wconf 88' lang='lat'>»</span> <span class='ocrx_word' id='word_1_148' title='bbox 540 1377 629 1406; x_wconf 90' lang='lat' dir='ltr'>nou</span> <span class='ocrx_word' id='word_1_149' title='bbox 646 1360 926 1405; x_wconf 88' lang='lat' dir='ltr'>crediderunt</span> <span class='ocrx_word' id='word_1_150' title='bbox 941 1360 985 1403; x_wconf 90' lang='lat' dir='ltr'>in</span> <span class='ocrx_word' id='word_1_151' title='bbox 1002 1375 1072 1404; x_wconf 89' lang='lat' dir='ltr'>me</span> <span class='ocrx_word' id='word_1_152' title='bbox 1085 1362 1117 1403; x_wconf 79' lang='lat'>⁶.</span> <span class='ocrx_word' id='word_1_153' title='bbox 1138 1362 1196 1404; x_wconf 93' lang='lat' dir='ltr'>Et</span> <span class='ocrx_word' id='word_1_154' title='bbox 1212 1358 1582 1403; x_wconf 85' lang='lat' dir='ltr'>exacerbaverunt</span> <span class='ocrx_word' id='word_1_155' title='bbox 1597 1355 1869 1401; x_wconf 82' lang='lat' dir='ltr'>Altissimum</span> <span class='ocrx_word' id='word_1_156' title='bbox 1925 1374 1926 1378; x_wconf 52' lang='lat'>¹</span> 
     </span>
    </p>
   </div>
   <div class='ocr_carea' id='block_1_5' title="bbox 481 1426 1926 2547">
    <p class='ocr_par' dir='ltr' id='par_1_6' title="bbox 481 1426 1926 2056">
     <span class='ocr_line' id='line_1_18' title="bbox 482 1426 1864 1493; baseline -0.008 -16"><span class='ocrx_word' id='word_1_157' title='bbox 482 1450 503 1477; x_wconf 70' lang='lat' dir='ltr'>n</span> <span class='ocrx_word' id='word_1_158' title='bbox 538 1434 584 1477; x_wconf 90' lang='lat' dir='ltr'>in</span> <span class='ocrx_word' id='word_1_159' title='bbox 605 1433 794 1478; x_wconf 83' lang='lat' dir='ltr'>siccitate</span> <span class='ocrx_word' id='word_1_160' title='bbox 815 1451 824 1477; x_wconf 90' lang='lat'>:</span> <span class='ocrx_word' id='word_1_161' title='bbox 849 1430 972 1493; x_wconf 88' lang='lat' dir='ltr'>quod</span> <span class='ocrx_word' id='word_1_162' title='bbox 989 1429 1061 1475; x_wconf 87' lang='lat' dir='ltr'>alii</span> <span class='ocrx_word' id='word_1_163' title='bbox 1083 1430 1253 1475; x_wconf 89' lang='lat' dir='ltr'>codices</span> <span class='ocrx_word' id='word_1_164' title='bbox 1271 1429 1434 1474; x_wconf 84' lang='lat' dir='ltr'>habent</span> <span class='ocrx_word' id='word_1_165' title='bbox 1450 1463 1461 1482; x_wconf 85' lang='lat'>,</span> <span class='ocrx_word' id='word_1_166' title='bbox 1492 1430 1576 1472; x_wconf 90' lang='lat' dir='ltr'>«In</span> <span class='ocrx_word' id='word_1_167' title='bbox 1597 1426 1827 1487; x_wconf 90' lang='lat' dir='ltr'>inaquoso,</span> <span class='ocrx_word' id='word_1_168' title='bbox 1843 1443 1864 1467; x_wconf 86' lang='lat'>»</span> 
     </span>
     <span class='ocr_line' id='line_1_19' title="bbox 481 1498 1926 1564; baseline -0.006 -16"><span class='ocrx_word' id='word_1_169' title='bbox 481 1502 602 1564; x_wconf 89' lang='lat' dir='ltr'>quod</span> <span class='ocrx_word' id='word_1_170' title='bbox 623 1502 678 1547; x_wconf 89' lang='lat' dir='ltr'>de</span> <span class='ocrx_word' id='word_1_171' title='bbox 706 1517 844 1562; x_wconf 85' lang='lat' dir='ltr'>graeco</span> <span class='ocrx_word' id='word_1_172' title='bbox 872 1512 932 1547; x_wconf 82' lang='lat' dir='ltr'>est</span> <span class='ocrx_word' id='word_1_173' title='bbox 957 1502 1218 1562; x_wconf 82' lang='lat' dir='ltr'>expressius,</span> <span class='ocrx_word' id='word_1_174' title='bbox 1240 1516 1319 1545; x_wconf 91' lang='lat' dir='ltr'>nec</span> <span class='ocrx_word' id='word_1_175' title='bbox 1344 1498 1462 1544; x_wconf 84' lang='lat' dir='ltr'>aliud</span> <span class='ocrx_word' id='word_1_176' title='bbox 1479 1513 1612 1560; x_wconf 86' lang='lat' dir='ltr'>quam</span> <span class='ocrx_word' id='word_1_177' title='bbox 1633 1498 1869 1545; x_wconf 81' lang='lat' dir='ltr'>siccitatem</span> <span class='ocrx_word' id='word_1_178' title='bbox 1925 1553 1926 1557; x_wconf 9' lang='grc' dir='ltr'><strong>Ἰ</strong></span> 
     </span>
     <span class='ocr_line' id='line_1_20' title="bbox 482 1570 1870 1634; baseline -0.004 -14"><span class='ocrx_word' id='word_1_179' title='bbox 482 1574 708 1634; x_wconf 82' lang='lat' dir='ltr'>significat.</span> <span class='ocrx_word' id='word_1_180' title='bbox 736 1576 891 1619; x_wconf 88' lang='lat' dir='ltr'>Utrum</span> <span class='ocrx_word' id='word_1_181' title='bbox 911 1574 956 1619; x_wconf 90' lang='lat' dir='ltr'>in</span> <span class='ocrx_word' id='word_1_182' title='bbox 972 1573 1046 1619; x_wconf 89' lang='lat' dir='ltr'>illa</span> <span class='ocrx_word' id='word_1_183' title='bbox 1069 1573 1202 1617; x_wconf 88' lang='lat' dir='ltr'>eremi</span> <span class='ocrx_word' id='word_1_184' title='bbox 1218 1572 1426 1627; x_wconf 82' lang='lat' dir='ltr'>siccitate,</span> <span class='ocrx_word' id='word_1_185' title='bbox 1451 1586 1508 1614; x_wconf 90' lang='lat' dir='ltr'>an</span> <span class='ocrx_word' id='word_1_186' title='bbox 1531 1570 1676 1631; x_wconf 91' lang='lat' dir='ltr'>potius</span> <span class='ocrx_word' id='word_1_187' title='bbox 1696 1570 1743 1614; x_wconf 89' lang='lat' dir='ltr'>in</span> <span class='ocrx_word' id='word_1_188' title='bbox 1766 1570 1870 1616; x_wconf 82' lang='lat' dir='ltr'>sua?</span> 
     </span>
     <span class='ocr_line' id='line_1_21' title="bbox 483 1639 1866 1703; baseline -0.004 -14"><span class='ocrx_word' id='word_1_189' title='bbox 483 1645 592 1700; x_wconf 83' lang='lat' dir='ltr'>Quia</span> <span class='ocrx_word' id='word_1_190' title='bbox 620 1644 722 1689; x_wconf 89' lang='lat' dir='ltr'>licet</span> <span class='ocrx_word' id='word_1_191' title='bbox 754 1644 966 1691; x_wconf 84' lang='lat' dir='ltr'>bibissent</span> <span class='ocrx_word' id='word_1_192' title='bbox 998 1643 1053 1689; x_wconf 93' lang='lat' dir='ltr'>de</span> <span class='ocrx_word' id='word_1_193' title='bbox 1082 1651 1204 1703; x_wconf 90' lang='lat' dir='ltr'>petra</span> <span class='ocrx_word' id='word_1_194' title='bbox 1219 1677 1231 1699; x_wconf 90' lang='lat'>,</span> <span class='ocrx_word' id='word_1_195' title='bbox 1255 1658 1345 1688; x_wconf 92' lang='lat' dir='ltr'>non</span> <span class='ocrx_word' id='word_1_196' title='bbox 1366 1650 1538 1686; x_wconf 81' lang='lat' dir='ltr'>ventres</span> <span class='ocrx_word' id='word_1_197' title='bbox 1556 1676 1568 1697; x_wconf 94' lang='lat'>‚</span> <span class='ocrx_word' id='word_1_198' title='bbox 1598 1639 1674 1685; x_wconf 88' lang='lat' dir='ltr'>sed</span> <span class='ocrx_word' id='word_1_199' title='bbox 1698 1649 1866 1686; x_wconf 86' lang='lat' dir='ltr'>mentes</span> 
     </span>
     <span class='ocr_line' id='line_1_22' title="bbox 484 1710 1870 1772; baseline -0.003 -12"><span class='ocrx_word' id='word_1_200' title='bbox 484 1714 622 1760; x_wconf 87' lang='lat' dir='ltr'>aridas</span> <span class='ocrx_word' id='word_1_201' title='bbox 648 1715 897 1769; x_wconf 85' lang='lat' dir='ltr'>habebant,</span> <span class='ocrx_word' id='word_1_202' title='bbox 922 1713 1043 1759; x_wconf 82' lang='lat' dir='ltr'>nulla</span> <span class='ocrx_word' id='word_1_203' title='bbox 1075 1714 1262 1760; x_wconf 87' lang='lat' dir='ltr'>virentes</span> <span class='ocrx_word' id='word_1_204' title='bbox 1285 1710 1572 1759; x_wconf 80' lang='lat' dir='ltr'>foecunditate</span> <span class='ocrx_word' id='word_1_205' title='bbox 1596 1711 1791 1772; x_wconf 78' lang='lat' dir='ltr'>justitiae.</span> <span class='ocrx_word' id='word_1_206' title='bbox 1818 1714 1870 1756; x_wconf 92' lang='lat' dir='ltr'>In</span> 
     </span>
     <span class='ocr_line' id='line_1_23' title="bbox 485 1781 1926 1846; baseline -0.003 -16"><span class='ocrx_word' id='word_1_207' title='bbox 485 1802 572 1846; x_wconf 83' lang='lat' dir='ltr'>qua</span> <span class='ocrx_word' id='word_1_208' title='bbox 593 1786 782 1830; x_wconf 81' lang='lat' dir='ltr'>siccitate</span> <span class='ocrx_word' id='word_1_209' title='bbox 799 1785 933 1844; x_wconf 81' lang='lat' dir='ltr'>magis</span> <span class='ocrx_word' id='word_1_210' title='bbox 950 1784 1137 1830; x_wconf 87' lang='lat' dir='ltr'>fideliter</span> <span class='ocrx_word' id='word_1_211' title='bbox 1155 1788 1244 1829; x_wconf 88' lang='lat' dir='ltr'>Deo</span> <span class='ocrx_word' id='word_1_212' title='bbox 1262 1783 1477 1843; x_wconf 88' lang='lat' dir='ltr'>supplices</span> <span class='ocrx_word' id='word_1_213' title='bbox 1496 1798 1587 1827; x_wconf 90' lang='lat' dir='ltr'>esse</span> <span class='ocrx_word' id='word_1_214' title='bbox 1607 1781 1868 1836; x_wconf 85' lang='lat' dir='ltr'>debuerant,</span> <span class='ocrx_word' id='word_1_215' title='bbox 1925 1839 1926 1842; x_wconf 11' lang='grc' dir='ltr'><strong>Ἴ</strong></span> 
     </span>
     <span class='ocr_line' id='line_1_24' title="bbox 485 1851 1871 1916; baseline -0.004 -15"><span class='ocrx_word' id='word_1_216' title='bbox 485 1866 535 1901; x_wconf 85' lang='lat' dir='ltr'>ut</span> <span class='ocrx_word' id='word_1_217' title='bbox 557 1856 632 1916; x_wconf 87' lang='lat' dir='ltr'>qui</span> <span class='ocrx_word' id='word_1_218' title='bbox 657 1856 897 1900; x_wconf 88' lang='lat' dir='ltr'>satietatem</span> <span class='ocrx_word' id='word_1_219' title='bbox 919 1855 1156 1900; x_wconf 89' lang='lat' dir='ltr'>donaverat</span> <span class='ocrx_word' id='word_1_220' title='bbox 1173 1855 1394 1909; x_wconf 84' lang='lat' dir='ltr'>faucibus,</span> <span class='ocrx_word' id='word_1_221' title='bbox 1419 1853 1669 1914; x_wconf 74' lang='lat' dir='ltr'>aequitatem</span> <span class='ocrx_word' id='word_1_222' title='bbox 1689 1851 1871 1897; x_wconf 87' lang='lat' dir='ltr'>donaret</span> 
     </span>
     <span class='ocr_line' id='line_1_25' title="bbox 485 1920 1871 1985; baseline -0.004 -15"><span class='ocrx_word' id='word_1_223' title='bbox 485 1935 529 1970; x_wconf 89' lang='lat' dir='ltr'>et</span> <span class='ocrx_word' id='word_1_224' title='bbox 549 1926 757 1970; x_wconf 85' lang='lat' dir='ltr'>moribus.</span> <span class='ocrx_word' id='word_1_225' title='bbox 783 1925 853 1970; x_wconf 90' lang='lat' dir='ltr'>Ad</span> <span class='ocrx_word' id='word_1_226' title='bbox 873 1941 972 1969; x_wconf 87' lang='lat' dir='ltr'>eum</span> <span class='ocrx_word' id='word_1_227' title='bbox 995 1925 1157 1985; x_wconf 89' lang='lat' dir='ltr'>quippe</span> <span class='ocrx_word' id='word_1_228' title='bbox 1171 1923 1311 1968; x_wconf 86' lang='lat' dir='ltr'>fidelis</span> <span class='ocrx_word' id='word_1_229' title='bbox 1333 1923 1476 1968; x_wconf 86' lang='lat' dir='ltr'>anima</span> <span class='ocrx_word' id='word_1_230' title='bbox 1493 1921 1676 1968; x_wconf 87' lang='lat' dir='ltr'>clamat:</span> <span class='ocrx_word' id='word_1_231' title='bbox 1705 1941 1726 1964; x_wconf 86' lang='lat'>«</span> <span class='ocrx_word' id='word_1_232' title='bbox 1743 1920 1871 1967; x_wconf 90' lang='lat' dir='ltr'>Oculi</span> 
     </span>
     <span class='ocr_line' id='line_1_26' title="bbox 485 1996 1128 2056; baseline -0.006 -16"><span class='ocrx_word' id='word_1_233' title='bbox 485 1996 570 2040; x_wconf 91' lang='lat' dir='ltr'>mei</span> <span class='ocrx_word' id='word_1_234' title='bbox 589 1996 766 2040; x_wconf 90' lang='lat' dir='ltr'>videant</span> <span class='ocrx_word' id='word_1_235' title='bbox 788 1996 1038 2056; x_wconf 84' lang='lat' dir='ltr'>aequitatem</span> <span class='ocrx_word' id='word_1_236' title='bbox 1056 1996 1087 2039; x_wconf 87' lang='lat'>⁷.</span> <span class='ocrx_word' id='word_1_237' title='bbox 1108 2013 1128 2036; x_wconf 85' lang='lat'>»</span> 
     </span>
    </p>

    <p class='ocr_par' dir='ltr' id='par_1_7' title="bbox 482 2061 1872 2547">
     <span class='ocr_line' id='line_1_27' title="bbox 542 2061 1870 2121; baseline -0.005 -10"><span class='ocrx_word' id='word_1_238' title='bbox 542 2068 637 2111; x_wconf 88' lang='lat' dir='ltr'>XV.</span> <span class='ocrx_word' id='word_1_239' title='bbox 668 2085 688 2108; x_wconf 84' lang='lat'>«</span> <span class='ocrx_word' id='word_1_240' title='bbox 713 2069 770 2110; x_wconf 92' lang='lat' dir='ltr'>Et</span> <span class='ocrx_word' id='word_1_241' title='bbox 791 2074 1068 2110; x_wconf 88' lang='lat' dir='ltr'>tentaverunt</span> <span class='ocrx_word' id='word_1_242' title='bbox 1085 2067 1225 2107; x_wconf 88' lang='lat' dir='ltr'>Deum</span> <span class='ocrx_word' id='word_1_243' title='bbox 1247 2064 1292 2107; x_wconf 90' lang='lat' dir='ltr'>in</span> <span class='ocrx_word' id='word_1_244' title='bbox 1313 2061 1518 2107; x_wconf 84' lang='lat' dir='ltr'>cordibus</span> <span class='ocrx_word' id='word_1_245' title='bbox 1541 2061 1626 2106; x_wconf 90' lang='lat' dir='ltr'>suis</span> <span class='ocrx_word' id='word_1_246' title='bbox 1642 2096 1654 2118; x_wconf 85' lang='lat'><strong>,</strong></span> <span class='ocrx_word' id='word_1_247' title='bbox 1679 2071 1730 2106; x_wconf 89' lang='lat' dir='ltr'>ut</span> <span class='ocrx_word' id='word_1_248' title='bbox 1745 2070 1870 2121; x_wconf 86' lang='lat' dir='ltr'>pete-</span> 
     </span>
     <span class='ocr_line' id='line_1_28' title="bbox 486 2131 1867 2192; baseline -0.001 -15"><span class='ocrx_word' id='word_1_249' title='bbox 486 2154 506 2178; x_wconf 84' lang='lat'>»</span> <span class='ocrx_word' id='word_1_250' title='bbox 542 2145 637 2180; x_wconf 88' lang='lat' dir='ltr'>rent</span> <span class='ocrx_word' id='word_1_251' title='bbox 659 2151 772 2180; x_wconf 90' lang='lat' dir='ltr'>escas</span> <span class='ocrx_word' id='word_1_252' title='bbox 795 2135 1023 2179; x_wconf 89' lang='lat' dir='ltr'>animabus</span> <span class='ocrx_word' id='word_1_253' title='bbox 1039 2135 1140 2178; x_wconf 91' lang='lat' dir='ltr'>suis.</span> <span class='ocrx_word' id='word_1_254' title='bbox 1165 2152 1184 2174; x_wconf 87' lang='lat'>»</span> <span class='ocrx_word' id='word_1_255' title='bbox 1207 2132 1338 2178; x_wconf 85' lang='lat' dir='ltr'>Aliud</span> <span class='ocrx_word' id='word_1_256' title='bbox 1363 2142 1427 2178; x_wconf 91' lang='lat' dir='ltr'>est</span> <span class='ocrx_word' id='word_1_257' title='bbox 1452 2142 1597 2192; x_wconf 88' lang='lat' dir='ltr'>petere</span> <span class='ocrx_word' id='word_1_258' title='bbox 1619 2131 1839 2176; x_wconf 90' lang='lat' dir='ltr'>credendo</span> <span class='ocrx_word' id='word_1_259' title='bbox 1856 2167 1867 2186; x_wconf 87' lang='lat'>‚</span> 
     </span>
     <span class='ocr_line' id='line_1_29' title="bbox 482 2202 1871 2265; baseline -0.002 -16"><span class='ocrx_word' id='word_1_260' title='bbox 482 2205 601 2250; x_wconf 84' lang='lat' dir='ltr'>aliud</span> <span class='ocrx_word' id='word_1_261' title='bbox 626 2205 850 2251; x_wconf 84' lang='lat' dir='ltr'>tentando.</span> <span class='ocrx_word' id='word_1_262' title='bbox 877 2205 1073 2265; x_wconf 89' lang='lat' dir='ltr'>Denique</span> <span class='ocrx_word' id='word_1_263' title='bbox 1109 2204 1307 2264; x_wconf 87' lang='lat' dir='ltr'>sequitur</span> <span class='ocrx_word' id='word_1_264' title='bbox 1332 2223 1341 2248; x_wconf 76' lang='lat'>2</span> <span class='ocrx_word' id='word_1_265' title='bbox 1378 2223 1398 2245; x_wconf 88' lang='lat'>«</span> <span class='ocrx_word' id='word_1_266' title='bbox 1426 2206 1482 2247; x_wconf 90' lang='lat' dir='ltr'>Et</span> <span class='ocrx_word' id='word_1_267' title='bbox 1504 2203 1786 2247; x_wconf 87' lang='lat' dir='ltr'>detraxerunt</span> <span class='ocrx_word' id='word_1_268' title='bbox 1816 2202 1871 2249; x_wconf 88' lang='lat' dir='ltr'>de</span> 
     </span>
     <span class='ocr_line' id='line_1_30' title="bbox 487 2274 1872 2335; baseline 0.001 -17"><span class='ocrx_word' id='word_1_269' title='bbox 487 2293 508 2318; x_wconf 70' lang='grc' dir='ltr'>ι)</span> <span class='ocrx_word' id='word_1_270' title='bbox 544 2278 660 2335; x_wconf 86' lang='lat' dir='ltr'>Deo,</span> <span class='ocrx_word' id='word_1_271' title='bbox 690 2284 734 2321; x_wconf 88' lang='lat' dir='ltr'>et</span> <span class='ocrx_word' id='word_1_272' title='bbox 755 2274 958 2320; x_wconf 82' lang='lat' dir='ltr'>dixerunt</span> <span class='ocrx_word' id='word_1_273' title='bbox 978 2296 988 2321; x_wconf 69' lang='grc' dir='ltr'>ε</span> <span class='ocrx_word' id='word_1_274' title='bbox 1010 2274 1235 2334; x_wconf 89' lang='lat' dir='ltr'>Numquid</span> <span class='ocrx_word' id='word_1_275' title='bbox 1257 2275 1420 2334; x_wconf 82' lang='lat' dir='ltr'>poterit</span> <span class='ocrx_word' id='word_1_276' title='bbox 1440 2277 1554 2318; x_wconf 86' lang='lat' dir='ltr'>Deus</span> <span class='ocrx_word' id='word_1_277' title='bbox 1575 2289 1727 2333; x_wconf 86' lang='lat' dir='ltr'>parare</span> <span class='ocrx_word' id='word_1_278' title='bbox 1746 2289 1872 2319; x_wconf 87' lang='lat' dir='ltr'>men-</span> 
     </span>
     <span class='ocr_line' id='line_1_31' title="bbox 487 2343 1871 2404; baseline -0.001 -15"><span class='ocrx_word' id='word_1_279' title='bbox 487 2364 508 2388; x_wconf 79' lang='grc'>»</span> <span class='ocrx_word' id='word_1_280' title='bbox 542 2361 634 2391; x_wconf 88' lang='lat' dir='ltr'>sam</span> <span class='ocrx_word' id='word_1_281' title='bbox 669 2345 715 2391; x_wconf 89' lang='lat' dir='ltr'>in</span> <span class='ocrx_word' id='word_1_282' title='bbox 741 2346 942 2393; x_wconf 79' lang='lat' dir='ltr'>deserto?</span> <span class='ocrx_word' id='word_1_283' title='bbox 976 2344 1192 2401; x_wconf 84' lang='lat' dir='ltr'>Quoniam</span> <span class='ocrx_word' id='word_1_284' title='bbox 1214 2344 1424 2404; x_wconf 88' lang='lat' dir='ltr'>percussit</span> <span class='ocrx_word' id='word_1_285' title='bbox 1445 2353 1613 2404; x_wconf 89' lang='lat' dir='ltr'>petram</span> <span class='ocrx_word' id='word_1_286' title='bbox 1629 2378 1642 2398; x_wconf 78' lang='lat'>‚</span> <span class='ocrx_word' id='word_1_287' title='bbox 1667 2353 1710 2388; x_wconf 94' lang='lat' dir='ltr'>et</span> <span class='ocrx_word' id='word_1_288' title='bbox 1731 2343 1871 2388; x_wconf 79' lang='lat' dir='ltr'>fluxe-</span> 
     </span>
     <span class='ocr_line' id='line_1_32' title="bbox 487 2414 1871 2476; baseline 0.001 -17"><span class='ocrx_word' id='word_1_289' title='bbox 487 2435 507 2458; x_wconf 90' lang='lat'>»</span> <span class='ocrx_word' id='word_1_290' title='bbox 542 2425 645 2460; x_wconf 86' lang='lat' dir='ltr'>runt</span> <span class='ocrx_word' id='word_1_291' title='bbox 681 2432 833 2476; x_wconf 86' lang='lat' dir='ltr'>aquae,</span> <span class='ocrx_word' id='word_1_292' title='bbox 871 2425 914 2461; x_wconf 89' lang='lat' dir='ltr'>et</span> <span class='ocrx_word' id='word_1_293' title='bbox 943 2424 1157 2461; x_wconf 87' lang='lat' dir='ltr'>torrentes</span> <span class='ocrx_word' id='word_1_294' title='bbox 1189 2415 1549 2460; x_wconf 85' lang='lat' dir='ltr'>inundaverunt:</span> <span class='ocrx_word' id='word_1_295' title='bbox 1589 2414 1807 2475; x_wconf 89' lang='lat' dir='ltr'>numquid</span> <span class='ocrx_word' id='word_1_296' title='bbox 1827 2424 1871 2460; x_wconf 84' lang='lat' dir='ltr'>et</span> 
     </span>
     <span class='ocr_line' id='line_1_33' title="bbox 485 2485 1866 2547; baseline -0.001 -18"><span class='ocrx_word' id='word_1_297' title='bbox 485 2506 506 2530; x_wconf 89' lang='lat'>»</span> <span class='ocrx_word' id='word_1_298' title='bbox 541 2503 698 2547; x_wconf 88' lang='lat' dir='ltr'>panem</span> <span class='ocrx_word' id='word_1_299' title='bbox 722 2487 880 2547; x_wconf 86' lang='lat' dir='ltr'>poterit</span> <span class='ocrx_word' id='word_1_300' title='bbox 902 2487 1021 2542; x_wconf 85' lang='lat' dir='ltr'>dare,</span> <span class='ocrx_word' id='word_1_301' title='bbox 1040 2495 1113 2531; x_wconf 83' lang='lat' dir='ltr'>aut</span> <span class='ocrx_word' id='word_1_302' title='bbox 1131 2501 1280 2546; x_wconf 82' lang='lat' dir='ltr'>parare</span> <span class='ocrx_word' id='word_1_303' title='bbox 1298 2501 1490 2530; x_wconf 85' lang='lat' dir='ltr'>mensam</span> <span class='ocrx_word' id='word_1_304' title='bbox 1512 2485 1677 2546; x_wconf 89' lang='lat' dir='ltr'>populo</span> <span class='ocrx_word' id='word_1_305' title='bbox 1694 2502 1773 2530; x_wconf 93' lang='lat' dir='ltr'>suo</span> <span class='ocrx_word' id='word_1_306' title='bbox 1787 2487 1802 2512; x_wconf 73' lang='lat'><strong>⁸</strong></span> <span class='ocrx_word' id='word_1_307' title='bbox 1817 2488 1866 2529; x_wconf 65' lang='grc' dir='ltr'>ἲ»</span> 
     </span>
    </p>
   </div>
   <div class='ocr_carea' id='block_1_6' title="bbox 484 2581 1866 2681">
    <p class='ocr_par' dir='ltr' id='par_1_8' title="bbox 484 2581 1866 2681">
     <span class='ocr_line' id='line_1_34' title="bbox 532 2581 1866 2625; baseline 0 -10"><span class='ocrx_word' id='word_1_308' title='bbox 532 2590 540 2606; x_wconf 89' lang='lat'>¹</span> <span class='ocrx_word' id='word_1_309' title='bbox 561 2584 638 2615; x_wconf 81' lang='lat' dir='ltr'>Psal.</span> <span class='ocrx_word' id='word_1_310' title='bbox 663 2594 781 2624; x_wconf 53' lang='lat' dir='ltr'>xxxva,</span> <span class='ocrx_word' id='word_1_311' title='bbox 806 2583 983 2625; x_wconf 88' lang='lat'>15‚16.—-</span> <span class='ocrx_word' id='word_1_312' title='bbox 1004 2591 1016 2605; x_wconf 85' lang='lat'>²</span> <span class='ocrx_word' id='word_1_313' title='bbox 1036 2585 1127 2615; x_wconf 85' lang='lat' dir='ltr'>Joan.</span> <span class='ocrx_word' id='word_1_314' title='bbox 1144 2594 1202 2623; x_wconf 86' lang='lat' dir='ltr'>vn,</span> <span class='ocrx_word' id='word_1_315' title='bbox 1225 2583 1330 2625; x_wconf 60' lang='lat'><em>37—-</em></span> <span class='ocrx_word' id='word_1_316' title='bbox 1346 2581 1416 2614; x_wconf 55' lang='lat'><em>³121.</em></span> <span class='ocrx_word' id='word_1_317' title='bbox 1439 2594 1482 2623; x_wconf 91' lang='lat' dir='ltr'>1v,</span> <span class='ocrx_word' id='word_1_318' title='bbox 1506 2582 1556 2624; x_wconf 61' lang='lat'>14.</span> <span class='ocrx_word' id='word_1_319' title='bbox 1578 2596 1620 2604; x_wconf 40' lang='grc' dir='ltr'>-α-</span> <span class='ocrx_word' id='word_1_320' title='bbox 1640 2581 1722 2614; x_wconf 76' lang='lat' dir='ltr'>41d.</span> <span class='ocrx_word' id='word_1_321' title='bbox 1743 2583 1866 2625; x_wconf 80' lang='lat' dir='ltr'>vn,39.</span> 
     </span>
     <span class='ocr_line' id='line_1_35' title="bbox 484 2638 1865 2681; baseline -0.001 -9"><span class='ocrx_word' id='word_1_322' title='bbox 484 2655 524 2664; x_wconf 91' lang='lat'>—-</span> <span class='ocrx_word' id='word_1_323' title='bbox 537 2638 551 2662; x_wconf 91' lang='lat'>⁵</span> <span class='ocrx_word' id='word_1_324' title='bbox 574 2640 654 2673; x_wconf 80' lang='lat' dir='ltr'>Psal.</span> <span class='ocrx_word' id='word_1_325' title='bbox 674 2651 795 2680; x_wconf 73' lang='lat' dir='ltr'>Lxxvn,</span> <span class='ocrx_word' id='word_1_326' title='bbox 813 2651 911 2681; x_wconf 81' lang='lat'><strong>17.-·</strong></span> <span class='ocrx_word' id='word_1_327' title='bbox 925 2638 940 2663; x_wconf 88' lang='lat'>6</span> <span class='ocrx_word' id='word_1_328' title='bbox 957 2642 1046 2673; x_wconf 80' lang='lat' dir='ltr'>Joan.</span> <span class='ocrx_word' id='word_1_329' title='bbox 1069 2651 1116 2680; x_wconf 75' lang='lat' dir='ltr'>vr,</span> <span class='ocrx_word' id='word_1_330' title='bbox 1131 2650 1210 2681; x_wconf 47' lang='lat'><strong>9⁴—-</strong></span> <span class='ocrx_word' id='word_1_331' title='bbox 1223 2647 1236 2671; x_wconf 92' lang='lat'><strong>7</strong></span> <span class='ocrx_word' id='word_1_332' title='bbox 1255 2639 1336 2672; x_wconf 78' lang='lat' dir='ltr'>Psal.</span> <span class='ocrx_word' id='word_1_333' title='bbox 1358 2650 1426 2679; x_wconf 77' lang='lat' dir='ltr'>xvi,</span> <span class='ocrx_word' id='word_1_334' title='bbox 1440 2648 1518 2671; x_wconf 74' lang='grc'>9,.-</span> <span class='ocrx_word' id='word_1_335' title='bbox 1532 2638 1737 2681; x_wconf 70' lang='lat' dir='ltr'>⁵³Id.1.xxvn‚</span> <span class='ocrx_word' id='word_1_336' title='bbox 1755 2639 1865 2673; x_wconf 84' lang='lat'>18-20.</span> 
     </span>
    </p>
   </div>
  </div>
 </body>
</html>
