1926 3339
0 352 2 364 ,
396 311 638 341 munaum
669 314 716 341 m
747 311 950 342 PsALMUM
982 314 1101 342 xcm.
1346 307 1439 350 ,377

0 366 3 415 l
59 379 105 424 in
127 377 198 423 die
218 379 293 423 irae
315 387 357 423 et
373 378 645 424 revelationis
655 378 762 439 justi
778 377 932 440 judicii
945 379 1045 435 Dei,
1070 379 1147 440 qui
1168 379 1320 426 reddet
1340 384 1444 427 uni-

0 418 1 435 l

0 443 1 501 i
59 451 219 511 cuique
243 451 483 495 secundum
508 466 638 511 opera
661 452 780 495 sua1.
813 450 914 511 quia
941 469 957 490 «
984 453 1099 495 Deus
1122 450 1340 496 ultionum
1362 459 1445 498 Do-

0 518 1 522 ’
61 539 82 563 »
116 521 282 577 minus,
303 524 417 566 Deus
435 521 676 577 ultionum,
705 541 724 563 »
748 520 847 566 ideo
874 540 894 563 «
926 520 1133 566 Fidenter
1154 522 1256 581 egit.
1285 522 1445 569 »Nulli

57 595 171 638 enirn
195 594 410 654 pepercit,
432 594 610 654 quando
628 594 699 639 hic
720 594 894 639 locutus
908 603 997 639 est:
1018 594 1108 655 ipse
1121 595 1332 640 Dominus
1353 605 1445 641 erat

54 664 99 709 in
122 664 262 708 carnis
278 665 552 721 infirmitate,
574 665 649 710 sed
667 665 712 709 in
733 665 895 710 virtute
916 667 1140 710 sermonis.
1162 668 1258 711 Non
1279 668 1446 727 accepit

54 750 258 795 personas
272 736 522 796 principum
544 737 814 781 Judaeorum.
841 739 1015 790 Quanta
1039 737 1084 780 in
1107 735 1203 781 illos
1221 737 1358 782 dicit?
1379 747 1444 793 et,

53 807 276 868 quomodo
299 807 467 853 dictum
485 818 576 863 est,
604 824 706 853 vere
734 809 779 852 in
801 809 960 854 fiducia
993 828 1002 853 :
1028 809 1130 869 quia
1153 809 1362 869 scriptum
1384 819 1448 855 est

53 879 98 922 in
122 877 302 923 Psalmis
317 880 371 923 de
388 879 480 936 illo,
505 899 522 920 «
541 884 722 939 Propter
743 880 959 924 miseriam
982 879 1165 939 inopum
1179 889 1221 924 et
1236 881 1446 938 gemitum

55 967 76 991 »
110 965 354 1010 pauperum
370 986 380 1006 ‚
406 966 525 995 nunc
543 965 745 1008 exurgam
760 986 770 1005 ‚
793 950 899 994 dicit
923 950 1136 999 Dominus
1148 954 1180 993 2.
1202 969 1221 991 >›
1244 951 1325 1004 Qui
1346 961 1448 995 sunt

50 1023 290 1081 pauperes?
322 1022 398 1082 qui
428 1031 529 1066 sunt
548 1022 728 1081 inopes?
755 1021 839 1074 Qui
862 1035 982 1080 spem
1006 1036 1096 1065 non
1117 1021 1284 1065 habent
1305 1021 1384 1066 nisi
1401 1023 1447 1065 in

49 1091 126 1137 illo
149 1092 241 1137 solo
261 1128 272 1147 ,
303 1092 349 1136 in
372 1109 461 1153 quo
495 1092 587 1137 solo
616 1108 712 1153 spes
735 1108 826 1137 non
856 1091 1042 1136 fallitur.
1078 1091 1305 1137 Attendite
1321 1129 1332 1149 ‚
1358 1093 1448 1138 fra-

50 1172 151 1218 tres,
173 1164 249 1224 qui
262 1173 363 1208 sunt
375 1180 588 1224 pauperes
603 1174 646 1208 et
657 1165 823 1224 inopes.
842 1166 939 1209 Non
952 1164 1132 1209 omnino
1145 1180 1356 1224 pauperes
1371 1166 1447 1226 qui

49 1232 159 1277 nihil
180 1234 367 1289 habent,
394 1234 599 1279 videntur
615 1234 701 1279 dici
719 1235 774 1279 ab
795 1235 1017 1294 Scriptura
1035 1271 1045 1290 ,
1069 1234 1446 1295 quandolaudan-

49 1313 123 1349 tur
159 1321 386 1365 pauperes.
430 1307 603 1351 Iuvenis
646 1307 763 1350 enim
795 1322 1033 1366 pauperem
1068 1307 1292 1351 hominem
1317 1343 1327 1362 ,
1370 1308 1446 1368 qui

47 1375 226 1436 quando
244 1377 408 1436 patitur
427 1376 618 1437 aliquam
640 1377 844 1437 injuriam
862 1413 872 1432 ,
888 1393 977 1421 non
996 1377 1184 1421 attendit
1202 1377 1282 1421 nisi
1300 1387 1448 1437 patro-

46 1462 153 1490 num
177 1462 304 1491 suum
325 1483 335 1502 ‚
361 1447 407 1490 iu
426 1448 548 1507 cujus
566 1446 678 1491 forte
701 1446 833 1492 domo
856 1456 1005 1491 manet
1025 1484 1035 1502 ,
1062 1448 1184 1507 cujus
1205 1447 1447 1507 inquilinus

46 1527 112 1562 est
129 1553 139 1573 ⁷
165 1519 289 1578 cujus
311 1518 493 1563 colonus
517 1528 579 1563 est
595 1554 605 1573 ,
632 1519 755 1578 cujus
777 1518 910 1562 cliens
931 1527 995 1562 est
1009 1539 1019 1574 3
1035 1527 1079 1562 et
1099 1517 1197 1562 ideo
1215 1519 1448 1578 seindigne

48 1591 139 1650 pati
162 1591 309 1635 asserit
325 1626 335 1645 ,
363 1591 465 1650 quia
481 1590 536 1634 ad
555 1589 678 1634 illum
698 1591 903 1650 pertinet.
928 1593 1017 1635 Cor
1033 1590 1166 1650 ipsius
1183 1590 1228 1634 in
1239 1591 1418 1635 homine
1434 1627 1444 1646 ‚

45 1676 141 1721 spes
163 1661 297 1721 ipsius
320 1662 365 1705 in
388 1661 567 1705 homine
587 1697 597 1715 ‚
623 1661 730 1705 cinis
749 1662 794 1705 in
814 1661 974 1705 cinere.
999 1663 1109 1706 Sunt
1125 1671 1270 1706 autem
1286 1661 1357 1705 alii
1371 1663 1447 1722 qui

44 1731 243 1791 opulenti
268 1741 394 1788 sunt,
433 1741 477 1776 et
508 1732 751 1776 honoribus
774 1733 1015 1776 secundum
1042 1742 1215 1792 tempus
1246 1733 1447 1777 humanis

43 1802 315 1854 fulciuntur3
349 1813 393 1847 et
425 1813 570 1847 tamen
599 1803 747 1848 necin
773 1803 959 1863 pecunia
993 1819 1069 1847 sua
1103 1819 1223 1863 spem
1246 1813 1442 1863 ponunt,

41 1889 122 1918 nec
137 1873 353 1919 infundis
371 1874 458 1918 suis
479 1890 601 1934 spem
624 1883 797 1934 ponunt
818 1910 828 1927 ‚
858 1874 1001 1917 necin
1023 1873 1190 1918 familia
1219 1890 1294 1918 sua
1323 1890 1441 1934 spem

41 1954 214 2004 ponunt
234 1980 244 2000 ,
270 1945 414 1989 necin
437 1945 632 1989 claritate
656 1945 917 1989 transitoriae
941 1945 1162 2002 dignitatis
1180 1945 1286 2009 ;,.Sssd
1306 1954 1443 1989 totam

42 2015 230 2075 spemin
262 2015 339 2060 illo
361 2025 559 2075 ponunt,
586 2015 658 2060 cui
691 2027 780 2060 non
803 2015 1073 2069 succeditur,
1100 2016 1175 2075 qui
1209 2016 1318 2060 mori
1352 2032 1443 2060 non

41 2095 206 2146 potest,
229 2086 304 2146 qui
322 2085 415 2130 falli
434 2095 477 2130 et
495 2086 570 2146 qui
592 2086 745 2130 fallere
759 2103 848 2130 non
867 2096 1010 2146 potest
1035 2106 1042 2131 :
1061 2086 1167 2131 tales
1191 2087 1268 2130 etsi
1302 2086 1441 2131 multa

41 2157 247 2202 videntur
267 2157 430 2201 habere
457 2156 699 2201 secundum
723 2156 957 2212 saeculum,
984 2157 1096 2201 bene
1121 2153 1167 2201 e'a
1193 2167 1339 2201 tamen
1363 2174 1440 2217 gu-

41 2228 229 2272 bernant
252 2227 308 2272 ad
329 2226 611 2272 refectionem
640 2227 956 2286 indigentium3
983 2228 1094 2271 inter
1115 2243 1326 2287 pauperes
1349 2231 1438 2272 Do-

39 2299 146 2342 mini
168 2300 470 2342 numerantur.
496 2298 660 2343 Vident
678 2299 790 2343 enim
808 2298 1051 2358 periculose
1065 2314 1110 2342 se
1126 2299 1271 2342 vivere
1293 2300 1337 2343 in
1357 2300 1438 2344 hac

39 2369 149 2424 vita,
175 2369 370 2413 sentiunt
388 2385 432 2413 se
455 2384 543 2413 esse
565 2370 814 2429 peregrinos
842 2389 851 2413 ;
876 2370 934 2413 sic
959 2367 1232 2413 diversantur
1254 2370 1299 2413 in
1322 2386 1436 2430 opu-

40 2439 173 2484 lentia
202 2440 452 2484 divitiarum
486 2456 663 2484 suarum
682 2476 693 2496 ‚
733 2440 958 2501 quomodo
989 2441 1129 2484 viator
1161 2441 1207 2484 in
1237 2441 1432 2497 stabulo,

40 2511 300 2555 transiturus
314 2547 325 2566 ‚
338 2527 428 2555 non
440 2527 727 2571 possessurus.
745 2515 862 2571 Ergo
877 2510 986 2571 quid
1004 2512 1213 2555 Dominus
1228 2514 1246 2554 ⁶?
1267 2532 1285 2553 «
1302 2516 1433 2572 Prop-

45 2599 65 2622 »
108 2591 174 2626 ter
215 2582 430 2626 miseriam
471 2583 655 2642 inopum
694 2592 736 2627 et
783 2582 988 2642 gemitum
1031 2597 1274 2641 pauperum
1316 2599 1434 2628 nunc

92 2674 98 2688 ¹
121 2667 214 2699 Rom.
235 2679 272 2708 11,
291 2668 320 2699 5.
344 2685 384 2690 --
405 2676 416 2690 ²
437 2668 513 2699 l‘sal⁴
536 2680 582 2704 x1,
608 2669 640 2699 6.
