1926 3339
139 368 382 399 ENARRATIO
414 371 447 396 11
479 371 525 397 nv
556 368 761 398 rsALMUM
793 369 1012 408 Lxxxvm,
1049 367 1189 398 SERMO
1220 373 1269 398 11.
1325 361 1410 400 283

23 435 212 489 mundis,
234 434 530 495 quaerentibus
545 434 742 494 quotidie
755 433 875 494 quod
889 435 1059 494 rapiant
1076 456 1086 491 3
1106 436 1315 480 intremus
1331 439 1411 481 sub

23 506 110 552 alas
129 506 302 565 gallinae
321 506 451 566 hujus
465 505 625 557 divinae
647 505 892 564 Sapientiae,
909 506 1116 565 quoniam
1128 515 1306 565 propter
1317 506 1414 565 pul-

23 578 86 623 los
109 592 208 621 suos
231 576 447 620 infirmata
470 585 533 620 est
554 591 693 636 usque
716 574 769 619 ad
792 585 993 619 mortem.
1025 578 1233 620 Amemus
1260 577 1411 621 Domi-

22 663 128 694 num
151 650 288 691 Deum
310 655 524 700 nostrum,
541 661 735 689 amemus
758 646 994 690 Ecclesiam
1017 647 1107 706 ejus
1130 645 1282 690 :illum
1300 648 1412 691 sicut

22 723 209 773 Patrem,
229 718 354 761 istam
377 717 488 761 sicut
507 726 718 774 matrem3
744 715 868 760 illum
893 718 1002 761 sicut
1021 718 1272 772 Dominum,
1298 718 1412 763 hanc

22 790 131 835 sicut
158 787 358 832 ancillam
383 789 474 847 ejus
513 807 522 831 :
557 788 659 847 quia
680 787 757 830 filii
781 786 949 831 ancillae
982 788 1113 846 ipsius
1135 803 1298 832 sumus.
1328 788 1413 833 Sed

21 859 346 906 matrimonium
367 860 452 903 hoc
480 875 638 918 magna
665 858 873 903 charitate
904 860 1248 918 compaginatur.
1274 863 1412 905 Nemo

21 930 205 977 offendit
225 944 364 974 unum
387 938 431 973 et
453 938 726 989 promeretur
752 928 953 972 alterum.
988 932 1124 974 Nemo
1159 928 1274 973 dicat
1308 949 1316 973 :
1342 930 1412 974 Ad

21 1000 136 1047 idola
160 1000 338 1060 quidem
360 998 473 1044 vado
491 1034 502 1054 ,
524 999 767 1058 arreptitios
791 1007 833 1044 et
854 998 1080 1057 sortilegos
1095 999 1276 1043 consulo
1303 1019 1311 1044 :
1338 999 1413 1043 sed

22 1082 165 1118 tamen
189 1071 267 1116 Dei
289 1070 523 1115 Ecclesiam
546 1086 636 1115 non
659 1070 885 1130 relinquo,
905 1070 1157 1115 Catholicus
1186 1086 1298 1115 sum.
1329 1074 1413 1115 Te-

21 1158 127 1188 nens
142 1151 341 1196 matrem,
366 1140 588 1185 offendisti
610 1144 798 1185 Patrem.
819 1140 942 1185 Alius
960 1141 1064 1185 item
1083 1140 1189 1185 dicit
1208 1176 1218 1195 ,
1244 1141 1369 1185 Absit
1390 1157 1414 1186 a

22 1229 106 1268 me,
126 1229 214 1257 non
233 1211 415 1257 consulo
432 1211 703 1270 sortilegum,
725 1228 815 1256 non
833 1227 983 1272 quaero
1005 1212 1295 1271 arreptitium,
1320 1228 1411 1257 non

21 1299 170 1346 quaero
198 1282 486 1327 divinationes
513 1282 760 1342 sacrilegas,
791 1299 880 1326 non
907 1298 957 1327 eo
983 1283 1036 1327 ad
1074 1282 1295 1327 adoranda
1317 1283 1412 1326 dae-

22 1354 164 1399 monia
182 1389 192 1408 ,
218 1369 308 1397 non
330 1353 468 1397 servio
499 1352 720 1412 lapidibus
745 1372 753 1397 :
779 1352 854 1397 sed
879 1362 1026 1396 tamen
1042 1353 1086 1398 in
1108 1362 1230 1412 parte
1254 1354 1411 1397 Donati

23 1440 131 1470 sum.
159 1423 276 1478 Quid
296 1423 374 1467 tibi
396 1423 573 1483 prodest
600 1439 690 1467 non
711 1423 902 1468 offensus
924 1427 1051 1467 Pater
1066 1459 1077 1479 ,
1102 1424 1178 1484 qui
1200 1423 1411 1467 offensam

22 1495 213 1540 vindicat
246 1496 460 1539 matrem?
488 1493 604 1547 Quid
638 1493 814 1553 prodest
839 1494 874 1538 si
897 1494 1132 1538 Dominum
1162 1495 1380 1538 confiteris
1396 1529 1408 1549 ,

23 1571 156 1610 Deum
178 1567 380 1619 honoras,
407 1566 551 1623 ipsum
572 1563 797 1623 praedicas,
823 1564 963 1608 filium
985 1565 1076 1624 ejus
1099 1565 1310 1623 agnoscis,
1343 1580 1413 1608 se-

24 1638 197 1682 dentem
230 1636 286 1680 ad
309 1635 446 1680 Patris
465 1634 687 1678 dexteram
705 1635 949 1692 confiteris3
972 1644 1015 1679 et
1033 1634 1308 1694 blasphemas
1330 1638 1417 1679 Ec-

24 1707 194 1752 clesiam
212 1708 331 1767 ejus?
353 1708 451 1751 Non
474 1714 515 1749 te
533 1705 759 1764 corrigunt
776 1704 973 1764 exempla
989 1706 1171 1749 humani
1192 1705 1417 1765 conjugii?

27 1779 70 1824 Si
90 1778 272 1822 haberes
288 1777 477 1837 aliquem
499 1784 736 1835 patronum
750 1810 761 1830 ,
786 1776 858 1820 cui
881 1775 1078 1835 quotidie
1099 1776 1413 1834 obsequereris,

26 1850 145 1910 cujus
177 1849 327 1893 limina
360 1846 587 1893 serviendo
620 1856 879 1901 contereres,
911 1862 1045 1907 quem
1079 1846 1290 1906 quotidie,
1326 1862 1417 1891 non

26 1920 121 1966 dico
156 1918 380 1974 salutares,
425 1917 500 1963 sed
530 1926 573 1961 et
602 1916 824 1973 adorares,
857 1918 926 1962 cui
960 1917 1234 1977 impenderes
1271 1916 1417 1960 fidelia

27 1991 259 2051 obsequia,
286 1989 320 2034 si
343 2005 483 2033 unum
505 1990 670 2034 crimen
692 1989 747 2033 de
759 1990 849 2049 ejus
872 1990 1056 2048 conjuge
1080 1988 1261 2043 diceres,
1285 2002 1418 2031 num·

28 2061 134 2122 quid
145 2061 326 2105 domum
347 2061 437 2120 ejus
452 2059 662 2104 intrares?
682 2062 843 2103 Tenete
858 2075 977 2118 ergo,
993 2058 1258 2110 Charissimi,
1274 2065 1420 2101 tenete

0 2163 1 2184 2
29 2147 175 2178 omnes
210 2131 476 2176 unanimiter
504 2134 643 2175 Deum
682 2134 855 2174 Patrem
885 2141 928 2173 et
950 2138 1134 2173 matrem
1165 2128 1417 2173 Ecclesiam.

0 2250 1 2254 ,
28 2202 227 2250 Natalitia
255 2212 504 2247 sanctorum
536 2217 637 2246 cum
661 2202 892 2245 sobrietate
915 2201 1130 2245 celebrate
1147 2235 1158 2255 ,
1189 2209 1238 2243 ut
1272 2199 1420 2243 imite-

0 2271 1 2331 ]
31 2290 128 2318 mur
168 2290 240 2318 eos
283 2273 360 2334 qui
394 2281 732 2332 praecesserunt,
770 2282 813 2316 et
845 2271 1064 2330 gaudeant
1091 2270 1146 2315 de
1187 2270 1310 2315 vobis
1344 2270 1421 2330 qui

0 2342 1 2354 ³
35 2354 160 2390 orant
181 2360 259 2404 pro
280 2344 404 2388 vobis
421 2365 432 2401 3
457 2352 506 2387 ut
538 2342 825 2388 «Benedictio
842 2343 1016 2387 Domini
1034 2343 1080 2386 in
1096 2350 1308 2385 aeternum
1325 2355 1421 2384 ma-

0 2422 1 2430 *
35 2434 56 2458 »ι
77 2425 177 2460 neat
197 2430 327 2475 super
347 2430 423 2459 vos
449 2415 588 2469 :Fiat,
611 2415 732 2459 fiat.»
