1926 3339
469 337 554 376 306
903 349 936 374 5.
973 345 1203 374 ΑΌΘῦδΤΙΝΙ.
1235 345 1418 372 EPISCOPI

453 412 618 466 nuerit,
645 420 888 470 exponatur
913 410 1037 455 vobis
1064 429 1073 454 ;
1113 410 1352 454 obscurum
1391 416 1459 452 est
1490 407 1645 462 enim,
1693 416 1736 452 et
1772 407 1854 453 erit

459 498 643 542 magnus
678 480 846 527 fructus
883 481 919 525 si
939 480 1255 525 intellexeritis.
1277 471 1583 523 Tentationem
1599 493 1701 537 quae
1731 478 1781 522 fit
1809 479 1854 523 in

459 554 761 614 ignorantibus
794 552 921 607 levis,
963 552 1164 596 timorem
1203 560 1470 595 nocturnum
1504 548 1740 609 appellavit
1765 567 1774 593 2
1812 557 1855 593 et
1903 567 1905 601 5

460 625 746 670 tentationem
768 639 867 684 quoe
889 623 938 666 fit
956 623 1002 666 in
1018 621 1254 666 scientibus
1269 621 1391 677 levis,
1417 621 1617 680 sagittam
1633 618 1855 664 volantem
1903 643 1926 683 :⁴

457 711 533 755 per
565 695 682 739 diem
714 693 970 753 appellavit-‚7
990 694 1098 745 Quae
1122 700 1224 735 sunt
1266 691 1384 736 leves
1418 691 1708 735 tentationes?
1745 692 1854 743 Quae
1903 689 1926 733 ἐι

459 782 549 811 non
561 766 621 810 sic
637 765 815 820 instant,
841 779 931 808 non
952 763 1013 807 sic
1027 771 1201 822 urgent,
1218 770 1268 806 ut
1281 770 1456 822 cogant,
1473 760 1748 820 sedsspossunt
1768 760 1855 806 cito
1903 765 1906 820 ξ
1924 785 1926 790 ·

458 835 675 880 declinata
698 834 895 879 transire.
920 832 1087 878 Eadem
1109 848 1256 877 rursus
1278 831 1348 877 fac
1378 832 1538 890 gravia.
1571 831 1615 877 Si
1649 846 1855 891 persecu·
1904 885 1906 887 ‚

461 916 530 952 tor
550 907 708 963 instat,
740 915 784 951 et
811 906 1093 951 vehementer
1121 913 1253 949 terret
1275 904 1541 963 ignorantes,
1567 902 1614 947 id
1634 911 1713 958 est,
1739 918 1855 947 non·
1903 943 1905 948 ,

460 977 568 1022 dum
589 978 736 1022 firmos
758 977 804 1020 in
825 975 934 1031 fide,
960 991 1041 1021 nec
1058 976 1241 1020 scientes
1261 974 1383 1035 quod
1406 973 1462 1018 ad
1478 974 1563 1018 hoc
1580 982 1683 1018 sunt
1707 973 1856 1018 Chris-
1903 971 1906 1021 ζ

461 1048 584 1103 tiam,
604 1057 656 1092 ut
675 1045 869 1092 futuram
892 1047 1026 1091 vitam
1047 1055 1247 1106 sperent3
1271 1060 1372 1090 cum
1391 1044 1607 1104 coeperint
1624 1043 1780 1088 terreri
1801 1042 1856 1088 de

462 1117 585 1162 malis
602 1117 942 1177 temporalibus,
967 1126 1124 1176 putant
1150 1115 1270 1177 quod
1291 1115 1481 1160 deseruit
1501 1114 1598 1159 illos
1626 1115 1824 1160 Christus
1840 1144 1852 1168 ‚
1903 1167 1905 1172 ,

462 1198 506 1233 et
524 1188 615 1232 sine
637 1203 766 1232 causa
786 1196 890 1231 sunt
916 1187 1152 1232 Christiani
1173 1206 1182 1232 :
1207 1203 1296 1232 non
1319 1196 1483 1232 norunt
1505 1186 1621 1230 enim
1637 1221 1648 1241 ,
1669 1195 1719 1230 ut
1739 1184 1852 1240 dixi,

460 1259 563 1320 quia
584 1258 640 1303 ad
656 1259 740 1303 hoc
757 1267 860 1303 sunt
876 1258 1124 1314 Christiani,
1148 1268 1198 1302 ut
1220 1259 1452 1318 praesentia
1477 1266 1701 1317 superent,
1725 1265 1768 1301 et
1789 1256 1858 1300 fu-

461 1339 559 1373 tura
580 1338 756 1388 sperent
781 1348 790 1373 :
815 1329 983 1374 invenit
1005 1328 1100 1373 illos
1128 1329 1352 1387 negotium
1374 1327 1684 1388 perambulans
1706 1327 1752 1372 in
1787 1337 1855 1371 te-
1901 1361 1904 1366 ι

460 1399 606 1443 nebris
622 1435 633 1454 ‚
659 1408 702 1443 et
721 1399 839 1459 capit
864 1414 952 1443 eos.
982 1402 1093 1445 Sunt
1112 1408 1259 1444 autem
1282 1399 1460 1460 quidam
1483 1399 1561 1460 qui
1578 1407 1798 1444 noverunt
1811 1414 1856 1443 se
1901 1397 1904 1437 ἑ

463 1470 518 1515 ad
534 1470 730 1515 futuram
740 1485 860 1530 spem
878 1480 1078 1529 vocatos,
1097 1471 1200 1531 quia
1216 1470 1337 1531 quod
1360 1471 1486 1515 nobis
1502 1470 1700 1530 promisit
1722 1473 1851 1526 Deus,
1890 1483 1893 1485 ·

460 1557 550 1586 non
568 1550 631 1585 est
654 1540 709 1584 de
735 1541 815 1585 ista
840 1550 952 1585 terra
967 1577 978 1596 ,
1003 1557 1091 1585 non
1114 1551 1177 1585 est
1199 1542 1254 1585 de
1271 1542 1350 1586 ista
1371 1542 1459 1586 vita
1481 1562 1492 1599 3
1512 1541 1613 1601 quia
1634 1541 1728 1585 istae
1753 1554 1852 1584 om-

460 1629 535 1657 nes
551 1612 809 1656 tentationes
832 1612 1070 1656 tolerandae
1083 1622 1201 1667 sunt,
1227 1623 1276 1657 ut
1297 1612 1409 1656 illud
1431 1613 1712 1672 accipiamus,
1739 1610 1850 1656 illud

461 1683 735 1743 acquiramus
751 1718 761 1737 ,
788 1683 909 1742 quod
928 1682 1053 1727 nobis
1075 1682 1273 1742 promisit
1302 1685 1414 1726 Deus
1437 1683 1483 1726 in
1505 1692 1747 1739 aeternum,
1770 1697 1854 1725 no-

456 1764 559 1798 runt
580 1755 660 1798 ista
693 1773 703 1799 :
727 1753 804 1798 sed
825 1754 1002 1815 quando
1025 1755 1206 1814 coeperit
1230 1763 1480 1814 persecutor
1515 1754 1676 1797 instare
1713 1754 1854 1798 vehe-

459 1827 663 1881 mentius,
680 1841 806 1884 agere
822 1825 963 1880 minis,
981 1827 1140 1885 poenis,
1158 1825 1401 1881 tormentis,
1417 1824 1655 1885 aliquando
1667 1824 1851 1880 cedunt,

462 1906 505 1940 et
529 1897 710 1940 scientes
733 1906 945 1957 tanquam
966 1896 1012 1940 in
1035 1896 1104 1940 die
1125 1896 1303 1940 cadunt.
1898 1907 1902 1926 ³

523 1970 638 2011 VIII.
671 1971 811 2020 Quare
841 1976 988 2010 autem
1020 1967 1066 2010 in
1107 1966 1317 2011 meridie?
1345 1967 1460 2020 Quia
1489 1966 1680 2011 multum
1715 1965 1855 2011 fervet
1898 1969 1902 2023 ξ

460 2038 703 2098 persecutio
738 2057 745 2082 :
782 2039 964 2098 majores
985 2047 1114 2081 aestus
1136 2037 1243 2082 dixit
1269 2037 1510 2082 meridiem.
1536 2036 1750 2082 Attendat
1770 2038 1854 2082 hoc
1899 2051 1901 2079 ;

456 2110 652 2155 Charitas
685 2111 839 2153 Vestra
862 2109 916 2152 de
940 2109 1173 2167 Scripturis
1196 2124 1264 2153 me
1288 2109 1564 2168 probantem.
1586 2107 1775 2162 Quando
1795 2107 1852 2152 de

458 2181 697 2225 seminante
719 2181 893 2224 dicebat
912 2180 1137 2235 Dominus,
1158 2181 1260 2240 quia
1274 2180 1375 2224 exiit
1388 2180 1606 2224 seminans
1622 2180 1852 2234 seminare,
1897 2182 1899 2220 ἐ

457 2260 500 2296 et
521 2252 642 2296 aliud
659 2251 816 2296 cecidit
832 2252 878 2295 in
900 2252 1036 2307 viam,
1063 2251 1184 2296 aliud
1203 2252 1247 2295 in
1272 2261 1462 2309 petrosa,
1491 2251 1612 2296 aliud
1633 2252 1748 2296 inter
1765 2251 1855 2311 spi-
1896 2254 1900 2287 ἲ

458 2338 533 2367 nas
560 2342 570 2367 ε
604 2322 808 2382 dignatus
835 2330 898 2366 est
926 2322 1016 2382 ipse
1046 2337 1261 2382 exponere
1290 2321 1647 2378 similitudinem,
1680 2332 1724 2366 et
1751 2337 1854 2366 cum

453 2393 642 2438 venisset
663 2392 718 2437 ad
740 2401 909 2452 petrosa
925 2428 935 2447 ,
965 2393 1046 2436 hoc
1069 2392 1128 2436 ait
1151 2412 1159 2437 :
1191 2411 1210 2434 «
1237 2393 1290 2436 Hi
1326 2402 1428 2436 sunt
1450 2393 1526 2454 qui
1550 2393 1735 2437 audiunt
1756 2408 1856 2436 ver·
1896 2419 1900 2453 3

460 2481 480 2505 »
516 2464 645 2519 bum,
672 2473 716 2508 et
747 2462 804 2507 ad
824 2464 976 2507 horam
1001 2462 1193 2522 gaudent
1216 2462 1271 2506 ad
1292 2464 1497 2519 verbum,
1530 2473 1573 2507 et
1598 2464 1643 2507 in
1666 2463 1854 2508 tribula-
1895 2461 1898 2524 ξι

458 2552 479 2576 »
514 2535 632 2579 tione
654 2550 753 2595 quae
788 2534 838 2577 fit
859 2542 1036 2593 propter
1069 2533 1280 2589 verbum,
1312 2534 1522 2578 continuo
1544 2534 1845 2578 scandalizan-
1894 2556 1898 2584 ι

457 2623 479 2647 »
514 2614 630 2650 tur.»
651 2604 767 2659 Quid
785 2605 902 2649 enim
918 2603 1083 2648 dixerat
1102 2603 1156 2647 de
1178 2605 1242 2648 his
1257 2620 1356 2665 quae
1367 2605 1558 2649 exierant
1574 2605 1620 2649 in
1637 2605 1848 2665 petrosis?

458 2696 480 2720 «
512 2679 677 2722 Exorto
693 2675 799 2733 sole,
823 2675 981 2737 inquit,
1000 2684 1224 2731 aruerunt,
1242 2675 1344 2736 quia
1361 2691 1452 2720 non
1464 2675 1687 2720 habebant
1708 2674 1842 2720 altam
1895 2679 1898 2733 ᾗ
