1926 3339
466 254 550 294 478
912 260 945 289 s.
982 260 1213 291 Aueus'nm
1246 263 1430 290 EP1scom

462 341 606 376 tuum.
635 347 656 372 «
678 331 730 373 In
749 328 866 372 tubis
884 327 1121 373 ductilibus
1142 338 1184 373 et
1199 344 1304 375 voce
1322 327 1444 372 tubae
1459 340 1646 383 corneae,
1666 327 1854 387 jubilate

465 421 485 446 »
521 403 568 446 in
588 410 825 461 conspectu
846 401 958 460 regis
979 401 1168 445 Domini.
1199 419 1218 442 »

531 474 655 516 VIII.
696 474 753 516 Et
786 471 908 515 vobis
936 470 1226 530 jubilantibus
1262 479 1306 514 et
1340 469 1636 514 exultantibus
1663 469 1708 512 in
1741 468 1853 513 tubis

465 542 705 588 ductilibus
724 551 767 586 et
787 541 833 586 in
854 557 960 587 voce
983 541 1102 585 tubae
1122 555 1307 595 corneae,
1325 540 1434 600 quid
1454 540 1714 600 sequitur?«
1729 541 1856 584 Com·

465 633 485 655 »
521 622 748 657 moveatur
780 628 898 656 mare
922 622 965 656 et
988 610 1218 671 plenitudo
1249 612 1339 671 ejus
1361 612 1391 653 1.
1424 629 1443 651 e)
1470 613 1668 665 Fratres,
1693 608 1856 669 praedi-

464 683 665 728 cantibus
686 683 911 727 veritatem
929 681 1160 743 Apostolis,
1185 692 1396 742 tanquam
1414 681 1528 725 tubis
1550 680 1790 725 ductilibus
1812 689 1856 725 et

464 755 577 799 tubis
600 755 766 799 corneis
781 790 791 810 ,
817 763 1087 799 commotum
1114 763 1178 797 est
1202 768 1344 808 mare,
1370 760 1648 797 surrexerunt
1667 752 1853 807 fluctus,

462 835 694 872 creverunt
723 835 1025 886 tempestates,
1059 824 1186 869 factae
1220 834 1323 869 sunt
1344 821 1666 884 persecutiones
1701 822 1857 868 Eccle-

464 899 551 943 siae.
578 897 703 943 Unde
732 908 1004 943 commotum
1036 907 1099 942 est
1121 900 1269 943 mare?
1290 900 1404 943 Cum
1419 896 1722 957 jubilabatur,
1754 911 1857 940 cum

466 970 732 1030 psallebatur
764 973 852 1014 Deo
868 1005 879 1025 ,
905 970 981 1014 Dei
1013 985 1136 1013 aures
1159 969 1491 1013 delectabantur
1507 1004 1518 1024 ,
1544 969 1670 1013 maris
1692 968 1853 1012 fluctus

466 1041 782 1086 excitabanum
818 1060 838 1082 «
876 1042 1213 1086 Commoveatur
1243 1055 1360 1084 mare
1395 1049 1439 1084 et
1468 1039 1698 1099 plenitudo
1731 1039 1822 1098 ejus
1843 1073 1855 1094 ,

469 1132 488 1154 »
525 1113 640 1156 orbis
664 1121 790 1155 terrae
812 1121 856 1155 et
876 1127 1026 1156 omnes
1049 1111 1294 1156 habitantes
1316 1112 1362 1154 in
1385 1126 1452 1155 eo.
1472 1129 1492 1153 »
1514 1113 1853 1156 Commoveatur

466 1198 583 1227 mare
600 1183 646 1226 in
666 1182 1057 1242 persecutionibus.
1088 1201 1108 1224 ι(
1133 1182 1337 1226 Flumina
1354 1181 1567 1241 plaudent
1588 1181 1790 1226 manibus
1812 1181 1859 1224 in

468 1274 487 1296 »
523 1254 758 1314 idipsum2.
783 1273 804 1297 »
837 1257 1066 1299 Moveatur
1087 1269 1226 1310 mare,
1254 1264 1298 1298 et
1319 1253 1503 1298 flumina
1527 1252 1741 1313 plaudent
1761 1267 1858 1296 ma-

464 1326 594 1370 nibus
617 1327 664 1371 in
683 1325 874 1387 idipsum
896 1346 904 1371 ε
934 1328 1053 1381 fiunt·
1065 1325 1385 1387 persecutiones
1404 1361 1415 1381 ,
1440 1335 1482 1370 et
1505 1325 1701 1385 gaudent
1721 1323 1859 1369 sancti
1893 1361 1898 1364 .

463 1399 509 1443 in
543 1405 692 1443 Deum.
731 1399 856 1443 Unde
891 1399 1073 1444 flumina
1101 1397 1313 1459 plaudent
1344 1398 1582 1442 manibus?
1610 1397 1729 1451 Quid
1763 1406 1853 1450 est,

463 1469 672 1530 plaudere
693 1471 924 1515 manibus?
941 1470 1142 1515 Gaudere
1165 1470 1385 1531 operibus.
1412 1468 1641 1525 Plaudere,
1668 1467 1858 1528 gaudere

464 1551 555 1586 est:
576 1542 777 1603 manibus
797 1577 808 1597 ,
834 1541 1052 1602 operibus.
1079 1545 1187 1595 Quae
1220 1541 1435 1585 flumina?
1468 1544 1586 1595 Quos
1618 1544 1732 1585 Deus
1752 1540 1858 1585 fecit

463 1613 645 1658 flumina
663 1649 674 1669 ,
700 1613 847 1658 dando
868 1613 949 1658 illis
970 1613 1092 1658 illam
1114 1630 1274 1674 aquam
1298 1614 1508 1673 Spiritum
1529 1622 1744 1658 sanctum.
1767 1631 1788 1655 «
1814 1612 1858 1657 Si

465 1703 486 1726 »
521 1686 618 1746 quis
650 1686 740 1730 sitit
761 1721 772 1742 ,
807 1686 977 1746 inquit,
1014 1686 1160 1731 veniat
1189 1695 1232 1732 et
1254 1686 1392 1730 bibat.
1418 1685 1503 1738 Qui
1526 1684 1664 1729 credit
1685 1685 1732 1728 in
1754 1699 1823 1728 me
1839 1719 1850 1740 ,

465 1775 486 1798 »
521 1756 704 1801 flumina
734 1772 861 1817 aquae
878 1756 988 1801 vivae
1018 1757 1158 1801 fluent
1183 1756 1238 1801 de
1259 1765 1411 1800 ventre
1433 1757 1469 1817 ej
1479 1757 1567 1800 us3.
1595 1773 1616 1798 »
1653 1759 1740 1800 Ista
1767 1756 1855 1800 ssu-

462 1827 581 1872 mina
602 1827 805 1872 manibus
827 1827 1099 1887 plaudebant
1118 1863 1129 1883 ,
1153 1828 1234 1872 ista
1256 1827 1439 1872 flumina
1461 1826 1666 1888 operibus
1689 1825 1856 1886 gaude-

463 1897 598 1955 bant,
623 1907 668 1942 et
683 1901 824 1942 Deum
846 1896 1183 1943 benedicebant,

517 1972 595 2014 IX.
621 1989 642 2012 «
666 1972 838 2015 Montes
861 1968 1124 2014 exultabunt
1144 1985 1166 2014 a
1190 1968 1300 2015 facie
1321 1969 1519 2026 Domini,
1544 1970 1755 2030 quoniam
1776 1983 1854 2015 ve-

463 2059 483 2082 »
518 2042 598 2097 nit,
614 2041 823 2102 quoniam
844 2042 964 2086 venit
981 2040 1178 2101 judicare
1201 2050 1362 2086 terram
1377 2042 1408 2085 4.
1423 2059 1444 2083 »
1472 2041 1637 2100 Magni,
1663 2049 1850 2085 montes.

461 2112 592 2156 Venit
613 2116 728 2157 Deus
744 2112 940 2173 judicare
962 2121 1121 2157 terram
1139 2147 1150 2168 ,
1171 2121 1214 2157 et
1231 2111 1437 2171 gaudent.
1458 2114 1569 2157 Sunt
1590 2112 1706 2156 enim
1723 2127 1853 2156 mon-

460 2192 521 2227 tes
536 2219 547 2239 ,
568 2184 645 2245 qui
666 2193 853 2228 venturo
870 2183 1052 2228 Domino
1070 2183 1268 2245 judicare
1285 2193 1444 2228 terram
1461 2218 1472 2239 ,
1494 2184 1848 2228 contremiscent,

456 2256 572 2312 Ergo
609 2264 712 2299 sunt
751 2264 921 2300 montes
960 2255 1067 2299 boni
1087 2290 1098 2308 ‚
1140 2264 1242 2299 sunt
1288 2264 1458 2299 montes
1493 2254 1597 2299 mali
1623 2275 1634 2312 3
1680 2263 1852 2299 montes

458 2325 565 2369 boni
584 2361 594 2381 ,
619 2326 878 2385 magnitudo
913 2325 1113 2385 spiritalis
1139 2347 1150 2384 3
1175 2335 1343 2370 montes
1366 2326 1494 2382 mali,
1532 2335 1679 2370 tumor
1700 2340 1852 2385 super-

456 2395 557 2439 biae.
588 2415 607 2438 «
631 2399 802 2441 Montes
831 2395 1090 2441 exultabunt
1112 2412 1136 2440 a
1165 2395 1276 2441 facie
1306 2397 1505 2452 Domini,
1541 2397 1751 2458 quoniam
1774 2411 1851 2441 ve-

461 2485 482 2509 »
517 2468 609 2523 nit,
646 2468 854 2529 quoniam
878 2469 999 2513 venit
1025 2467 1222 2529 judicare
1253 2477 1428 2513 terram.
1460 2488 1480 2510 η
1507 2472 1650 2522 Quare
1670 2468 1846 2523 veniet,

458 2548 500 2584 et
530 2539 753 2601 quomodo
782 2541 957 2586 veniet?
992 2560 1012 2583 «
1042 2540 1260 2594 Quoniam
1293 2541 1413 2585 venit
1440 2540 1638 2601 judicare
1674 2548 1844 2584 terram.

507 2631 515 2648 ¹
542 2624 622 2657 Psal.
644 2635 740 2668 xcvu,
761 2635 791 2667 7.
810 2642 852 2648 —-
871 2631 884 2648 ²
904 2625 986 2658 Ibid.
1008 2625 1040 2658 8.
1061 2641 1101 2681 -ἶ-
1125 2623 1138 2649 3
1157 2628 1249 2659 Joan.
1266 2637 1322 2669 vn,
1343 2626 1459 2669 37-39.
1481 2642 1522 2648 —
1540 2626 1557 2652 4
1578 2625 1655 2658 Psal.
1676 2635 1772 2667 xcvu,
1790 2635 1822 2667 9.
