1926 3339
0 0 37 163 l

25 171 31 244 g

23 303 27 369 f
367 316 608 344 minian-10
641 318 683 343 m
717 314 920 344 PsALMUM
953 318 1134 345 Lxxxix.
1348 309 1432 347 293

21 373 26 449 ς’
54 398 136 443 qua
153 383 292 442 justos
314 397 413 427 suos
430 382 485 426 ab
506 381 647 440 impiis
669 381 912 439 segregabit
928 401 937 426 :
953 382 1053 441 quia
1072 391 1115 425 et
1133 382 1222 440 ipsa
1243 382 1354 426 benc
1377 384 1434 427 sic

20 460 23 476 ⁴
52 454 307 508 innotescit,
336 469 434 498 cum
461 451 653 511 flagellat
681 467 854 496 omnem
882 453 1045 507 filium,
1077 468 1208 512 quem
1234 453 1431 511 recipit¹,

51 540 129 570 nec
146 524 191 568 in
212 524 399 583 peccatis
417 523 502 568 suis
524 523 765 583 prosperari
785 523 886 568 sinit
908 523 1005 583 plus
1026 523 1250 568 irascendo
1267 559 1277 578 ,
1296 523 1370 567 sed
1388 524 1434 566 in

17 589 20 652 l
49 594 383 640 mansuetudine
404 594 572 638 sinistra
593 594 782 653 flagellat
799 630 809 650 ,
835 604 885 639 ut
905 594 1186 639 emendatum
1210 594 1263 638 ad
1283 594 1435 638 dexte-

16 671 18 724 ξ
49 682 138 710 ram
171 674 307 725 ponat
319 669 351 709 ².
380 668 479 709 »Et
510 664 621 708 illud
649 666 768 725 quod
802 665 1001 726 plerique
1035 665 1202 710 codices
1229 665 1394 709 habent
1422 684 1430 708 :

14 741 17 794 q
53 755 73 779 «
105 739 331 780 Dexteram
354 745 472 780 tuam
488 745 637 780 notam
659 735 727 780 fac
747 736 850 779 mihi
869 772 879 791 ,
906 757 922 777 »
950 735 1005 780 ad
1027 746 1264 796 utrumque
1282 734 1433 779 referri

12 805 17 866 ξ
47 815 210 867 potest,
243 806 331 850 sive
361 805 415 850 ad
438 807 684 861 Christum,
718 806 805 850 sive
838 805 893 850 ad
924 816 1130 850 aeternam
1164 806 1431 850 felicitatem.

11 878 14 903 ¹
47 880 152 923 Nam
168 880 279 920 Deus
300 876 358 920 ita
382 893 470 920 non
488 877 622 921 habet
639 875 872 936 corporalis
889 875 1039 920 formae
1062 876 1298 930 dexteram,
1324 877 1434 919 sicut

9 948 13 992 ἕ
46 963 124 992 nec
145 948 254 991 iram
276 947 644 992 commotionibus
662 947 977 992 turbulentam.

8 1065 11 1089 ἱ
100 1020 227 1062 XIII.
261 1018 390 1071 Quod
410 1033 513 1062 vero
545 1017 744 1078 adjungit
770 1037 778 1062 ς
807 1020 904 1062 «Et
932 1018 1200 1077 compeditos
1224 1016 1355 1061 corde
1388 1017 1432 1059 in

7 1094 11 1142 ξ
44 1089 249 1149 sapientia
274 1108 282 1133 z
312 1108 331 1130 »
367 1088 438 1132 alii
470 1088 640 1133 codices
676 1104 766 1133 non
797 1089 988 1143 habent,
1025 1109 1045 1130 «
1071 1087 1380 1147 Compeditos,
1409 1106 1428 1128 η

5 1148 9 1208 i
44 1159 142 1213 sed,
174 1158 424 1203 «eruditos.
454 1177 474 1200 »
498 1160 693 1203 Verbum
725 1159 841 1203 enim
865 1175 1055 1218 graecum
1086 1160 1143 1203 ita
1172 1160 1217 1202 in
1247 1168 1432 1217 utraque

4 1218 8 1282 l
43 1229 357 1288 significatione
390 1229 585 1273 similiter
618 1239 764 1285 sonat,
802 1239 853 1273 ut
884 1246 971 1273 una
1004 1229 1169 1287 syllaba
1201 1228 1430 1288 paululum

2 1325 6 1354 1
43 1300 230 1345 differat.
250 1301 333 1346 Sed
351 1316 451 1345 cum
469 1299 533 1344 illi
552 1301 865 1345 erudianturin
881 1301 1105 1360 sapientia,
1122 1299 1197 1359 qui
1214 1301 1429 1359 injiciunt,

2 1362 5 1385 '
41 1370 150 1415 sicut
184 1371 392 1430 scriptum
422 1381 485 1415 est
516 1390 524 1415 ;
555 1391 575 1413 «
602 1370 762 1415 Pedem
792 1371 836 1414 in
865 1370 1097 1430 compedes
1130 1371 1218 1430 ejus
1238 1371 1269 1424 ³,
1295 1389 1314 1410 »
1341 1385 1430 1413 non

0 1435 4 1477 l
41 1442 194 1501 utique
216 1441 372 1500 pedem
395 1443 586 1500 corporis
606 1477 617 1497 ,
649 1441 724 1485 sed
748 1440 903 1500 pedem
926 1440 1068 1485 cordis
1084 1477 1094 1494 ,
1133 1450 1175 1484 et
1197 1442 1287 1500 ejus
1310 1439 1430 1483 velut

0 1563 2 1578 s
42 1511 181 1556 aureis
198 1511 384 1555 vinculis
407 1511 560 1570 illigati
584 1527 607 1554 a
625 1513 690 1555 via
713 1511 791 1555 Dei
813 1527 902 1555 non
927 1511 1197 1565 exorbitant,
1219 1527 1297 1554 nec
1320 1512 1431 1553 fiunt

0 1579 1 1617 ἕ
45 1583 99 1627 ab
121 1581 197 1627 illo
220 1581 391 1641 fugitivi
415 1602 423 1627 :
458 1581 688 1642 quodlibet
709 1583 866 1626 horum
888 1582 1073 1640 legatur,
1098 1581 1214 1626 salva
1243 1592 1305 1625 est
1331 1598 1432 1625 sen-

38 1654 173 1698 tentia
190 1653 396 1697 veritatis.
422 1655 478 1697 Et
500 1653 611 1712 ipsos
640 1653 755 1696 enim
783 1672 802 1695 «
828 1652 1108 1712 Compeditos
1133 1671 1153 1693 »
1174 1652 1243 1696 vel
1270 1672 1289 1693 «
1316 1655 1431 1695 Eru-

46 1743 63 1766 »
98 1723 211 1767 ditos
232 1724 363 1768 corde
383 1723 427 1768 in
452 1724 660 1783 sapientia
677 1759 687 1779 ,
712 1743 731 1765 »
751 1723 809 1768 sic
832 1732 959 1768 notos
987 1727 1100 1767 Deus
1121 1722 1223 1767 fecit
1241 1723 1285 1766 in
1309 1726 1431 1767 Novo

42 1797 316 1838 Testamento
332 1829 343 1849 ,
378 1804 428 1838 ut
455 1810 534 1853 pro
568 1794 655 1838 fide
676 1810 808 1854 quam
845 1795 1101 1839 Judaeorum
1126 1803 1168 1838 ct
1190 1794 1429 1838 Gentilium

39 1863 336 1908 detestabatur
375 1865 604 1923 impietas,
641 1866 786 1909 onmia
818 1874 1169 1921 contemnerent,
1207 1875 1250 1909 et
1289 1865 1348 1907 eis
1386 1880 1430 1907 se

38 1935 195 1993 privari
212 1943 480 1994 paterentur,
506 1951 604 1994 quae
623 1950 777 1993 magna
802 1944 959 1995 putant
979 1936 1185 1995 promissa
1206 1936 1251 1978 in
1274 1937 1431 1979 Vetere

42 2008 338 2059 Testamento,
364 2005 438 2065 qui
456 2005 688 2049 carnaliter
700 2006 915 2065 judicant.

96 2077 214 2119 XIV.
242 2078 299 2119 Et
318 2075 525 2136 quoniam
544 2091 643 2119 cum
668 2075 726 2120 sic
750 2078 842 2120 noti
865 2077 1041 2131 flerent,
1066 2085 1115 2120 ut
1135 2075 1208 2119 illa
1230 2085 1429 2120 contem-

40 2154 207 2200 nerent,
225 2155 267 2189 et
286 2145 581 2190 desiderandis
597 2147 768 2190 aeternis
791 2162 865 2205 per
887 2163 983 2191 suas
998 2147 1215 2206 passiones
1233 2147 1431 2190 testinio-
1478 2139 1490 2152 ⁰

39 2217 160 2260 nium
194 2217 500 2276 perhiberent,
531 2217 650 2260 unde
689 2227 731 2260 et
765 2227 892 2261 testes
925 2218 1030 2262 dicti
1060 2227 1186 2271 sunt,
1223 2218 1281 2261 sic
1314 2218 1430 2261 enim

40 2303 177 2346 graece
203 2291 416 2345 Martyres
451 2287 742 2347 appellantur,
777 2288 914 2332 multa
949 2298 992 2332 et
1024 2288 1212 2332 multum
1245 2287 1356 2332 mala
1388 2297 1431 2331 et

39 2359 192 2403 acerba
221 2358 475 2418 temporalia
513 2358 788 2418 pertulerunt
812 2379 820 2403 ε
856 2360 940 2404 hoc
969 2359 1158 2404 attendit
1191 2361 1269 2404 iste
1299 2361 1430 2403 homo

39 2429 132 2483 Dei,
159 2439 202 2474 et
218 2429 393 2489 spiritus
415 2430 696 2489 propheticus
718 2445 796 2488 per
817 2430 957 2488 Moysi
980 2430 1243 2474 vocabulum
1268 2430 1432 2489 figura-

39 2508 128 2555 tus,
165 2509 208 2543 et
230 2501 290 2544 ait
309 2519 318 2545 z
340 2520 359 2542 «
381 2502 646 2544 Convertere
664 2536 675 2555 ,
701 2501 884 2545 Domine
899 2536 910 2556 ,
935 2517 1164 2562 quousque
1179 2536 1190 2556 ,
1216 2510 1258 2545 et
1276 2501 1431 2561 depre-

89 2616 96 2631 ¹
119 2609 216 2640 Helm
236 2620 292 2645 ’(ῐι,
317 2602 349 2640 6.
371 2627 410 2632 -
437 2617 448 2631 ²
468 2609 579 2641 Mattlr
607 2620 683 2647 ην,
709 2610 762 2645 32,
783 2609 834 2640 33.
855 2626 894 2630 —
921 2607 933 2630 3
952 2609 1045 2640 Ecrli.
1074 2621 1118 2645 w,
1135 2609 1188 2640 95.
