1926 3339
476 345 560 386 284
891 361 923 387 s.
960 359 1188 387 mmmmm
1221 358 1401 386 Emscom

472 562 526 578 ΛΑΑ
530 558 1153 577 ΜΨἏΝΝἏΝᾺΜΜΜνννἋΜΑΊᾸΛΛΑΝἏΊ
1157 556 1858 575 mwvkumwumxmummmmws

976 677 1360 727 ENARRATIO

815 842 877 880 IN
922 839 1221 882 PSALMUM
1260 839 1528 879 LXXXIX.

536 1001 572 1041 Ι.
603 1016 623 1040 «
646 998 812 1041 ORATIO
833 996 974 1054 Moysi
999 995 1187 1040 hominis
1210 994 1309 1039 Dei¹
1333 1028 1343 1049 ‚
1375 1012 1392 1035 »
1420 991 1616 1037 Psalmus
1646 991 1725 1035 iste
1745 1006 1860 1051 prae-

479 1078 655 1113 notatur
681 1083 791 1127 :per
818 1083 949 1128 quem
982 1067 1205 1110 hominem
1241 1080 1368 1109 suum
1407 1067 1520 1108 Deus
1551 1066 1712 1121 Legem
1743 1061 1863 1106 dedit

1891 547 1894 579 ἐ
1904 558 1920 575 »a

1896 995 1897 998 ’
1912 1007 1925 1036 a

1895 1081 1898 1106 ι
1917 1062 1926 1107 l

478 1138 641 1199 populo
665 1154 758 1192 suo,
784 1153 914 1198 quem
937 1153 1015 1197 per
1037 1136 1239 1180 eumdem
1261 1135 1483 1180 hominem
1505 1148 1635 1178 suum
1657 1132 1711 1176 de
1733 1132 1863 1176 domo
1896 1149 1898 1162 ·
1916 1148 1922 1175 :

478 1211 694 1255 servitutis
711 1208 900 1253 liberans
915 1244 925 1263 ‚
952 1207 1237 1268 quadraginta
1257 1222 1391 1251 annos
1413 1222 1489 1265 per
1512 1220 1705 1249 eremum
1724 1204 1860 1248 duxit.

477 1282 580 1325 Fuit
596 1296 698 1339 ergo
716 1283 886 1337 Moyses
899 1279 1093 1323 minister
1113 1278 1377 1322 Testamenti
1399 1277 1567 1321 Veteris
1583 1285 1625 1319 et
1646 1276 1861 1335 propheta

481 1351 743 1395 Testamenti
764 1350 888 1396 Novi.
921 1370 940 1391 «
966 1349 1121 1393 Omnia
1144 1349 1307 1409 quippe
1336 1346 1409 1391 illa
1439 1348 1485 1390 in
1521 1348 1658 1405 figura
1692 1345 1865 1390 eontin-

480 1441 500 1463 »
538 1423 699 1482 gebant
721 1421 767 1465 in
787 1421 886 1476 illis,
912 1421 1023 1465 sieut
1045 1420 1104 1464 ait
1127 1418 1360 1479 Apostolus
1386 1438 1395 1463 ε
1420 1418 1575 1477 scripta
1599 1426 1699 1461 sunt
1721 1425 1867 1460 autem

1896 1207 1926 1249 ,ἑ

1897 1350 1926 1389 ξπ

1887 1432 1926 1473 If

482 1511 501 1534 »
537 1493 592 1538 ad
620 1492 936 1552 correptionem
963 1500 1171 1546 nostram,
1192 1490 1236 1533 in
1259 1505 1367 1550 quos
1390 1489 1485 1532 finis
1504 1486 1762 1532 saeculorum
1785 1487 1866 1531 ob-
1897 1488 1900 1523 ἓ
1924 1507 1926 1509 ’

483 1582 502 1605 »
537 1564 700 1607 venit‘2.
730 1582 749 1604 »
790 1562 1040 1607 Secundum
1069 1562 1183 1605 hane
1216 1576 1319 1619 ergo
1357 1558 1722 1618 dispensationem
1769 1573 1868 1618 quae.
1924 1591 1926 1595 .

480 1634 594 1679 faeta
617 1643 680 1677 est
696 1649 774 1693 per
794 1636 993 1690 Moysen,
1011 1631 1304 1691 inspiciendus
1323 1639 1386 1675 est
1403 1631 1482 1674 iste
1500 1629 1711 1685 Psalmus‚
1730 1630 1868 1689 quiex
1899 1647 1901 1650 ·
1920 1647 1926 1671 ,2

480 1705 571 1763 ejus
594 1704 788 1748 oratione
811 1702 987 1747 titulum
1007 1703 1187 1761 aceepit.

542 1778 600 1818 ΙΙ.
629 1795 645 1814 «
669 1774 875 1828 Domine,
910 1773 1075 1833 inquit,
1099 1771 1319 1832 refugium
1344 1770 1484 1815 factus
1507 1785 1550 1814 es
1581 1770 1707 1814 nobis
1731 1771 1775 1814 in
1798 1785 1871 1829 ge·
1899 1781 1901 1818 ξ

483 1864 504 1886 n
539 1845 763 1888 neratione
785 1853 828 1887 et
847 1843 1124 1903 generatione
1139 1845 1170 1887 3.
1199 1861 1220 1884 »
1249 1843 1346 1887 Sive
1368 1842 1414 1885 in
1437 1841 1555 1886 omni
1575 1841 1867 1900 generatione,

480 1916 568 1960 sive
590 1916 635 1959 in
658 1915 830 1958 duabus
853 1913 1225 1974 ge11e1¹ationihu5‚
1253 1922 1399 1957 vetere
1421 1921 1465 1956 et
1486 1928 1598 1957 nova
1619 1931 1627 1957 z
1647 1911 1747 1972 quia
1762 1912 1871 1956 sicut
1900 1903 1903 1939 ἶ

481 1986 584 2043 dixi,
610 1987 806 2031 minister
827 1985 911 2030 fuit
932 1985 1005 2030 ille
1040 1984 1302 2030 Testamenti
1332 1984 1587 2044 pertinentis
1616 1983 1669 2027 ad
1693 1999 1872 2042 genera·

482 2059 646 2102 tionem
668 2067 886 2112 veterem,
923 2066 966 2101 et
993 2057 1207 2116 propheta
1237 2055 1499 2099 Testamenti
1529 2054 1786 2114 pertinentis
1818 2054 1871 2098 ad
1901 2053 1926 2094 f:

483 2129 807 2187 generationem
830 2142 1003 2171 novam.
1022 2128 1156 2186 Cujus
1173 2126 1435 2170 Testamenti
1452 2140 1648 2184 sponsor,
1669 2135 1872 2185 sponsus·
1902 2134 1904 2177 ξ
1924 2160 1926 2164 1

481 2215 568 2260 que
590 2199 778 2260 conjugii
799 2197 920 2258 quod
943 2198 998 2242 de
1015 2197 1087 2241 illa
1111 2196 1387 2255 generatione
1405 2196 1580 2240 sortitus
1603 2205 1683 2250 est,
1704 2196 1762 2240 ait
1782 2195 1872 2256 ipse

482 2273 605 2314 Jesns
622 2305 633 2326 ‚
667 2289 687 2312 «
716 2271 757 2314 Si
780 2269 1012 2313 crederetis
1039 2268 1207 2325 Moysi,
1238 2266 1468 2312 crederetis
1492 2276 1535 2311 et
1562 2267 1694 2325 mihi3
1727 2266 1781 2311 de
1803 2282 1872 2310 me
1902 2270 1922 2304 ³,

485 2359 506 2381 n
541 2340 658 2384 enim
674 2339 747 2383 ilie
769 2339 983 2399 scripsit⁴.
1010 2359 1026 2379 »
1052 2341 1150 2383 Non
1172 2337 1288 2381 enirn
1311 2336 1579 2381 credendum
1613 2345 1677 2381 est
1705 2337 1759 2381 ab
1781 2337 1872 2397 ipso
1903 2324 1926 2380 ἐ

483 2411 664 2456 omnino
696 2413 847 2468 Moyse
879 2410 1009 2454 istum
1044 2408 1266 2454 Psalmum
1294 2407 1424 2452 fuisse
1447 2408 1769 2468 conscriptum,
1796 2408 1872 2468 qui
1902 2424 1905 2462 j

483 2481 582 2525 ullis
607 2481 698 2540 ejus
719 2480 871 2524 litteris
902 2479 1066 2523 inditus
1094 2495 1184 2524 non
1213 2488 1298 2534 est,
1324 2478 1369 2522 in
1398 2478 1558 2538 quibus
1586 2479 1677 2539 ejus
1708 2478 1873 2523 cantica

484 2553 641 2612 scripta
664 2561 765 2595 sunt
787 2570 795 2596 ε
826 2550 901 2595 sed
922 2550 1102 2611 alicujus
1125 2550 1446 2609 significationis
1465 2549 1597 2608 gratia
1621 2559 1709 2594 tam
1728 2549 1873 2609 magni
1902 2544 1926 2589 ²:

533 2657 542 2672 ¹
564 2649 643 2681 Vide
659 2651 693 2681 D.
716 2648 861 2688 Guiilon,
880 2653 959 2680 tom.
980 2659 1049 2690 κῃ,
1069 2659 1141 2690 pag.
1166 2647 1326 2680 561-563.
1347 2664 1387 2670 -
1403 2654 1416 2670 ²
1441 2659 1452 2679 1
1472 2649 1543 2680 Cor.
1565 2658 1597 2688 x,
1620 2659 1669 2680 11.
1692 2665 1732 2670 —
1757 2646 1770 2671 3
1790 2647 1870 2680 Psnl.

489 2717 616 2746 mxxix,
640 2717 666 2736 ι.
689 2723 729 2728 -
751 2704 766 2734 4
793 2707 881 2737 Joan.
907 2716 939 2745 v,
960 2703 1013 2745 46.
