1926 3339
463 254 518 292 30
891 260 924 288 s.
961 260 1191 288 ,mensum
1228 260 1412 288 Emscom

461 338 504 373 et
524 329 616 388 ipso
633 326 800 386 Angelo
821 335 864 370 et
884 325 1059 369 homine
1080 324 1233 379 utitur,
1252 333 1301 368 ut
1324 323 1444 384 quod
1459 323 1497 368 ei
1514 323 1657 383 placet
1675 338 1844 368 annun-

460 399 565 442 tiet?
579 396 782 450 Quamvis
798 395 944 454 itaque
960 395 1049 454 jam
1071 395 1205 438 homo
1223 428 1233 448 ,
1255 392 1400 438 dicat:
1433 412 1452 436 «
1478 397 1652 448 Quanta
1674 393 1846 438 audivi-

462 487 482 509 »
513 484 632 522 mus,
663 475 706 510 et
734 465 1015 524 cognovimus
1044 479 1118 519 ea,
1157 473 1200 507 et
1228 474 1371 523 patres
1392 465 1529 509 nostri
1557 473 1846 509 narraverunt

462 556 482 579 »
517 538 671 582 nobis?
689 555 708 577 »
733 539 894 580 Tamen
911 544 1120 594 tanquam
1143 534 1220 577 Dei
1237 533 1367 578 verba
1384 570 1394 589 ,
1415 550 1505 579 non
1531 545 1736 595 tanquam
1757 534 1845 578 hu-

458 622 605 651 manas
626 605 794 650 fabulas
837 603 1076 648 audiamus.
1109 606 1289 662 Propter
1318 604 1401 648 hoc
1430 605 1546 647 enim
1577 604 1847 663 praemissum

459 686 521 720 est
542 696 551 720 :
581 695 597 716 «
619 673 867 731 Attendite,
891 673 1080 732 populus
1108 687 1253 728 meus,
1280 673 1420 731 legem
1441 688 1582 717 meam
1600 709 1610 728 ,
1641 672 1848 718 inclinate

461 764 481 786 »
517 760 665 788 aurem
685 753 871 787 vestram
887 743 934 786 in
950 743 1084 787 verba
1106 743 1189 786 oris
1212 743 1311 786 mei.
1337 745 1539 802 Aperiam
1566 744 1612 786 in
1634 742 1848 801 parabolis

461 833 481 856 »
517 830 562 859 os
583 830 750 869 meum,
776 813 957 874 eloquar
978 813 1294 877 propositiones
1317 813 1371 856 ab
1393 812 1534 858 initio.
1553 815 1727 866 Quanta
1745 829 1848 872 ergo

462 904 481 927 »
518 886 783 941 audivimus,
807 885 953 945 inquit
970 920 980 940 ,
1002 893 1045 928 et
1073 884 1357 944 cognovimus
1380 899 1429 927 ea
1446 919 1456 938 ,
1483 893 1526 927 et
1546 893 1689 943 patres
1711 884 1848 928 nostri

460 975 481 998 »
517 966 801 1001 narraverunt
823 957 975 1001 nobis?
995 974 1015 997 n
1043 956 1111 1001 Sic
1135 965 1220 1010 est,
1251 975 1269 997 «
1293 955 1550 1000 Audivimus
1574 946 1616 999 et
1640 956 1849 1015 cognovi-

463 1046 481 1068 »
518 1043 640 1085 mus,
668 1045 688 1068 »
715 1026 964 1087 quomodo:
995 1026 1152 1071 «Audi
1175 1025 1262 1069 filia
1281 1035 1323 1070 et
1340 1025 1480 1069 vide1.
1505 1044 1523 1067 »
1545 1025 1706 1070 Audita
1731 1026 1848 1070 enim

459 1108 561 1141 sunt
582 1097 627 1141 in
649 1097 794 1140 Veteri
825 1099 1124 1151 Testamento,
1151 1112 1251 1156 quae
1275 1105 1599 1154 cognoscuntur
1619 1096 1665 1140 in
1688 1099 1811 1142 Novo
1835 1115 1845 1142 ι

460 1167 606 1212 audita
641 1183 742 1212 cum
783 1168 1170 1227 prophetarentur,
1204 1168 1375 1225 cognita
1409 1183 1509 1212 cum
1542 1166 1844 1227 implerentur.

461 1239 545 1283 Ubi
580 1239 804 1298 promissio
827 1238 1040 1293 redditur,
1066 1254 1157 1282 non
1178 1236 1405 1282 fraudatur
1427 1237 1604 1283 auditio.
1635 1257 1655 1281 «
1679 1241 1736 1282 Et
1767 1254 1848 1298 pa-

461 1326 482 1350 »
518 1319 602 1353 tres
624 1310 781 1364 nostri,
803 1312 976 1366 Moyses
998 1318 1041 1353 et
1063 1309 1291 1369 Prophetae
1307 1345 1318 1364 ,
1347 1319 1634 1354 narraverunt
1655 1309 1794 1353 nobis.
1825 1329 1843 1352 »

517 1382 594 1423 VI.
621 1398 641 1421 (ι
660 1382 758 1425 Non
775 1389 877 1423 sunt
894 1379 1149 1424 abscondita
1167 1397 1189 1424 a
1207 1379 1304 1424 filiis
1321 1395 1489 1437 eorum,
1505 1382 1550 1425 i'n
1572 1380 1848 1439 generatione

459 1467 479 1491 »
518 1449 668 1494 altera.
695 1467 716 1491 »
743 1453 846 1513 Haec
868 1459 931 1494 est
948 1459 1093 1494 nostra
1113 1451 1333 1509 generatio
1349 1451 1419 1506 ,in
1434 1467 1521 1512 qua
1541 1451 1665 1495 nobis
1687 1450 1848 1496 donata

457 1529 520 1565 est
536 1521 818 1580 regeneratio.
854 1539 872 1562 «
900 1520 1221 1565 Annuntiantes
1242 1520 1393 1565 laudes
1411 1521 1596 1577 Domini,
1621 1530 1664 1565 et
1689 1530 1849 1582 poten-

460 1608 480 1632 »
516 1591 593 1635 tias
611 1592 723 1651 ejus,
744 1599 789 1635 et
804 1589 1018 1635 mirabilia
1042 1591 1134 1651 ejus
1155 1607 1253 1652 quae
1270 1589 1372 1636 fecit
1384 1595 1416 1635 ².
1436 1591 1591 1636 »Ordo
1608 1592 1848 1637 verborum

455 1672 518 1707 est
546 1681 555 1707 :
584 1682 604 1705 «
628 1665 685 1706 Et
711 1671 855 1722 patres
876 1662 1014 1706 nostri
1036 1672 1322 1707 narraverunt
1344 1663 1469 1708 nobis
1488 1699 1499 1720 ,
1535 1664 1846 1710 annuntiantes

456 1753 477 1777 »
513 1733 661 1779 laudes
684 1734 873 1779 Domini.
901 1753 919 1776 »
953 1734 1179 1779 Laudatur
1201 1735 1411 1780 Dominus
1433 1745 1484 1780 ut
1508 1745 1692 1782 ametur.
1728 1735 1846 1790 Quid

454 1805 569 1849 enim
587 1805 802 1849 salubrius
825 1806 1025 1849 amatur?

511 1878 611 1920 VII.
634 1895 654 1918 «
674 1878 731 1920 Et
753 1875 978 1920 suscitavit
1006 1875 1320 1921 Testimonium
1347 1877 1393 1921 in
1413 1877 1550 1923 Jacob
1567 1913 1578 1934 ,
1610 1887 1653 1923 et
1682 1880 1845 1938 Legem

456 1963 477 1987 »
511 1946 658 2006 posuit
678 1946 723 1990 in
740 1945 871 1990 Israel
886 1947 918 1990 ³.
943 1963 963 1987 »
989 1948 1084 1990 Hoc
1107 1955 1171 1991 est
1186 1946 1359 1991 initium
1375 1982 1386 2003 ,
1411 1947 1466 1992 de
1488 1964 1576 2009 quo
1598 1963 1728 2009 supra
1751 1947 1844 1994 dic-

452 2025 547 2062 tum
571 2027 656 2074 est,
689 2037 710 2061 «
740 2017 935 2078 Eloquar
967 2018 1284 2078 propositiones
1307 2019 1361 2063 ab
1379 2019 1554 2065 initio.»
1577 2020 1757 2066 Initium
1779 2029 1844 2066 est

450 2103 552 2146 ergo
574 2091 708 2133 Vetus
733 2091 1057 2133 Testamentum
1071 2124 1087 2144 ,
1111 2088 1208 2132 finis
1225 2091 1413 2134 Novum.
1437 2091 1583 2136 Timor
1597 2091 1713 2137 enim
1729 2108 1844 2153 prae-

449 2158 567 2203 valet
598 2159 645 2203 in
672 2162 812 2218 Lege:
845 2168 903 2214 et,
933 2159 1150 2203 «Initium
1166 2159 1387 2220 sapientiae
1408 2160 1540 2206 timor
1573 2163 1794 2209 Domini4:
1817 2182 1838 2206 n

453 2247 474 2270 »
510 2229 627 2273 Finis
659 2239 804 2273 autem
827 2230 951 2287 Legis
973 2230 1172 2274 Christus
1193 2240 1256 2274 est
1284 2230 1339 2274 ad
1364 2231 1576 2291 justitiam
1599 2234 1718 2279 omni
1747 2250 1842 2279 cre-

454 2317 474 2341 »
510 2299 659 2343 denti⁵
685 2320 694 2345 z
726 2316 814 2360 quo
847 2300 1039 2344 donante
1067 2299 1336 2345 diffunditur
1357 2302 1545 2347 charitas
1568 2305 1612 2348 in
1635 2304 1840 2350 cordibus

452 2388 472 2412 >›
509 2371 664 2415 nostris
687 2386 763 2430 per
787 2371 995 2430 Spiritum
1018 2381 1214 2416 sanctum
1237 2373 1312 2434 qui
1342 2373 1469 2418 datus
1491 2385 1554 2420 est
1575 2376 1700 2421 nobis
1718 2378 1734 2403 ⁶
1762 2397 1771 2422 :
1797 2386 1841 2422 et

452 2458 474 2483 »
508 2451 760 2486 consumata
786 2442 970 2486 charitas
1009 2442 1123 2488 foras
1162 2444 1297 2488 mittit
1336 2445 1537 2490 timorem
1551 2448 1568 2473 ⁷
1582 2482 1592 2502 ,
1629 2448 1839 2508 quoniam

498 2546 506 2561 ¹
536 2539 614 2571 Psal.
643 2550 730 2581 xmv,
750 2550 799 2571 11.
830 2557 871 2562 —
898 2547 910 2562 ²
930 2539 977 2572 Id.
1001 2551 1129 2581 Lxxwi,
1157 2539 1189 2581 4.
1211 2558 1251 2563 -
1276 2539 1288 2563 3
1315 2542 1397 2575 Ibid.
1424 2542 1456 2574 5.
1484 2560 1524 2568 —s
1544 2542 1558 2573 4
1578 2544 1624 2576 Id.
1644 2556 1694 2586 cx,
1717 2533 1768 2579 io.
1795 2562 1836 2582 —‚-

447 2591 464 2617 5
488 2595 578 2626 Rom.
607 2605 638 2636 x,
660 2594 691 2636 4.
713 2612 753 2617 -
778 2592 793 2616 6
808 2594 853 2627 Id.
875 2606 910 2637 v,
926 2594 958 2626 5.
973 2611 1014 2617 --
1033 2602 1045 2627 7
1069 2606 1081 2627 ι
1102 2596 1193 2628 Joan.
1213 2606 1259 2638 iv,
1278 2596 1329 2629 18.
