1926 3339
460 298 511 335 17
517 295 541 334 4
874 306 908 334 s.
944 307 1174 335 Aneusnm
1205 307 1385 334 Ertscom

452 372 618 416 habent
637 371 833 416 homines
854 371 984 415 tantis
1005 370 1300 415 resistentibus
1322 369 1552 424 molestiis,
1583 369 1840 429 cupiditati-

455 441 553 496 bus,
566 440 815 499 indigentiis
830 475 841 496 ,
860 439 1215 484 lassitudinibus?
1237 443 1334 485 Non
1353 448 1419 482 est
1438 439 1516 482 ista
1533 454 1649 493 vera,
1666 454 1756 483 non
1777 447 1842 484 est

453 511 645 572 perfecta
662 526 759 570 pax,
778 513 887 563 Quae
905 510 986 554 erit
1003 509 1193 568 perfecta
1211 510 1318 569 pax?
1330 509 1547 568 «Oportet
1559 505 1842 566 corruptibile

454 580 743 631 hoclinduere
759 580 1132 639 incorruptionem
1147 613 1157 631 ,
1177 589 1220 622 et
1241 578 1425 622 mortale
1449 579 1531 623 hoc
1552 577 1842 638 induerexim-

458 670 479 693 >›
514 650 821 695 mortalitatem
834 668 843 693 :
856 658 960 692 tunc
976 650 1051 692 fiet
1068 664 1208 693 sermo
1225 649 1302 708 qui
1320 648 1505 707 scriptus
1529 648 1844 707 estzAbsorpta

459 740 480 764 »
515 730 578 764 est
598 735 713 764 mors
734 720 780 763 in
795 719 1033 763 victoriam.
1050 718 1133 762 Ubi
1154 727 1233 772 est,
1262 734 1395 774 mors,
1421 717 1598 762 aculeus
1619 719 1750 762 tuus?
1765 717 1844 762 ubi

460 809 480 833 »
517 800 596 846 est,
609 791 973 841 mors,contentio
986 798 1062 833 tua
1078 791 1090 815 ¹
1107 791 1125 832 Ρ
1142 789 1261 833 »Ubi
1277 790 1394 833 enim
1418 788 1562 834 adhuc
1582 788 1841 844 mortalitas,

457 858 682 920 quomodo
704 868 767 903 est
790 859 918 919 plena
936 860 1045 918 pax?
1063 859 1238 903 Etenim
1256 857 1311 902 de
1330 868 1469 904 morte
1491 859 1614 903 venit
1634 857 1845 903 lassitudo

458 932 538 976 ista
555 966 567 986 ,
596 946 730 992 quam
755 931 1000 975 invenimus
1027 930 1074 973 in
1098 930 1300 974 omnibus
1330 929 1641 975 refectionibus
1671 929 1841 986 nostris.

458 1004 520 1046 De
542 1011 681 1046 morte
704 1011 789 1056 est,
814 1001 915 1062 quia
935 1017 1093 1060 corpus
1116 1000 1298 1045 mortale
1319 1010 1543 1060 portamus
1572 1020 1581 1045 :
1606 999 1730 1062 quod
1746 1000 1847 1060 qui-

459 1071 560 1116 dem
588 1081 812 1116 mortuum
842 1070 947 1116 dicit
975 1070 1208 1130 Apostolus
1236 1080 1280 1115 et
1310 1081 1412 1115 ante
1442 1072 1598 1116 animae
1618 1069 1848 1115 resolutio-

460 1157 579 1186 nem.
621 1161 641 1184 «
672 1145 840 1201 Corpus
873 1140 1051 1202 quidem
1069 1177 1080 1197 ‚
1117 1142 1283 1202 inquit,
1319 1151 1544 1186 mortuum
1577 1150 1642 1186 est
1671 1149 1849 1202 propter

462 1231 482 1254 »
518 1221 746 1272 peccatum
759 1216 790 1256 ².
822 1230 842 1254 »
868 1215 979 1258 Nam
1000 1213 1031 1256 si
1055 1213 1393 1272 perseveraveris
1423 1214 1470 1257 in
1496 1228 1548 1258 eo
1569 1228 1659 1273 quo
1680 1221 1723 1256 te
1744 1212 1848 1256 refi-

460 1285 542 1339 cis,
576 1284 707 1328 etiam
728 1283 937 1328 morieris.
965 1287 1193 1329 Persevera
1215 1285 1261 1328 in
1288 1284 1479 1329 multum
1500 1283 1846 1343 manducand05
1881 1298 1891 1305 ’

460 1355 551 1413 ipsa
574 1370 640 1398 res
662 1363 704 1398 te
733 1355 963 1398 interficiet
988 1374 998 1400 2
1028 1371 1254 1415 persevera
1282 1356 1329 1400 in
1363 1355 1553 1401 multum
1581 1355 1846 1417 jejunando,

459 1424 563 1468 inde
584 1425 779 1469 morieris
807 1445 816 1469 :
847 1425 949 1469 sede
982 1441 1175 1486 semper,
1210 1436 1261 1470 ut
1289 1426 1631 1486 nolissurgere,
1654 1425 1849 1471 morieris

459 1494 561 1539 inde
587 1515 597 1540 :
622 1495 800 1540 ambula
820 1511 1005 1556 semper,
1028 1507 1078 1541 ut
1099 1497 1210 1542 nolis
1230 1498 1478 1558 quiescere3
1502 1498 1699 1543 morieris
1720 1496 1844 1542 inde:
1875 1524 1889 1548 χ

459 1565 592 1624 vigila
612 1582 802 1626 semper,
832 1576 884 1611 ut
911 1568 1023 1612 nolis
1059 1567 1281 1627 dormire,
1311 1569 1505 1613 morieris
1533 1568 1635 1613 inde
1666 1587 1676 1613 z
1707 1567 1850 1613 dormi

460 1650 646 1695 semper,
662 1645 713 1680 ut
733 1635 842 1681 nolis
862 1637 1067 1696 vigilare,
1091 1639 1287 1683 morieris
1308 1638 1425 1682 inde.
1447 1639 1634 1692 Quando
1651 1654 1755 1697 ergo
1778 1637 1852 1682 ab*

460 1715 606 1765 sorpta
627 1706 761 1751 fuerit
783 1723 898 1751 mors
920 1709 967 1751 in
988 1709 1214 1752 victoriam
1231 1745 1241 1765 ,
1281 1725 1373 1754 non
1403 1719 1534 1754 erunt
1556 1710 1638 1754 ista
1663 1729 1672 1754 :
1694 1717 1738 1753 et
1767 1709 1851 1753 erit

460 1791 544 1835 pax
566 1777 695 1836 plena
717 1787 761 1821 et
780 1787 956 1822 aeterna.
978 1779 1150 1824 Erimus
1169 1781 1214 1823 in
1236 1782 1426 1840 quadam
1448 1782 1622 1826 civitate
1643 1801 1652 1826 :
1676 1779 1846 1836 fratres,
1896 1834 1899 1836 q

461 1847 640 1906 quando
675 1846 731 1891 de
766 1847 840 1892 illa
861 1847 1020 1908 loquor
1037 1885 1048 1904 ,
1081 1850 1207 1893 finire
1229 1850 1332 1895 nolo
1348 1887 1359 1906 ,
1383 1861 1428 1896 ct
1450 1852 1635 1896 maxime
1671 1850 1850 1912 quando

460 1917 663 1962 scandala
684 1917 980 1963 crebrescunt.
993 1920 1098 1972 Quis
1120 1936 1211 1964 non
1233 1919 1449 1966 desideret
1469 1921 1589 1966 illam
1609 1923 1845 1977 civitatem,

461 1986 580 2031 unde
602 1988 764 2032 amicus
784 2004 875 2033 non
894 1990 1002 2045 exit,
1027 2006 1116 2050 quo
1137 1991 1338 2036 inimicus
1356 2009 1447 2037 non
1466 1993 1602 2038 intrat
1616 2028 1628 2049 ,
1653 1992 1732 2038 ubi
1751 1990 1850 2036 nul,

459 2056 528 2101 lus
550 2067 740 2102 tentator
761 2069 826 2103 est
841 2094 853 2114 ,
873 2059 1019 2104 nullus
1039 2060 1266 2107 seditiosus
1286 2098 1298 2118 ,
1318 2062 1466 2108 nullus
1481 2063 1680 2109 dividens
1703 2078 1848 2124 popu*

459 2127 553 2172 lum
568 2129 674 2184 Dei,
692 2129 840 2174 nullus
864 2130 1049 2190 fatigans
1068 2131 1306 2177 Ecclesiam
1326 2135 1373 2178 in
1394 2135 1634 2180 ministerio
1654 2133 1818 2179 diaboli
1833 2168 1846 2190 ,

460 2198 641 2258 quando
669 2199 760 2258 ipse
797 2200 997 2261 princeps
1028 2202 1223 2261 ipsorum
1250 2203 1438 2249 mittitur
1469 2205 1517 2248 in
1553 2205 1848 2263 ignemaeter-

459 2282 567 2312 num
583 2304 595 2324 ,
617 2269 727 2314 etthi
747 2285 849 2314 cum
865 2271 942 2316 illo
963 2273 1234 2333 quicumque
1254 2273 1318 2318 illi
1339 2276 1642 2331 consentiunt,
1666 2284 1711 2319 et
1727 2290 1848 2320 rece-

459 2336 563 2382 dere
591 2339 647 2383 ab
684 2355 735 2385 eo
769 2341 959 2386 nolunt?
980 2343 1076 2387 Erit
1111 2359 1216 2403 ergo
1238 2360 1322 2405 pax
1341 2355 1523 2406 purgata
1551 2347 1599 2390 in
1624 2346 1723 2391 filiis
1745 2346 1845 2403 Dei,

459 2411 662 2470 omnibus
679 2414 924 2459 amantibus
941 2431 1002 2471 se,
1017 2417 1270 2463 videntibus
1292 2435 1336 2464 se
1354 2420 1506 2480 plenos
1523 2425 1630 2477 Deo,
1646 2437 1748 2466 cum
1765 2421 1850 2466 erit

460 2485 570 2525 Deus
586 2484 732 2527 omnia
749 2484 796 2527 in
811 2485 1053 2529 omnibusss.
1079 2488 1324 2533 Commune
1344 2491 1642 2550 spectaculum
1663 2491 1847 2536 habebi-

459 2565 558 2595 mus
578 2555 718 2598 Deum
735 2588 746 2610 ,
770 2570 1048 2600 communem
1067 2559 1379 2616 possessionem
1409 2558 1668 2606 habebimus
1688 2564 1842 2618 Deum,

509 2644 519 2660 ¹
539 2649 552 2670 1
572 2640 646 2672 Cor.
662 2651 719 2682 xv,
739 2640 854 2674 53-55.
872 2659 912 2666 -
939 2649 952 2666 ²
971 2644 1064 2675 Rom.
1080 2654 1147 2685 viu,
1168 2655 1215 2676 ιο.
1237 2662 1280 2668 -
1303 2644 1318 2670 3
1343 2658 1356 2678 1
1375 2648 1447 2680 Cor.
1472 2658 1528 2688 xv,
1546 2648 1600 2680 28.
