1926 3339
478 339 559 375 110
919 343 953 372 s.
989 342 1219 370 Aueus‘rmi
1252 341 1433 368 muscum

475 411 741 457 tradictionis
770 409 941 469 probati
962 416 1077 452 sunt.
1102 409 1201 451 Non
1232 419 1334 463 ergo
1362 404 1590 449 erubescas
1619 403 1856 463 praedicare

475 482 594 542 quod
629 481 766 535 nosti,
793 478 1028 524 defendere
1051 486 1094 521 et
1124 477 1237 520 inter
1266 475 1540 535 blasphemos
1567 474 1687 535 quod
1714 474 1858 520 credi-

476 552 591 597 disti.
618 552 661 596 Si
683 550 799 594 enim
820 547 1032 593 exaudiris
1059 547 1106 590 in
1133 546 1387 590 abscondito
1413 546 1698 605 tempestatis,
1728 543 1859 589 corde

477 621 669 668 creditur
687 621 742 664 ad
761 619 970 678 justitiam
992 636 1001 662 ς
1028 616 1061 661 si
1081 616 1276 675 probaris
1292 616 1339 659 in
1355 631 1467 676 aqua
1491 614 1858 670 contradictionis,

477 708 551 737 ore
573 688 786 735 confessio
804 689 853 732 fit
883 687 938 731 ad
965 685 1189 730 salutem1.
1215 690 1382 739 Quanta
1406 695 1470 729 est
1490 685 1606 729 enim
1632 685 1722 744 ipsa
1749 700 1862 745 aqua

477 758 856 806 contradictionis?
892 760 915 801 J
921 772 991 800 am
1018 771 1129 815 pene
1164 756 1319 800 siccata
1357 765 1435 800 est.
1474 758 1710 800 Senserunt
1743 754 1864 798 illam

477 831 658 890 majores
706 827 864 882 nostri,
905 825 1084 888 quando
1123 826 1257 870 verbo
1298 827 1400 881 Dei,
1445 826 1621 885 quando
1658 826 1865 883 mysterio

479 901 639 946 Christi
660 899 814 944 acriter
832 897 1085 942 resistebant
1099 898 1272 951 Gentes,
1296 896 1556 940 turbabatur
1573 912 1699 956 aqua.
1719 900 1865 956 Aquas

479 972 595 1015 enim
622 985 701 1029 pro
727 968 899 1028 populis
922 965 1158 1028 aliquando
1180 965 1483 1025 intelligendas
1505 967 1729 1011 evidenter
1744 970 1866 1026 Apo-

479 1040 663 1099 calypsis
684 1040 902 1098 Scriptura
922 1037 1206 1091 demonstrat,
1222 1036 1300 1080 ubi
1323 1052 1448 1096 aquae
1469 1036 1618 1080 multae
1635 1051 1736 1080 cum
1753 1036 1868 1080 vide-

481 1120 648 1164 rentur,
669 1118 713 1153 et
734 1117 1002 1168 quaereretur
1026 1106 1135 1166 quid
1156 1115 1312 1160 essent,
1338 1121 1591 1166 responsum
1611 1116 1674 1150 est
1694 1122 1703 1147 :
1733 1124 1751 1146 «
1783 1109 1868 1150 Po-

486 1202 504 1222 »
540 1180 631 1240 puli
644 1182 784 1223 sunt'2.
802 1198 819 1219 η
834 1177 1114 1222 Pertulerunt
1127 1192 1230 1235 ergo
1242 1176 1305 1220 illi
1323 1192 1479 1237 aquam
1494 1176 1865 1231 contradictionis,

485 1270 506 1293 «
541 1249 725 1303 Quando
758 1248 1033 1293 fremuerunt
1070 1256 1246 1306 gentes,
1280 1256 1323 1292 et
1355 1247 1507 1307 populi
1536 1246 1733 1291 meditati
1767 1255 1869 1291 sunt

485 1339 505 1362 »
540 1321 679 1363 inania
696 1340 706 1376 3
727 1318 904 1379 quando
919 1318 1149 1362 astiterunt
1167 1332 1285 1375 reges
1306 1327 1447 1372 terrae,
1468 1327 1511 1361 et
1531 1318 1748 1377 principes
1763 1332 1869 1361 con-

541 1399 755 1435 venerunt
800 1389 846 1432 in
884 1403 1023 1432 unum
1060 1387 1263 1432 adversus
1307 1388 1542 1432 Dominum
1581 1396 1626 1431 et
1665 1388 1870 1432 adversus

489 1482 506 1501 »
541 1460 763 1505 Christum
781 1460 915 1518 ejus3.
936 1477 955 1499 »
977 1457 1161 1511 Quando
1186 1458 1459 1502 fremuerunt
1482 1467 1652 1517 gentes,
1678 1468 1784 1502 tunc
1800 1458 1869 1503 leo

483 1531 556 1574 ille
576 1531 670 1575 viro
685 1530 787 1575 forti
803 1533 981 1575 Samson
996 1529 1187 1574 venienti
1210 1529 1264 1574 ad
1286 1529 1531 1574 ducendam
1551 1531 1606 1573 de
1621 1529 1869 1588 alienigenis

485 1603 707 1654 uxorem4,
733 1601 905 1645 Christo
925 1599 1087 1644 scilicet
1109 1599 1390 1644 descendenti
1416 1600 1470 1645 ad
1503 1600 1751 1644 habendam
1781 1604 1870 1646 Ec-

484 1672 655 1716 clesiam
679 1673 733 1716 de
763 1673 1001 1727 Gentibus,
1030 1671 1217 1716 fremens
1249 1673 1340 1716 ibat
1360 1673 1405 1715 in
1431 1673 1619 1716 obviam.
1653 1672 1737 1717 Sed
1762 1672 1870 1733 quid

485 1743 602 1801 egit?
629 1742 833 1801 Accepit,
858 1742 1026 1795 tenuit,
1058 1740 1214 1801 fregit,
1247 1742 1469 1802 dissipavit
1496 1741 1695 1800 leonem,
1731 1742 1869 1788 factus

486 1812 610 1857 estin
623 1813 824 1856 manibus
841 1814 931 1872 ejus
944 1811 1065 1857 velut
1080 1812 1237 1856 hoedus
1255 1828 1497 1872 caprarum.
1523 1812 1639 1865 Quid
1659 1813 1775 1857 enim
1792 1813 1871 1858 fie-

487 1893 552 1928 ret
575 1883 761 1942 populus
780 1881 967 1927 fremens
983 1918 994 1937 ,
1018 1883 1099 1927 nisi
1119 1882 1352 1941 languidus
1374 1885 1600 1943 peccator?
1620 1884 1768 1929 Occisa
1788 1901 1870 1929 au-

488 1963 575 1997 tem
602 1953 675 1997 illa
702 1953 895 2008 feritate,
924 1954 1014 2013 jam
1040 1968 1131 1997 non
1156 1953 1216 1997 sic
1234 1952 1382 1998 fremit
1403 1955 1516 2011 regia
1538 1963 1725 2012 potestas
1742 1990 1753 2010 ,
1780 1971 1870 2001 non

486 2024 545 2068 sic
567 2022 714 2068 fremit
736 2022 926 2083 populus
953 2023 1159 2067 Gentium
1185 2023 1232 2067 in
1252 2023 1425 2068 obviam
1450 2025 1623 2069 Christo
1646 2040 1656 2066 ε
1676 2025 1870 2071 imovero

485 2095 528 2137 in
546 2094 639 2153 ipso
656 2109 790 2152 regno
807 2093 1013 2137 Gentium
1041 2093 1285 2138 invenimus
1305 2093 1421 2153 leges
1438 2110 1517 2154 pro
1538 2094 1744 2151 Ecclesia,
1768 2105 1868 2141 tan-

485 2179 619 2224 quam
634 2163 783 2208 favum
806 2164 853 2207 in
869 2178 943 2208 ore
963 2163 1115 2207 leonis.
1139 2164 1257 2217 Quid
1277 2179 1379 2222 ergo
1394 2166 1483 2225 jam
1498 2175 1689 2210 metuam
1711 2182 1869 2226 aquam

486 2235 866 2290 contradictionis,
893 2251 992 2294 quae
1010 2250 1146 2295 prope
1162 2236 1252 2296 jam
1274 2244 1364 2280 tota
1380 2237 1536 2281 siccata
1552 2239 1640 2281 est‘?
1659 2236 1736 2281 Illa
1758 2253 1870 2298 pene

479 2306 571 2364 jam
588 2305 708 2359 silet,
733 2306 767 2349 si
794 2319 969 2349 amurca
990 2320 1079 2349 non
1099 2305 1383 2351 contradicat.
1409 2307 1744 2361 Quantumlibet
1767 2309 1871 2354 mali

485 2376 664 2421 saeviant
687 2376 815 2421 alieni
831 2411 841 2431 ,
861 2391 887 2420 ο
909 2376 944 2420 si
961 2391 1032 2421 eos
1055 2392 1145 2421 non
1162 2376 1368 2437 adjuvent
1387 2377 1490 2422 mali
1511 2380 1660 2423 nostri.
1679 2398 1701 2421 «
1725 2382 1870 2425 Exau-

487 2465 508 2489 »
545 2446 634 2492 divi
654 2457 696 2491 te
717 2447 762 2491 in
784 2447 1040 2492 abscondito
1075 2448 1337 2507 tempestatis
1358 2484 1368 2503 ,
1406 2449 1588 2508 probavi
1617 2461 1658 2494 te
1687 2451 1730 2495 in
1757 2468 1869 2512 aqua

489 2535 510 2558 »
546 2517 913 2561 contradictionis.
945 2538 962 2559 »
988 2517 1192 2562 Recolitis
1214 2517 1322 2577 quid
1344 2517 1398 2562 de
1416 2519 1588 2564 Christo
1608 2519 1775 2565 dictum
1795 2522 1864 2578 sit,

486 2588 545 2633 sic
567 2598 719 2633 natum
741 2603 841 2632 eum
872 2604 962 2633 esse
991 2588 1038 2633 in
1070 2588 1309 2633 multorum
1339 2591 1530 2647 ruinam,
1559 2600 1603 2635 et
1628 2591 1869 2637 multorum

486 1409 496 1432 )

497 1409 506 1431 n.-

535 2680 542 2696 ¹
562 2676 652 2707 Rom.
674 2684 706 2716 x,
731 2685 782 2708 ιο.
803 2691 844 2697 —
865 2680 877 2696 ²
900 2674 1007 2717 Apoc.
1029 2685 1102 2715 xvu,
1126 2675 1175 2707 15.
1198 2692 1239 2698 —
1259 2673 1273 2699 ³
1296 2675 1374 2708 Psal.
1394 2687 1474 2717 u,1‚
1493 2685 1526 2709 2.
1542 2692 1583 2701 -—
1603 2673 1731 2711 ⁶Judic.
1753 2689 1816 2720 xiv,
1831 2679 1864 2721 4.
