1926 3339
411 289 653 321 ENARRATIO
685 292 730 319 nv
761 291 964 319 PsALMUM
996 294 1108 320 xcvi.
1362 283 1445 324 469

65 368 210 414 nocte,
227 359 362 404 habes
374 358 499 403 illum
516 346 719 402 diessEsto
733 366 874 401 rectus
893 358 1038 413 corde,
1055 367 1098 401 ct
1111 373 1278 418 semper
1292 362 1446 406 esttibi

65 429 121 474 de
141 429 218 473 illo
226 427 491 489 jucunditas.
502 430 601 472 Non
616 427 731 470 enim
743 427 994 487 jucunditas
1010 443 1109 488 quae
1128 437 1190 472 est
1205 431 1447 475 secundum

63 494 298 553 saeculum,
325 513 424 543 vera
441 497 689 557 jucunditas
712 506 788 541 est.
814 497 930 542 Audi
965 499 1223 558 prophetam
1253 502 1407 545 Isa'iam
1436 521 1445 546 :

69 590 91 613 «
114 573 211 615 Non
227 578 290 614 est
308 567 497 628 gaudere
517 567 677 627 impiis,
693 566 799 612 dicit
816 568 1059 613 Dominu51.
1076 588 1095 610 »
1111 570 1309 614 Gaudere
1328 571 1449 632 quod

64 649 224 686 vocant
236 639 374 699 impii,
391 655 481 683 non
495 647 558 682 est
572 638 775 698 gaudere.
791 638 925 692 Quale
938 640 1144 697 gaudium
1161 651 1356 697 noverat,
1373 642 1451 702 qui

63 712 149 756 hoc
176 711 383 770 gaudium
407 709 714 769 improbabat?
733 709 970 754 Credamus
991 710 1080 766 illi,
1112 712 1278 756 fratres.
1307 715 1450 758 Homo

65 792 172 839 erat,
190 782 266 828 sed
283 781 412 826 ambo
430 780 585 840 gaudia
601 791 797 825 noverat.
810 782 969 842 [tique
986 792 1166 827 noverat
1180 783 1334 842 gaudia
1349 784 1452 828 cali-

65 854 139 909 ciS,
156 854 256 914 quia
270 854 403 898 homo
418 862 524 908 erat,
542 862 721 897 noverat
737 851 946 913 gaudium
960 868 1137 909 mensae,
1154 864 1333 899 noverat
1348 871 1452 914 gau-

65 924 187 969 dium
209 924 324 980 lecti,
341 934 521 969 noverat
542 923 699 984 gaudia
720 924 802 968 ista
819 923 1041 969 saecularia
1063 934 1106 969 et
1127 925 1450 970 luxuriosaJHe

65 996 142 1056 qui
163 1005 345 1041 noverat
363 994 438 1040 illa
458 1030 469 1050 ,
495 995 555 1039 ait
584 1010 853 1055 praesumens
873 1012 884 1039 .·
913 1015 933 1037 «
955 998 1053 1041 Non
1076 1005 1140 1040 est
1163 996 1350 1055 gaudere
1371 998 1453 1040 im-

67 1085 88 1110 »
114 1067 209 1127 piis,
231 1066 337 1112 dicit
352 1067 606 1111 Dominus.»
625 1066 709 1112 Sed
731 1083 819 1111 non
835 1068 941 1112 dicit
955 1068 1102 1122 homo,
1124 1068 1368 1112 «Dominus
1384 1068 1454 1112 di-

67 1157 88 1180 »
107 1138 283 1182 cit.»Ex
298 1137 479 1182 veritate
491 1137 712 1193 Domini‚«
729 1140 827 1182 Non
849 1148 912 1182 est
931 1138 1119 1198 gaudere
1142 1139 1328 1199 impiis.»
1345 1142 1455 1184 Nam

64 1206 128 1252 illi
150 1208 231 1252 sibi
249 1207 456 1252 videntur
479 1208 714 1267 gaudere«
729 1211 827 1253 Non
843 1218 907 1253 est
920 1218 1067 1253 autem
1086 1208 1274 1269 gaudere
1293 1210 1452 1269 impiis,

68 1295 89 1319 »
108 1278 228 1334 dicit,
241 1294 331 1323 non
345 1279 494 1333 homo,
507 1278 583 1322 sed
597 1278 823 1323 Dominus.
833 1278 986 1324 »Unde
1001 1279 1074 1323 ille
1090 1280 1232 1339 ipsum
1249 1279 1458 1339 gaudium

62 1347 231 1403 videns,
254 1350 336 1393 ait:
358 1352 450 1394 «Et
467 1349 584 1393 diem
606 1349 836 1393 hominum
859 1364 949 1394 non
967 1351 1213 1409 concupivi,
1232 1359 1281 1394 tu
1302 1350 1452 1395 scis2.»

64 1420 152 1473 Qui
175 1420 282 1464 mihi
306 1420 438 1464 alium
469 1421 584 1464 diem
618 1420 809 1464 ostendis
825 1455 835 1475 ,
867 1420 942 1480 qui
966 1436 1036 1464 me
1058 1420 1186 1466 aliam
1207 1421 1351 1465 lucem
1379 1419 1460 1464 do-

63 1505 132 1534 ces
146 1525 157 1546 ,
182 1491 259 1550 qui
277 1495 346 1534 me
369 1489 745 1550 alia-jucunditate
765 1490 1009 1550 perfundi5‚
1030 1491 1106 1551 qui
1129 1490 1247 1535 aliud
1267 1491 1374 1535 mihi
1391 1491 1460 1534 in-

63 1568 134 1604 tus
156 1560 364 1616 insinuas,
391 1560 530 1604 fecisti
552 1576 622 1604 me
644 1576 734 1604 non
751 1561 1057 1619 concupiscere
1077 1561 1193 1605 diem
1211 1562 1456 1605 hominum.

64 1631 225 1691 Utique
247 1631 426 1675 videbat
449 1633 580 1675 isaias
612 1631 812 1675 homines
840 1631 887 1674 in
906 1632 1129 1690 potatione
1146 1667 1157 1686 ,
1183 1632 1228 1674 in
1260 1631 1426 1675 luxuria
1445 1666 1457 1686 ‚

63 1701 111 1744 in
135 1702 316 1745 theatris
333 1737 343 1757 ⁷
370 1710 414 1745 et
435 1701 717 1761 spectaculiS‚
742 1710 885 1745 totum
908 1702 1126 1745 mundum
1157 1701 1364 1745 luxuriari
1385 1717 1461 1745 va-

63 1770 137 1814 riis
162 1772 290 1831 nugis
309 1792 317 1816 z
334 1781 377 1815 et
400 1781 546 1815 tamen
568 1771 785 1816 clamabat
806 1791 814 1815 2
836 1791 855 1813 «
870 1774 969 1816 Non
991 1780 1055 1815 est
1076 1771 1263 1829 gaudere
1284 1771 1426 1830 impiis
1446 1806 1458 1826 ,

68 1861 88 1883 »
108 1841 214 1887 dicit
230 1844 487 1887 Dominus.»
511 1843 553 1887 Si
572 1843 656 1887 hoc
679 1859 768 1887 non
792 1852 856 1887 est
880 1843 1083 1901 gaudere,
1100 1841 1229 1902 quale
1251 1842 1460 1900 gaudium

64 1914 244 1959 videbat
262 1951 273 1971 ,
306 1916 350 1959 in
381 1917 504 1975 cujus
533 1915 861 1975 comparatione
882 1931 972 1959 non
996 1924 1087 1959 erat
1108 1915 1191 1959 hoc
1220 1913 1461 1974 gaudium?

67 1988 296 2047 Tanquam
317 1986 351 2030 si
375 1995 423 2030 tu
454 2001 600 2030 nosses
620 1985 779 2041 solem,
804 1994 847 2029 et
870 1985 999 2030 alicui
1016 1984 1214 2029 laudanti
1236 1985 1460 2029 lucernam

65 2057 229 2103 diceres
261 2078 269 2103 :
295 2061 395 2103 Non
436 2066 500 2102 est
520 2058 601 2102 ista
638 2057 727 2102 lux.
762 2062 901 2111 Quare
923 2057 999 2102 lux
1031 2073 1121 2101 non
1149 2059 1240 2101 est?
1274 2056 1352 2101 Ille
1381 2071 1461 2115 pro

65 2143 224 2187 magno
245 2128 404 2184 habet,
432 2128 621 2187 gaudet,
646 2127 814 2172 exultat
848 2147 856 2172 z
883 2137 926 2173 et
951 2137 999 2172 tu
1018 2127 1123 2172 dicis
1146 2147 1154 2172 2
1178 2130 1276 2172 Non
1299 2136 1362 2171 est
1382 2127 1462 2170 ista

64 2198 157 2244 lux.
184 2203 274 2244 Aut
306 2200 341 2243 si
362 2199 459 2260 quis
482 2200 649 2243 simiam
672 2200 932 2255 miraretur,
958 2199 1122 2243 diceres
1149 2219 1157 2243 :
1183 2201 1281 2243 Non
1298 2207 1360 2242 est.
1381 2198 1462 2242 ista

64 2269 367 2330 pulchritudo.
390 2273 447 2314 Et
464 2271 499 2314 si
521 2269 634 2314 forte
656 2269 730 2314 ille
753 2279 992 2330 occupatus
1015 2279 1124 2314 esset
1147 2270 1255 2313 circa
1280 2284 1461 2328 compo-

66 2341 269 2386 sitionem
290 2341 591 2385 membrorum
612 2343 657 2385 in
680 2340 765 2384 illa
794 2341 955 2395 bestia,
993 2350 1035 2384 et
1064 2356 1212 2385 omnes
1235 2340 1328 2383 ilias
1355 2355 1462 2383 con-

67 2412 287 2471 gruentias
324 2412 558 2455 miraretur
585 2432 597 2468 3
633 2421 684 2455 tu
718 2412 795 2472 qui
829 2426 1012 2455 noveras
1049 2410 1423 2471 pulchritudinem
1449 2445 1459 2464 ‚

67 2497 246 2540 negares
276 2482 403 2525 istam
420 2516 430 2535 ,
465 2491 508 2525 θῖ
532 2482 724 2526 diceres:
750 2484 850 2525 Non
873 2492 950 2525 est.
978 2484 1153 2534 Quare?
1186 2481 1295 2533 Quia
1333 2479 1461 2522 aliam

67 2553 196 2598 nosti.
235 2553 320 2597 Sed
347 2553 454 2597 dicis
489 2572 498 2597 :
531 2546 625 2611 Ego
662 2552 782 2596 illam
819 2568 952 2613 quam
983 2553 1162 2596 videbat
1186 2555 1342 2603 Isaras,
1370 2565 1472 2616 non-

117 2643 125 2659 ¹
148 2639 217 2668 lsai.
239 2648 344 2678 xmni,
362 2646 418 2678 22,
434 2641 462 2669 οἱ
491 2647 567 2677 mu,
588 2645 641 2668 21.
661 2654 701 2659 --
722 2644 734 2659 ²
753 2639 873 2668 Jerem.
895 2647 968 2676 xvii,
994 2636 1045 2667 16.
