1926 3339
431 269 513 311 134
861 277 895 307 s.
930 278 1158 307 Auousnm
1190 277 1371 304 EPISCOPI

428 348 544 394 tolus
567 367 576 392 ε
600 365 620 389 «
640 349 755 403 Ergo
777 344 965 389 Abrahae
986 357 1132 386 semen
1148 340 1268 393 estiS,
1293 338 1534 383 secundum
1555 338 1804 398 promissio-

431 437 453 461 »
487 433 587 462 nem
606 416 797 461 haeredes
815 416 844 457 ¹.
864 432 883 454 »
901 416 998 457 Non
1021 410 1151 454 Israel
1165 408 1403 453 secundum
1426 424 1616 464 carnem,
1640 409 1694 454 de
1716 424 1805 469 quo

429 489 536 533 dicit
557 507 565 532 :
595 507 614 529 «
636 485 790 530 Videte
814 483 945 528 Israel
962 479 1202 526 seeundum
1225 481 1441 523 carnem2.
1470 497 1492 520 »

487 562 562 603 VI.
588 577 607 599 «
631 556 844 610 Quoniam
866 554 1164 611 cogitaverunt
1187 550 1470 606 unanimiter,
1497 550 1624 594 simul
1649 550 1805 595 adver-

428 649 452 673 »
486 646 555 674 sus
578 638 619 672 te
639 634 940 671 testamentum
959 623 1263 681 disposuerunt
1278 623 1292 647 3
1315 641 1324 665 2
1345 640 1363 662 »
1385 622 1508 681 quasi
1529 630 1701 680 possent
1718 636 1806 665 esse

427 700 639 745 fortiores.
656 700 976 739 Testamentum
995 708 1096 736 sane
1113 693 1157 735 in
1178 693 1405 751 Scripturis
1429 708 1517 736 non
1538 691 1644 736 illud
1667 692 1807 736 solum

426 770 610 821 dicitur,
638 764 756 825 quod
788 780 877 808 non
911 762 1026 807 valet
1058 762 1137 806 nisi
1171 762 1448 806 testatoribus
1478 762 1660 806 mortuis
1694 781 1702 806 :
1731 761 1808 805 sed

426 856 555 887 omne
590 847 765 898 pactum
796 846 838 880 et
866 835 1071 895 placitum
1102 844 1409 879 testamentum
1429 835 1661 880 vocabant.
1698 837 1808 879 Nam

426 912 578 956 Laban
610 918 653 952 et
687 907 821 951 Jacob
858 915 1164 950 testamentum
1198 903 1396 950 fecerunt
1419 906 1463 960 ⁴,
1501 905 1621 965 quod
1657 905 1809 965 utique

427 982 558 1026 etiam
578 981 691 1023 inter
711 978 830 1022 vivos
847 976 1009 1021 valeret
1029 995 1038 1021 :
1055 985 1097 1020 et
1118 975 1453 1020 innumerabilia
1468 975 1570 1020 talia
1586 976 1632 1020 in
1653 974 1810 1020 divinis

427 1053 633 1111 leguntur
656 1049 868 1109 Eloquiis.

484 1125 584 1166 VII.
603 1120 769 1165 Deinde
789 1119 942 1178 incipit
967 1119 1163 1162 inimicos
1185 1117 1344 1162 Christi
1367 1132 1706 1162 commemorare
1728 1118 1810 1162 sub

428 1189 692 1253 quibusdam
710 1188 931 1234 vocabulis
954 1187 1182 1233 Gentium:
1199 1202 1387 1248 quorum
1405 1187 1720 1232 vocabulorum
1743 1188 1812 1231 in-

427 1261 680 1323 terpretatio
703 1261 801 1305 satis
824 1259 988 1305 indicat
1011 1259 1117 1318 quid
1138 1258 1244 1303 velit
1269 1257 1467 1317 intelligi.
1496 1258 1673 1302 Talibus
1695 1259 1812 1303 enim

426 1331 678 1377 nominibus
706 1329 1108 1375 convenientissime
1136 1329 1381 1387 figurantur
1409 1328 1601 1373 veritatis
1629 1328 1818 1377 inimici.

428 1401 612 1447 Idumaei
642 1400 806 1461 quippe
839 1399 1181 1459 interpretantur
1198 1434 1209 1453 ‚
1233 1397 1304 1443 vel
1338 1399 1569 1457 Sanguinei
1587 1433 1598 1454 ,
1621 1398 1691 1443 vel
1714 1401 1814 1442 Ter-

427 1472 536 1516 reni.
572 1469 800 1515 Ism‘aelitae
820 1505 831 1525 ,
852 1469 1114 1514 Obedientes
1143 1469 1251 1524 sibi,
1285 1469 1436 1529 utique
1463 1485 1553 1514 non
1586 1472 1701 1523 Deo,
1739 1467 1814 1512 sed

426 1542 523 1588 sibi.
549 1541 703 1595 Moab,
730 1543 795 1585 Ex
812 1549 932 1600 patre
954 1558 963 1584 :
983 1538 1104 1599 quod
1123 1540 1167 1583 in
1190 1538 1305 1584 malo
1328 1555 1417 1584 non
1439 1538 1698 1598 intelligitur
1719 1554 1815 1582 me-

427 1613 528 1667 lius,
552 1612 632 1656 nisi
656 1627 756 1656 cum
778 1611 868 1670 ipsa
889 1610 1065 1654 historia
1088 1611 1320 1669 cogitatur,
1339 1610 1458 1670 quod
1476 1619 1596 1670 pater
1613 1613 1696 1654 Lot
1714 1609 1816 1653 filiae

427 1700 517 1729 suae
534 1683 697 1727 illlicite
715 1698 759 1726 se
779 1681 922 1726 utenti
943 1681 1181 1741 permixtus
1199 1698 1299 1726 eum
1324 1682 1473 1741 genuit
1491 1699 1502 1732 3
1527 1682 1628 1741 quia
1652 1697 1702 1725 ex
1727 1681 1818 1740 ipsa

429 1770 475 1799 re
498 1752 583 1797 tale
600 1768 760 1797 nomen
779 1752 984 1811 accepit5.
1006 1755 1151 1796 Bonus
1168 1762 1315 1796 autem
1333 1762 1470 1811 pater,
1485 1751 1561 1795 sed
1579 1752 1689 1796 sicut
1707 1755 1813 1806 Lex,

429 1825 462 1868 si
485 1824 580 1884 quis
595 1839 643 1867 ea
660 1823 853 1882 legitime
868 1831 1032 1877 utatur,
1051 1838 1139 1866 non
1157 1822 1318 1866 inceste
1340 1832 1383 1866 et
1404 1822 1552 1866 illicite
1566 1823 1597 1865 ⁰.
1610 1822 1814 1880 Agareni‚

430 1894 665 1952 Proselyti,
691 1893 732 1938 id
758 1903 836 1948 est,
864 1893 1064 1938 advenae:
1082 1909 1170 1953 quo
1190 1894 1366 1938 nomine
1388 1894 1684 1951 significantur
1706 1893 1819 1941 inter

428 1966 623 2010 inimicos
655 1964 806 2025 populi
830 1964 932 2018 Dei,
966 1981 1055 2009 non
1084 1964 1145 2008 illi
1172 1965 1247 2024 qui
1265 1965 1377 2009 cives
1405 1965 1543 2013 fiunt:
1568 1963 1643 2007 sed
1665 1964 1741 2024 qui
1772 1964 1819 2008 in

429 2037 574 2080 animo
595 2035 735 2079 alieno
759 2045 889 2094 atque
908 2034 1145 2079 adventitio
1168 2043 1458 2093 perseverant,
1474 2043 1516 2078 et
1539 2034 1725 2079 nocendi
1748 2049 1820 2078 oc-

428 2107 598 2150 casione
621 2106 797 2150 inventa
821 2120 865 2148 se
888 2104 1138 2149 ostendunt.
1165 2104 1301 2148 Gebal
1317 2140 1327 2159 ,
1352 2104 1485 2148 Vallis
1506 2120 1641 2159 vana,
1663 2104 1710 2148 id
1736 2113 1815 2159 est,

429 2175 635 2221 fallaciter
657 2176 848 2220 humilis.
877 2178 1041 2231 Arnon,
1068 2174 1262 2234 Populus
1284 2176 1484 2220 turbidus
1500 2211 1511 2230 ‚
1536 2174 1604 2219 vel
1628 2176 1818 2235 populus

430 2247 642 2291 moeroris.
671 2246 895 2303 Amalech,
923 2246 1114 2306 Populus
1136 2246 1362 2304 linguens3
1387 2245 1504 2290 unde
1522 2245 1626 2290 alibi
1650 2246 1818 2291 dictum

430 2327 493 2363 cst
520 2337 529 2362 z
563 2321 664 2362 «Et
699 2319 860 2364 inimici
894 2319 984 2378 ejus
1018 2327 1176 2362 terram
1205 2317 1404 2376 linguent
1430 2319 1461 2362 ⁷.
1496 2335 1517 2358 »
1552 2316 1818 2375 Alienigenae

429 2389 625 2448 quamvis
648 2398 690 2433 et
711 2390 804 2448 ipso
833 2390 1008 2434 nomine
1035 2389 1171 2433 latino
1200 2404 1243 2432 sc
1273 2387 1467 2432 indicent
1490 2387 1674 2442 alienos,
1698 2397 1741 2431 et
1759 2388 1817 2431 ob

427 2459 511 2503 hoc
538 2469 853 2519 consequenter
883 2460 1104 2513 inimicos,
1143 2468 1287 2502 tamon
1316 2459 1360 2502 in
1392 2459 1569 2502 hebraeo
1606 2458 1817 2504 dicuntur

479 2561 487 2575 ¹
505 2555 572 2585 Gal.
593 2566 637 2594 ιιι,
653 2564 706 2595 29.
726 2571 768 2576 —
787 2562 798 2576 ²
823 2566 834 2585 1
856 2557 929 2586 Cor.
955 2566 986 2594 x,
1011 2555 1060 2586 18.
1086 2572 1125 2576 ——
1143 2553 1154 2576 3
1172 2554 1250 2586 psal.
1271 2565 1389 2594 txzxn,
1409 2554 1430 2584 (i
1463 2571 1503 2575 ——
1519 2553 1534 2582 4
1553 2557 1631 2587 Gen.
1655 2565 1742 2594 xxxi,
1758 2552 1814 2595 44.

433 2608 503 2630 —5
526 2612 593 2639 Gon
634 2621 699 2649 xix,
716 2610 770 2646 36,
791 2610 841 2647 37.
862 2626 901 2630 —
917 2608 931 2629 (ἶ
957 2621 965 2640 ι
990 2610 1070 2640 Tim.
1094 2621 1115 2649 ι,
1136 2610 1166 2639 8.
1189 2627 1223 2630 -
1249 2616 1261 2640 7
1285 2609 1360 2640 psat.
1388 2620 1472 2650 mm,
1494 2620 1529 2650 9.
