1926 3339
420 277 658 306 ENAnuArio
692 280 735 304 m
770 279 968 305 rsamicm
1006 279 1085 303 xer.
1360 268 1438 305 3:37

64 355 153 399 ipsa
175 341 461 402 tranquillitas
489 342 715 386 sabbatum
737 351 800 386 est
819 342 974 386 cordis.
996 341 1196 385 Attendit
1217 343 1331 385 enim
1350 358 1444 401 pro-

63 411 281 454 missorem
310 412 541 455 Domiuum
562 433 572 468 3
597 420 640 455 et
661 412 694 455 si
711 411 882 456 laborat
897 412 942 455 in
963 411 1180 470 praesenti,
1198 411 1444 455 extenditur

63 495 138 539 spe
165 479 331 535 futuri,
360 490 402 524 et
433 491 655 525 serenatur
692 497 820 526 omne
858 481 1061 526 nubilum
1096 481 1300 535 tristitiae,
1336 481 1447 525 sicut

64 548 170 593 dicit
193 549 426 609 Apostolus
454 571 462 594 :
493 569 512 592 «
541 553 624 610 Spe
647 551 922 610 gaudentes1.
952 570 972 593 η
1002 555 1149 611 Ipsum
1168 559 1313 594 autem
1337 565 1446 609 gau-

63 620 184 664 dium
208 621 252 664 in
271 620 584 680 tranquillitate
605 623 694 682 spei
708 632 881 678 nostrae,
903 623 1131 667 sabbatum
1149 631 1345 667 nostrum
1365 631 1443 666 est.

64 693 158 735 Hoc
173 692 519 747 commendatur,
536 694 619 738 hoc
642 703 842 739 cantatur
858 694 902 737 in
923 694 1004 738 isto
1023 692 1208 748 Psalmo,
1226 692 1448 753 quomodo

63 762 116 806 sit
138 762 270 806 homo
289 763 558 808 Christianus
575 764 620 807 in
643 765 825 809 sabbato
846 764 986 809 cordis
1008 765 1074 808 sui
1091 799 1102 819 ,
1127 764 1173 808 id
1195 773 1279 819 est,
1303 764 1350 807 in
1371 779 1448 807 va-

63 831 232 876 catione
250 841 292 876 et
314 833 629 893 tranquillitate
647 844 690 879 et
711 835 939 879 serenitate
955 834 1229 879 conscientiae
1252 849 1341 878 suae
1359 849 1449 877 non

62 903 357 961 perturbatus.
389 903 497 947 Inde
530 904 636 948 dicit
658 905 750 959 hic,
789 904 909 948 unde
935 904 1075 948 solent
1095 903 1344 963 perturbari
1365 904 1449 948 ho-

62 972 199 1017 mines
213 1008 223 1028 ‚
250 982 293 1017 et
314 973 442 1018 docet
463 983 505 1018 te
522 989 646 1032 agere
667 974 899 1018 sabbatum
917 975 963 1018 in
984 973 1114 1019 corde
1135 983 1228 1018 tuo.

123 1046 203 1087 111.
231 1044 425 1087 Primum
443 1053 506 1088 est
526 1079 536 1099 ,
563 1053 611 1088 ut
640 1054 688 1088 tu
709 1045 821 1104 ipse,
848 1046 882 1088 si
900 1043 1064 1105 aliquid
1086 1043 1334 1104 profecisti,
1361 1047 1452 1088 Deo

64 1114 305 1158 confitearis
328 1131 379 1159 ex
401 1131 452 1159 eo
470 1114 590 1175 quod
606 1114 841 1175 profecisti,
858 1117 959 1176 quia
981 1131 1163 1159 munera
1179 1115 1313 1174 ipsius
1331 1124 1447 1170 sunt⁷

63 1200 153 1230 non
175 1186 328 1230 merita
351 1195 439 1230 tua.
454 1186 566 1231 Hinc
584 1187 727 1247 incipe
745 1187 994 1241 sabbatum,
1008 1202 1098 1231 non
1116 1186 1195 1230 tibi
1217 1186 1452 1230 tribuendo

64 1257 186 1316 quasi
201 1272 290 1301 non
312 1257 528 1317 acceperis
549 1257 669 1318 quod
692 1258 922 1317 accepisti²
946 1277 955 1302 :
975 1273 1118 1317 neque
1140 1255 1386 1301 excusando
1411 1266 1453 1300 te

64 1327 118 1372 ab
142 1344 193 1373 eo
216 1328 338 1389 quod
357 1328 462 1373 sacis
484 1328 586 1373 mali
602 1364 612 1384 ,
646 1329 747 1389 quia
768 1330 856 1389 ipsa
881 1337 983 1373 sunt
1006 1338 1095 1373 tua.
1125 1327 1318 1372 Perversi
1336 1328 1452 1371 enim

63 1399 262 1444 homines
290 1409 333 1444 et
366 1400 629 1460 perturbati,
666 1400 739 1461 qui
774 1416 863 1445 non
895 1409 1029 1458 agunt
1061 1399 1313 1452 sabbatum,
1339 1397 1453 1442 mala

65 1470 1450 1531 suaIoeotfibuunt‚bonasuasssn.SiqukibonifiaeefitzEgo

64 1540 170 1595 feci,
197 1541 302 1586 dicit
323 1561 332 1586 ε
361 1543 395 1586 si
416 1541 523 1602 quid
546 1541 648 1585 mali
664 1540 836 1596 fecerit,
858 1541 1015 1601 quaerit
1032 1556 1163 1600 quem
1186 1548 1372 1593 accuset,
1398 1554 1454 1582 ne

64 1613 322 1657 confiteatur
350 1616 455 1657 Deo.
490 1615 549 1656 Et
579 1611 689 1672 quid
714 1621 802 1667 est,
829 1612 987 1671 quaerit
1008 1626 1141 1671 quem
1176 1612 1376 1654 accuset?
1411 1609 1455 1653 Si

41 1699 155 1731 ,non
188 1692 250 1728 est
271 1683 399 1728 valde
435 1683 615 1743 impius,
642 1682 698 1727 ad
727 1698 906 1726 manum
934 1682 1067 1726 habet
1097 1684 1298 1726 Satanan]
1321 1695 1455 1740 quem

67 1764 239 1799 accuset
264 1774 272 1799 :
297 1757 472 1799 Satanas
495 1753 597 1798 fecit
617 1789 627 1808 ,
654 1754 788 1809 dicit,
814 1755 905 1813 ipse
932 1753 1038 1797 mihi
1061 1752 1272 1812 persuasit
1295 1771 1302 1796 :
1329 1750 1455 1811 quasi

70 1827 245 1870 Satanas
276 1824 437 1868 habeat
471 1833 731 1884 potestatem
762 1822 962 1882 cogendi.
1001 1822 1214 1867 Astutiam
1242 1819 1456 1865 suadendi

66 1895 215 1940 habet.
240 1894 324 1940 Sed
343 1895 377 1939 si
402 1897 576 1940 Satanas
607 1894 862 1954 loqueretur
880 1929 890 1949 ‚
915 1902 960 1936 et
980 1901 1141 1937 taceret
1157 1895 1293 1945 Deus„
1314 1890 1454 1934 hahe-

67 1981 133 2009 res
154 1964 273 2009 unde
296 1973 337 2008 te
355 1980 576 2009 excusares
600 1984 608 2009 ι
633 1964 765 2009 modo
788 1979 910 2008 aures
932 1973 1020 2007 tuae
1042 1963 1195 2023 positae
1219 1971 1319 2006 sunt
1341 1961 1455 2005 inter

66 2044 319 2080 monentem
341 2038 501 2089 Deum,
529 2044 571 2078 et
594 2044 898 2093 suggerentem
919 2042 1178 2093 serpentem.
1205 2037 1344 2085 Quare
1367 2032 1454 2075 huc

67 2107 328 2161 flectuntur,
359 2107 461 2150 hinc
484 2108 768 2150 avertuntur?
789 2108 888 2150 Non
915 2113 1049 2148 cessat
1074 2106 1250 2148 Satanas
1274 2102 1455 2147 suadere

68 2176 265 2221 malum:
291 2176 367 2220 sed
396 2191 476 2220 nec
499 2180 612 2221 Deus
646 2185 779 2221 cessat
808 2176 1042 2220 admonere
1063 2174 1247 2219 bonum.
1278 2175 1455 2218 Satanas

70 2257 215 2294 autem
238 2264 324 2293 non
350 2249 466 2307 cogit
485 2248 670 2292 invitum
692 2267 700 2291 :
727 2248 773 2291 in
800 2256 875 2291 tua
892 2255 1105 2306 potestate
1127 2254 1191 2289 est
1212 2244 1456 2289 consentire

72 2329 147 2365 aut
180 2336 270 2365 non
304 2319 562 2364 consentire.
597 2320 639 2364 Si
666 2318 831 2379 aliquid
851 2317 1139 2378 persuadente
1166 2319 1323 2361 Satana
1354 2314 1457 2359 mali

70 2391 244 2449 feceris3
269 2390 440 2435 dimitte
477 2393 699 2445 Satanam‚
731 2405 882 2434 accusa
913 2398 977 2443 te,
1005 2397 1054 2432 ut
1081 2387 1353 2432 accusatione
1381 2395 1458 2429 tua

71 2464 148 2507 Dei
178 2460 516 2506 misericordiam
540 2461 753 2505 merearis.
792 2459 969 2519 Expetis
996 2457 1123 2503 illum
1151 2472 1350 2501 accusare
1382 2456 1459 2517 qui

73 2549 163 2579 non
189 2534 324 2578 habet
345 2533 547 2577 veniam?
581 2535 639 2575 Te
661 2546 812 2576 accusa
828 2565 838 2585 ,
879 2539 922 2574 et
945 2530 1097 2589 accipis
1120 2527 1454 2587 indulgentiam.

124 2625 133 2641 ¹
151 2621 243 2651 Rom.
269 2629 325 2658 xit,
348 2627 400 2650 12.
421 2635 462 2640 ——
487 2624 499 2640 ²
523 2629 534 2649 1
557 2619 627 2650 Cor.
644 2627 686 2656 lv,
714 2627 744 2657 7.

213 2682 350 2711 cxvn.
1144 2667 1196 2704 22
