1926 3339
433 265 517 306 514
863 276 897 304 5.
934 277 1165 305 Ancus‘rnu
1198 278 1377 304 Emseom

428 343 494 386 dit
513 342 650 386 homo
665 375 676 396 ,
707 340 968 397 considerat,
993 341 1135 401 placet
1154 340 1218 384 illi
1246 339 1387 384 lilium
1403 374 1414 395 ,
1438 340 1571 384 intrat
1586 374 1598 395 ,
1624 340 1817 384 adhaeret

424 412 537 467 lilio,
563 411 719 456 tolerat
747 411 890 470 spinas
913 431 921 456 :
944 412 1182 456 merebitur
1208 427 1296 455 esse
1318 411 1365 455 in
1393 409 1525 454 laude
1546 419 1590 454 et
1611 410 1657 454 in
1678 409 1816 454 oculis

426 482 602 542 sponsi,
627 482 705 541 qui
726 480 832 525 dicit
853 500 862 526 ε
892 499 912 523 «
940 482 1061 526 Sicut
1089 481 1230 524 lilium
1250 482 1297 525 in
1319 481 1462 525 medio
1483 481 1732 541 spinarum,
1757 479 1817 524 sic

428 571 450 595 »
484 552 678 612 proxima
708 567 804 596 mea
837 552 883 596 in
913 551 1058 596 medio
1092 551 1295 596 filiarum.
1327 568 1348 592 »
1385 554 1449 594 Ita
1484 560 1529 595 et
1557 551 1603 594 in
1631 550 1812 595 clericis.

423 622 690 667 Laudatores
712 621 970 666 clericorum
992 621 1228 665 intendunt
1243 622 1305 665 ibi
1326 621 1465 666 bonos
1489 621 1706 665 ministros
1724 655 1735 675 ,
1760 621 1816 664 fi-

422 693 538 737 deles
560 691 897 752 dispensatores,
923 693 1116 737 omnium
1144 692 1394 737 toleratores
1410 727 1420 747 ,
1445 691 1610 736 viscera
1630 706 1708 735 sua
1728 691 1817 734 im-

422 763 661 823 pendentes
682 764 747 808 his
766 779 876 824 quos
896 763 1053 808 volunt
1074 764 1285 824 proficere
1302 799 1312 818 ,
1337 778 1427 807 non
1450 771 1698 822 quaerentes
1716 777 1816 822 quac

422 849 499 878 sua
515 843 639 889 sunt,
675 834 750 878 sed
779 850 879 894 quae
902 837 1006 879 Jesu
1038 835 1198 880 Christi
1220 837 1250 878 1.
1278 834 1480 879 Laudant
1500 835 1612 889 haec,
1638 833 1817 878 oblivis-

422 913 583 949 cuntur
604 905 706 964 quia
734 906 856 948 mixti
890 913 992 949 sunt
1020 904 1157 949 malis.
1186 908 1350 949 Rursus
1379 904 1455 964 qui
1491 901 1820 963 reprehendunt

422 976 647 1021 avaritiam
667 974 925 1020 clericorum
940 1011 951 1032 ,
977 976 1282 1036 improbitates
1305 976 1563 1020 clericorum
1579 1010 1590 1030 ,
1614 974 1711 1019 lites
1732 974 1820 1018 cle-

426 1045 638 1100 ricorum,
666 1055 919 1105 appetentes
941 1062 1008 1090 res
1040 1045 1224 1099 alienas,
1249 1046 1437 1091 ebriosos
1457 1081 1467 1100 ,
1496 1059 1697 1101 voraces,
1726 1045 1819 1104 ¹jac--

424 1124 534 1159 tant.
557 1118 615 1159 Et
636 1124 687 1159 tu
702 1115 849 1160 invide
866 1116 1086 1175 vituperas
1101 1150 1112 1171 ,
1139 1125 1183 1160 et
1199 1125 1249 1160 tu
1271 1116 1446 1160 incaute
1468 1115 1619 1160 laudas
1638 1134 1646 1160 z
1671 1123 1722 1158 tu
1743 1114 1820 1174 qui

425 1185 600 1241 laudas,
625 1185 696 1230 dic
729 1187 886 1232 mixtos
918 1187 1080 1239 malos3
1106 1196 1155 1232 tu
1185 1187 1262 1248 qui
1287 1187 1532 1247 vituperas,
1567 1186 1667 1231 vide
1695 1186 1757 1229 ibi
1778 1194 1822 1229 et

427 1258 583 1301 bonos
616 1256 685 1301 Sic
704 1266 748 1302 et
773 1257 819 1301 in
846 1257 920 1302 illa
941 1258 1031 1303 vita
1058 1258 1281 1302 communi
1313 1256 1499 1302 fratrum
1515 1292 1526 1314 ,
1552 1273 1652 1318 quae
1683 1265 1749 1301 est
1775 1255 1822 1298 in

426 1328 689 1372 monasterio
711 1346 721 1372 :
756 1328 905 1387 Magni
937 1328 1046 1384 viri,
1071 1328 1234 1383 sancti,
1260 1324 1456 1389 quotidie
1483 1329 1530 1373 in
1551 1326 1750 1386 hymnis,
1774 1324 1822 1369 in

428 1397 719 1454 orationibus,
743 1399 789 1442 in
819 1398 1023 1443 laudibus
1047 1400 1149 1455 Dei,
1184 1397 1287 1442 inde
1311 1400 1489 1454 vivunt,
1509 1413 1610 1443 cum
1634 1396 1822 1442 lectione

425 1466 509 1511 illis
526 1483 592 1511 res
616 1477 702 1527 est3
737 1467 940 1513 laborant
972 1470 1177 1513 manibus
1199 1470 1284 1515 suis
1300 1505 1310 1525 ,
1344 1469 1447 1514 inde
1476 1484 1520 1519 se
1547 1468 1820 1526 transigunt3

427 1553 517 1582 non
538 1553 663 1582 avare
683 1537 851 1599 aliquid
867 1549 1024 1598 petunt
1040 1575 1050 1595 ,
1075 1540 1296 1600 quidquid
1315 1540 1373 1584 eis
1394 1539 1582 1584 infertur
1599 1554 1623 1582 a
1645 1538 1727 1598 piis
1739 1537 1822 1589 fra-

426 1608 587 1662 tribus,
613 1622 715 1652 cum
745 1607 1007 1653 sufficientia
1029 1618 1072 1653 et
1093 1625 1193 1654 cum
1218 1610 1430 1654 charitate
1447 1617 1666 1666 utuntur3
1691 1621 1822 1651 nemo

427 1679 510 1722 sibi
532 1687 712 1738 usurpat
727 1677 915 1738 aliquid,
936 1679 1059 1739 quod
1079 1680 1187 1724 alter
1208 1695 1299 1724 non
1313 1680 1500 1737 habeat3
1524 1692 1674 1723 omnes
1695 1693 1740 1722 se
1760 1676 1823 1721 di-

426 1748 587 1807 ligunt,
607 1763 758 1793 omnes
773 1748 961 1793 invicem
974 1765 1017 1794 se
1034 1750 1264 1794 sustinent.
1282 1749 1505 1805 Laudasti,
1522 1748 1730 1793 laudasti:
1746 1748 1823 1808 qui

427 1820 564 1864 nescit
580 1819 690 1880 quid
705 1819 888 1864 interius
907 1829 1060 1879 agatur
1074 1856 1085 1876 ,
1106 1821 1184 1881 qui
1200 1823 1339 1866 nescit
1356 1819 1581 1882 quomodo
1594 1818 1671 1863 illo
1690 1827 1822 1863 vento

426 1890 616 1934 intrante
634 1890 764 1934 etiam
784 1905 915 1935 naves
933 1906 976 1935 se
993 1893 1039 1935 in
1057 1901 1189 1951 portu
1207 1891 1426 1936 collidunt
1438 1927 1449 1946 ,
1470 1891 1603 1934 intrat
1619 1889 1742 1950 quasi
1763 1903 1822 1932 se-

428 1960 653 2004 curitatem
682 1976 880 2020 sperans,
903 1961 1122 2005 neminem
1147 1977 1280 2022 quem
1304 1961 1458 2006 toleret
1479 1960 1732 2017 habiturus3
1754 1959 1823 2002 in-

428 2032 547 2076 venit
564 2031 627 2075 ibi
648 2030 802 2076 fratres
818 2031 955 2076 malos
968 2067 978 2087 ,
999 2033 1076 2092 qui
1097 2032 1202 2076 mali
1219 2032 1408 2077 inveniri
1426 2047 1515 2075 non
1534 2039 1724 2090 possent,
1742 2029 1822 2073 nisi

429 2101 792 2146 admitterentur:
818 2103 901 2159 (et
930 2118 1102 2146 necesse
1132 2112 1194 2146 est
1224 2111 1273 2146 ut
1305 2102 1448 2161 primo
1469 2099 1736 2154 tolerentur,
1766 2113 1822 2142 ne

428 2170 541 2215 forte
572 2171 872 2228 corrigantur,
897 2186 977 2215 nec
1017 2171 1189 2216 excludi
1210 2171 1338 2216 facile
1359 2179 1541 2230 possunt
1559 2204 1570 2225 ,
1595 2170 1675 2214 nisi
1702 2169 1822 2229 prius

428 2240 593 2286 fuerint
609 2242 777 2286 tolerati
797 2245 885 2300 :)et
907 2243 955 2286 fit
972 2243 1061 2302 ipse
1079 2241 1365 2287 intolerandae
1390 2242 1688 2301 impatientiae.
1715 2239 1822 2293 Quis

427 2327 498 2356 me
518 2313 606 2356 huc
620 2312 875 2372 quaerebat?
897 2315 992 2370 Ego
1013 2314 1224 2371 putabam
1246 2313 1348 2372 quia
1370 2312 1556 2356 charitas
1576 2320 1640 2355 est
1660 2311 1747 2354 hic.
1765 2312 1822 2353 Et

425 2397 668 2442 paucorum
682 2383 911 2426 hominum
935 2382 1134 2427 molestia
1154 2377 1270 2426 irrita
1278 2392 1346 2426 tus
1360 2417 1370 2437 ,
1393 2382 1499 2426 dum
1517 2397 1607 2427 non
1622 2395 1821 2441 perseve-

428 2453 588 2498 raverit
607 2451 790 2511 implere
806 2452 929 2512 quod
949 2453 1071 2496 vovit
1083 2487 1094 2507 ,
1111 2453 1162 2496 fit
1184 2452 1377 2496 desertor
1399 2461 1488 2496 tam
1506 2452 1642 2496 sancti
1660 2446 1821 2511 propo-

428 2523 498 2568 siti
513 2557 524 2578 ,
549 2533 594 2567 et
614 2538 712 2566 reus
733 2523 824 2567 voti
852 2537 942 2567 non
963 2521 1138 2567 redditi.
1163 2524 1365 2567 Jamvero
1387 2537 1488 2567 cum
1508 2521 1611 2566 inde
1640 2521 1789 2565 exierit
1805 2555 1816 2574 ,

479 2613 488 2629 ¹
511 2607 620 2649 Philip.
647 2617 681 2648 u,
699 2615 752 2638 21.
