1926 3339
470 368 552 406 366
899 379 932 406 5.
953 381 1198 412 ,ΑυςυεΤιΜ
1231 379 1412 406 EPISCOPI

469 455 533 489 est
555 445 738 504 amplius
754 480 764 499 ,
795 444 1053 504 plerumque
1081 445 1320 505 plurimum
1345 459 1468 504 posse
1492 443 1627 487 malos
1651 443 1852 487 adversus

470 515 631 569 bonos,
667 524 710 559 et
736 530 849 574 saepe
872 515 1009 559 malos
1034 531 1227 574 premere
1263 516 1425 572 bonos3
1462 513 1596 558 malos
1629 513 1849 568 exultare,

471 587 609 629 bonos
629 585 846 643 laborare,
864 585 998 629 malos
1018 585 1261 644 superbire,
1286 586 1422 629 bonos
1443 583 1675 628 humiliari.
1698 586 1854 626 Atten-

471 656 622 700 dentes
647 656 745 699 talia
775 657 818 699 in
843 672 999 714 genere
1021 657 1240 709 humano,
1265 658 1282 712 (
1305 654 1533 698 abundant
1561 655 1693 708 enim,
1719 656 1856 712 )per-

471 735 703 769 vertuntur
723 726 997 784 impatientes
1019 735 1062 769 et
1086 726 1247 768 infirmi
1275 725 1422 779 animi,
1447 724 1569 784 quasi
1590 725 1752 768 frustra
1773 723 1858 767 sint

473 797 592 849 honi,
614 796 715 855 quia
744 799 856 839 Deus
873 796 1027 840 avertit
1049 795 1119 842 vel
1137 805 1327 839 avertere
1349 795 1521 838 videtur
1543 793 1691 838 oculos
1714 809 1813 837 suos
1834 809 1858 837 a

474 865 599 909 bonis
621 867 824 925 operibus
842 868 1014 927 piorum
1033 876 1076 910 et
1097 866 1307 921 fidelium,
1331 876 1373 910 et
1396 881 1553 925 augere
1572 864 1706 909 malos
1727 865 1772 908 in
1791 865 1857 908 his

474 952 573 995 quae
600 935 802 995 diligunt.
833 940 1040 981 Putantes
1074 953 1177 996 ergo
1210 937 1371 980 infirmi
1400 936 1558 980 frustra
1589 951 1633 980 se
1659 936 1769 978 bene
1796 934 1860 978 vi-

474 1021 589 1062 vere,
610 1017 686 1051 aut
706 1008 948 1052 invitantur
970 1008 1025 1053 ad
1045 1007 1299 1052 imitandam
1322 1007 1530 1051 malitiam
1559 1022 1727 1061 eorum,
1752 1021 1861 1066 quos

475 1077 594 1136 quasi
617 1077 770 1121 florere
792 1079 1065 1138 conspiciunt
1087 1098 1095 1124 :
1121 1088 1196 1123 aut
1218 1079 1251 1122 si
1274 1094 1350 1138 per
1371 1077 1668 1121 infirmitatem
1684 1076 1753 1121 vel
1770 1091 1861 1136 per·

475 1163 591 1191 sonae
614 1163 702 1191 suae
725 1148 793 1191 vel
822 1149 976 1203 animi,
1002 1150 1158 1193 timent
1181 1150 1293 1193 male
1316 1148 1480 1204 facere,
1513 1163 1568 1192 ne
1597 1147 1762 1208 aliquid
1780 1147 1863 1191 illis

476 1218 716 1261 secundum
737 1218 853 1276 leges
882 1218 1027 1263 saeculi
1050 1219 1152 1263 mali
1184 1219 1374 1274 accidat,
1402 1235 1491 1263 non
1529 1219 1631 1279 quia
1652 1218 1865 1278 justitiam

477 1286 681 1345 diligunt,
713 1288 787 1331 sed
819 1298 867 1332 ut
899 1288 1039 1333 dicam
1073 1290 1288 1348 apertius,
1314 1290 1514 1334 timentes
1533 1289 1730 1333 damnari
1751 1289 1866 1332 inter
1896 1335 1899 1338 ,

476 1358 673 1401 homines
698 1358 752 1401 ab
770 1359 1020 1403 hominibus
1037 1395 1047 1414 ,
1069 1360 1289 1404 abstinent
1312 1376 1355 1404 se
1378 1359 1555 1420 quidem
1579 1377 1602 1404 a
1623 1360 1749 1404 factis
1771 1375 1865 1402 ma-

479 1427 542 1481 lis,
579 1428 652 1471 sed
673 1444 762 1472 non
784 1445 827 1472 se
855 1429 1073 1474 abstinent
1093 1446 1116 1474 a
1139 1431 1474 1490 cogitationibus
1497 1431 1635 1474 malis.
1668 1433 1725 1474 Et
1753 1430 1866 1473 inter
1898 1437 1914 1484 j

479 1498 762 1557 cogitationes
783 1515 934 1543 eorum
952 1500 1121 1560 iniquas
1142 1502 1362 1561 praecipue
1385 1511 1516 1561 caput
1532 1501 1772 1562 iniquitatis
1792 1499 1867 1544 illa
1912 1543 1913 1546 ,

477 1578 597 1612 tenet
617 1570 830 1630 impietas,
855 1587 941 1631 qua
964 1571 1136 1616 videtur
1158 1573 1217 1617 eis
1242 1577 1355 1617 Deus
1374 1573 1589 1632 n'egligere
1612 1582 1655 1616 ct
1675 1589 1764 1617 non
1790 1588 1868 1616 cu-

478 1656 572 1684 rare
594 1656 659 1684 res
681 1642 920 1699 humanas3
946 1652 988 1686 et
1011 1653 1086 1688 aut
1107 1644 1334 1704 aequaliter
1360 1644 1522 1688 habere
1551 1644 1687 1689 bonos
1706 1653 1750 1687 et
1773 1659 1868 1687 ma-

477 1709 571 1768 los,
602 1721 677 1755 aut
704 1713 859 1769 etiam,
896 1714 1016 1773 quod
1038 1724 1099 1758 est
1123 1715 1405 1774 perniciosius
1430 1715 1642 1773 cogitare,
1667 1714 1870 1759 insectari

478 1782 616 1825 bonos
645 1791 686 1825 et
710 1783 832 1826 malis
862 1782 1021 1827 favere.
1065 1785 1149 1837 Qui
1182 1785 1284 1829 talia
1317 1786 1493 1844 cogitat,
1531 1785 1609 1829 etsi
1632 1784 1743 1835 nihil
1766 1783 1869 1828 mali

477 1851 606 1895 alicui
641 1853 790 1908 faciat,
816 1853 922 1898 facit
944 1854 1184 1914 plurimum
1206 1857 1287 1900 sibi
1306 1892 1318 1908 ,
1345 1866 1389 1900 et
1418 1857 1464 1900 in
1482 1857 1683 1916 seipsum
1709 1855 1869 1915 impius

477 1932 570 1980 est,
601 1933 645 1967 et
667 1924 896 1984 iniquitate
921 1941 996 1970 sua
1020 1942 1108 1970 non
1137 1926 1259 1971 laedit
1287 1931 1442 1982 Deum,
1474 1926 1551 1971 sed
1572 1927 1777 1971 interficit
1805 1942 1865 1971 se.

478 1996 629 2053 Neque
656 2005 815 2040 nocent
838 1997 1105 2052 hominibus,
1126 1998 1227 2058 quia
1245 1998 1386 2042 timidi
1404 2007 1505 2042 sunt
1532 1998 1609 2059 qui
1630 1997 1730 2042 talia
1747 1997 1869 2057 cogi-

480 2075 598 2123 tant,
623 2066 698 2110 sed
716 2076 862 2111 tamen
883 2069 1119 2113 homicidia
1137 2085 1304 2125 eorum,
1326 2069 1538 2113 adulteria
1556 2085 1730 2124 eorum,
1750 2067 1870 2113 frau-
1918 2117 1922 2122 ,

476 2135 551 2180 des
580 2146 623 2181 et
645 2138 814 2197 rapinas
843 2154 996 2183 eorum
1015 2140 1134 2184 videt
1157 2143 1287 2195 Deus,
1312 2150 1356 2184 et
1374 2141 1503 2200 punit
1523 2140 1569 2184 in
1593 2141 1869 2198 cogitationi·
1913 2155 1916 2158 ⁴

479 2212 559 2250 bus
581 2223 748 2252 eorum.
776 2208 894 2261 Quid
916 2209 1032 2253 enim
1059 2210 1215 2266 velint,
1239 2210 1312 2254 ille
1334 2210 1548 2266 attendit,
1573 2212 1696 2271 cujus
1716 2210 1869 2255 oculus
1920 2207 1922 2215 ¹

475 2294 563 2322 non
589 2279 813 2339 repellitur
834 2296 979 2337 carne,
1013 2291 1062 2326 ut
1091 2298 1182 2326 non
1203 2282 1349 2327 videat
1370 2282 1659 2327 voluntatem.
1688 2283 1810 2328 Tales
1835 2283 1870 2327 si
1919 2312 1922 2320 ·

476 2351 720 2395 occasiones
742 2352 982 2407 inveniant,
1009 2369 1096 2398 non
1117 2354 1218 2398 mali
1246 2355 1377 2410 fiunt,
1398 2356 1474 2399 sed
1495 2355 1832 2399 manifestantur
1857 2374 1866 2399 :
1921 2387 1926 2398 .

477 2436 566 2465 non
584 2432 632 2465 ut
655 2423 811 2467 sentias
833 2424 953 2484 quod
975 2434 1127 2468 natum
1149 2426 1203 2469 sit
1219 2425 1514 2480 manifestum,
1537 2425 1612 2470 sed
1635 2435 1684 2470 ut
1705 2425 1870 2470 intelli·
1924 2439 1926 2441 ’

477 2506 549 2549 gas
575 2494 696 2553 quod
728 2494 894 2538 latebat
923 2496 1155 2540 inclusum.
1195 2498 1346 2542 Paucis
1382 2499 1447 2542 his
1480 2499 1628 2553 annis,
1660 2507 1704 2542 et
1733 2512 1869 2557 prope
1923 2535 1926 2539 ⁴

477 2563 680 2608 hesterno
702 2564 771 2608 die
790 2565 997 2610 viderunt
1019 2568 1112 2612 haec
1136 2568 1347 2622 homines,
1367 2579 1409 2612 ct
1422 2569 1720 2628 probaverunt
1738 2570 1868 2613 etiam

477 2635 554 2694 qui
576 2635 697 2679 tarde
720 2635 987 2695 inteiligunt.
1025 2641 1130 2682 Erat
1155 2640 1268 2683 enim
1298 2640 1369 2684 hic
1396 2656 1484 2684 una
1519 2639 1675 2684 domus
1710 2649 1869 2700 poten·
1920 2665 1926 2682 ·.

478 2705 637 2749 tissima
659 2708 714 2750 ad
736 2716 906 2766 tempus
924 2741 934 2761 ,
961 2706 1016 2752 de
1045 2724 1133 2768 qua
1154 2708 1378 2768 flagellum
1402 2710 1563 2755 fecerat
1585 2713 1699 2755 Deus
1722 2709 1868 2768 generi
1924 2707 1926 2713 '
