1926 3339
465 316 546 353 188
897 329 930 359 S.
967 331 1196 362 ‚tuens-rim
1231 337 1407 364 eviscovi

462 392 560 450 quia
588 391 762 437 dicebas
789 405 829 439 te
860 397 1019 441 habere
1051 400 1170 459 qumi
1195 417 1280 445 non
1309 403 1464 460 habes,
1490 405 1562 449 sed
1597 407 1696 466 quia
1720 423 1770 452 ex
1800 418 1843 453 te
1902 434 1904 471 ᾗ

463 463 543 506 tibi
566 463 740 509 volebas
769 482 858 510 esse
879 468 998 528 quod
1021 470 1168 515 habes.
1209 475 1300 517 [mo
1323 483 1366 517 et
1387 475 1546 519 habere
1569 485 1611 520 te
1634 493 1840 536 agnosce,

461 542 503 576 et
525 548 575 576 ex
598 543 640 577 te
673 535 782 579 nihil
805 537 965 581 habere
980 573 990 592 ,
1018 549 1067 583 ut
1089 556 1169 584 nec
1191 544 1402 601 superbus
1423 546 1500 600 sis,
1527 562 1606 591 nee
1627 547 1838 605 ingratus.

460 602 537 645 Dic
570 606 659 648 Deo
681 612 756 649 tuo
778 625 786 649 ε
815 608 996 652 Sanctus
1032 624 1126 652 sum
1146 646 1156 664 ,
1191 613 1292 671 quia
1325 616 1600 660 sanctificasti
1624 632 1716 675 me3
1741 619 1843 678 quia

459 674 631 732 accepi,
657 690 746 718 non
773 676 876 734 quia
911 678 1042 722 habui
1065 701 1076 736 3
1101 681 1202 739 quia
1229 690 1274 725 tu
1296 683 1476 738 dedisti,
1515 701 1604 730 non
1632 688 1732 747 quia
1764 704 1842 746 ego
1903 727 1907 739 ,,

458 744 611 787 merui.
649 747 820 790 Etenim
842 763 892 790 ex
914 748 998 792 alio
1019 749 1154 794 latere
1187 753 1338 812 incipis
1359 755 1560 814 injuriam
1590 758 1731 802 facere
1762 759 1843 819 ipsi
1904 755 1906 758 ’

458 814 643 857 Domino
666 825 813 860 nostro
835 821 938 862 Jesu
956 820 1142 864 Christo.
1173 823 1215 866 Si
1236 824 1350 867 enim
1381 826 1613 870 Christiani
1635 844 1784 874 omnes
1800 839 1843 874 et

455 884 604 929 fiet-:les
622 895 665 930 et
687 886 891 946 baptizati
913 890 958 933 in
979 891 1053 935 illo
1071 893 1211 951 ipsum
1233 894 1498 952 induerunt,
1524 898 1636 943 sieut
1659 903 1843 959 Aposto-
1903 935 1905 937 -

455 953 522 997 lus
543 954 647 1000 dicit
668 975 676 1000 :
705 976 724 998 «
750 961 975 1018 Quotquot
992 961 1037 1004 in
1061 964 1234 1008 Christo
1254 965 1456 1024 baptizati
1477 969 1591 1023 estis,
1618 969 1836 1014 Christum
1908 1027 1910 1033 Ι

459 1043 478 1065 »
514 1025 736 1070 induistis¹
759 1047 768 1072 ι
794 1047 813 1069 »
839 1030 873 1072 si
891 1034 1084 1078 membra
1106 1044 1209 1078 sunt
1230 1034 1333 1080 facti
1356 1039 1546 1097 corporis
1569 1041 1659 1100 ejus
1675 1075 1685 1094 ,
1707 1050 1750 1084 et
1771 1040 1841 1084 di-
1906 1051 1911 1095 'g

455 1105 562 1139 cunt
582 1112 626 1140 se
645 1107 791 1142 sancta
819 1115 909 1144 non
931 1117 1043 1158 esse,
1070 1105 1202 1164 capiti
1219 1107 1298 1165 ipsi
1319 1108 1486 1153 faciunt
1506 1110 1707 1170 injuriam
1723 1147 1734 1167 ,
1760 1127 1840 1156 cu-

447 1166 518 1224 jus
536 1168 731 1212 membra
752 1179 897 1215 sancta
919 1187 1010 1216 non
1027 1184 1142 1219 sunt.
1165 1178 1189 1219 J
1193 1192 1259 1219 am
1274 1177 1373 1222 vide
1390 1179 1467 1222 ubi
1485 1180 1553 1234 sis,
1568 1190 1610 1224 et
1632 1181 1686 1225 de
1702 1183 1840 1241 capite

454 1231 532 1280 tuo
548 1236 800 1295 dignitatem
823 1256 944 1300 cape.
975 1262 995 1284 «
1017 1245 1190 1288 Etenim
1210 1261 1300 1290 eras
1323 1248 1368 1291 in
1389 1250 1599 1306 tenebris,
1627 1268 1744 1297 nunc
1766 1269 1841 1297 au-

455 1324 476 1347 »
512 1316 600 1351 tem
621 1307 698 1352 lux
719 1310 765 1354 in
786 1312 988 1357 Domino.
1019 1317 1052 1358 F
1058 1315 1199 1371 uistis,
1236 1317 1404 1378 inquit,
1443 1319 1678 1381 aliquando
1714 1332 1839 1368 tene-

454 1395 474 1417 »
511 1378 632 1422 brae²
660 1399 668 1424 :
708 1399 728 1422 »
758 1381 834 1426 sed
871 1385 1089 1445 numquid
1114 1387 1310 1431 tenebrae
1343 1392 1638 1436 remansistis?
1661 1393 1730 1437 Ad
1755 1395 1838 1440 hoc

451 1447 721 1495 illuminator
738 1453 872 1508 venit,
898 1463 948 1497 ut
964 1465 1008 1499 et
1029 1457 1222 1501 tenebrae
1242 1462 1536 1517 remaneretis,
1558 1479 1612 1507 an
1633 1465 1743 1508 utin
1763 1464 1839 1510 illo
1895 1484 1898 1487 ·

449 1517 525 1561 lux
546 1520 733 1565 fieretis?
756 1524 872 1582 Ergo
900 1523 1016 1569 dieat
1036 1535 1080 1570 et
1109 1529 1411 1591 unusquisque
1433 1533 1725 1590 Christianus,
1750 1535 1839 1580 imo
1913 1531 1917 1542 ’

450 1588 564 1632 dicat
586 1599 726 1634 totum
743 1607 898 1652 eorpus
921 1596 1106 1652 Christi,
1132 1597 1292 1643 elamet
1318 1601 1483 1661 ubique
1504 1604 1671 1662 patiens
1693 1606 1838 1650 tribu-

449 1658 630 1706 lationes
647 1697 657 1716 ,
689 1662 876 1709 diversas
899 1668 1160 1713 tentationes
1183 1679 1225 1714 et
1249 1672 1450 1717 scandala
1472 1674 1834 1734 innumerabilia3

449 1729 593 1776 dieat:
626 1751 645 1773 «
670 1733 852 1778 Custodi
880 1736 1068 1782 animam
1090 1755 1255 1796 meam,
1289 1743 1496 1802 quoniam
1519 1755 1694 1791 sanctus
1720 1763 1831 1792 sum.

451 1818 470 1840 n
510 1801 685 1846 Salvum
699 1803 767 1848 fae
789 1820 959 1850 servum
979 1817 1121 1864 tuum,
1135 1813 1249 1855 Deus
1266 1827 1403 1868 meus,
1417 1826 1663 1873 sperantem
1679 1817 1724 1861 in
1743 1827 1830 1862 te.»

447 1872 560 1915 Eece
574 1871 648 1916 ille
664 1884 834 1919 sanetus
853 1892 940 1921 non
962 1888 1025 1922 est
1037 1881 1266 1940 superbus,
1284 1883 1386 1943 quia
1405 1896 1548 1944 sperat
1569 1887 1615 1930 in
1629 1889 1829 1934 Domino.

504 1943 558 1986 V.
590 1944 837 1989 «Miserere
859 1947 972 2003 mei,
1006 1952 1213 2007 Domine,
1249 1955 1457 2013 quoniam
1491 1956 1546 2001 ad
1579 1966 1623 2002 te
1651 1958 1841 2003 'clamavi'

449 2030 468 2053 »
504 2022 594 2057 tota
627 2014 719 2058 (Ιίθ3
747 2036 755 2060 :
780 2035 799 2058 »
825 2033 915 2062 non
937 2035 1024 2064 una
1054 2021 1137 2066 die.
1157 2027 1298 2069 «Tota
1322 2027 1393 2070 die
1410 2046 1455 2080 ,»
1482 2029 1601 2072 omni
1635 2039 1832 2090 ternpore

445 2083 638 2142 intellige
661 2105 669 2130 ε
697 2103 746 2130 ex
767 2104 856 2147 quo
874 2104 1030 2149 eorpus
1046 2093 1203 2138 Christi
1228 2096 1362 2154 gemit
1379 2098 1426 2141 in
1448 2101 1671 2158 pressuris,
1694 2117 1831 2162 usque

443 2153 488 2196 in
510 2155 640 2198 finem
663 2158 811 2201 saeeuli
827 2175 916 2219 quo
937 2170 1161 2208 transeunt
1180 2180 1406 2224 pressurae,
1429 2171 1561 2227 gemit
1582 2171 1660 2216 iste
1678 2172 1826 2227 homo,

442 2232 483 2267 et
499 2224 655 2269 clamat
672 2226 727 2270 ad
746 2231 883 2273 Deum
902 2251 912 2288 3
930 2244 972 2275 et
989 2236 1290 2296 unusquisque
1308 2248 1505 2284 nostrum
1527 2257 1606 2300 pro
1629 2243 1829 2301 portione

442 2294 575 2338 habet
602 2295 835 2342 clamorem
862 2316 990 2345 suum
1019 2303 1065 2347 in
1091 2313 1185 2349 toto
1209 2307 1290 2351 isto
1323 2325 1517 2369 corpore.
1551 2311 1756 2356 Clamasti
1779 2323 1829 2357 tu

441 2363 593 2409 diebus
617 2368 700 2411 tuis
717 2403 726 2421 ,
751 2379 793 2413 et
822 2372 1087 2418 transierunt
1114 2374 1204 2420 dies
1234 2379 1323 2435 tui,
1355 2384 1560 2426 suecessit
1581 2383 1662 2427 tibi
1685 2383 1792 2428 alius
1812 2420 1823 2438 ,

440 2443 484 2478 et
501 2434 703 2481 clamavit
724 2439 878 2484 diebus
894 2443 980 2486 suis
1001 2465 1012 2501 3
1037 2454 1081 2489 et
1102 2455 1151 2489 tu
1173 2447 1267 2503 hie,
1287 2449 1361 2494 ille
1380 2451 1454 2506 ibi,
1476 2452 1549 2496 ille
1572 2453 1702 2498 alibi:
1730 2471 1828 2498 eor-

439 2521 520 2564 pus
542 2507 700 2551 Christi
722 2519 812 2555 tota
831 2511 900 2555 die
917 2512 1073 2559 elamat
1089 2517 1171 2560 sibi
1188 2517 1500 2565 decedentibus
1521 2533 1564 2566 et
1584 2523 1825 2568 suceeden-

441 2576 556 2621 tibus
578 2579 797 2624 membris.
827 2584 946 2627 L'nus
970 2585 1100 2630 homo
1124 2603 1262 2648 usque
1284 2590 1328 2633 in
1351 2591 1481 2636 finem
1505 2593 1652 2638 saeculi
1676 2604 1825 2639 exten-

485 2669 493 2683 ¹
515 2662 580 2694 Gal.
601 2675 648 2703 ιιι,
668 2673 721 2696 ¹).-
742 2683 784 2688 -—
805 2674 816 2689 ²
837 2667 953 2709 Ephes.
974 2680 1004 2709 v,
1022 2670 1052 2701 S.
1075 2688 1113 2692 —
1135 2670 1147 2693 3
1166 2673 1245 2703 psat.
1276 2685 1390 2714 mxxv,
1414 2676 1444 2706 3.
