1926 3339
459 326 544 365 266
897 337 931 366 s.
966 337 1198 367 Avensa-Im
1230 341 1412 368 muscom

458 402 549 461 ipse
570 399 782 446 mediator
806 404 1090 459 Testamenti,
1114 404 1206 464 ipse
1230 405 1420 462 signator
1445 404 1733 459 Testamenti,
1752 404 1843 464 ipse

458 471 686 534 fidejussor
716 474 999 529 Testamenti,
1022 474 1113 533 ipse
1134 476 1253 519 testis
1277 475 1560 530 Testamenti,
1594 475 1684 535 ipse
1704 475 1844 519 haere-

460 541 570 587 ditas
595 543 878 598 Testamenti,
902 543 993 603 ipse
1008 545 1198 588 cohaeres
1223 546 1499 590 Testamenti.

517 615 682 659 XXIX.
709 632 729 655 «
753 617 810 658 Et
827 629 987 674 ponam
1008 615 1052 659 in
1077 615 1285 660 saeculum
1315 615 1463 661 saeculi
1484 631 1631 660 semen
1661 616 1792 676 ejus1.
1822 636 1840 658 »

458 685 558 729 Non
579 692 751 727 tantum
771 683 818 728 in
844 685 928 729 hoc
955 684 1137 741 saeculo,
1162 685 1237 730 sed
1263 705 1283 728 «
1311 688 1363 730 In
1386 685 1597 730 saeculum
1623 686 1797 730 saeculi:
1822 704 1842 727 ι)

459 769 549 814 quo
566 753 768 798 transibit
784 754 937 815 utique
958 771 1104 799 semen
1130 757 1242 815 ejus,
1268 771 1368 816 quae
1392 765 1456 800 est
1476 755 1706 800 haereditas
1727 757 1842 815 ejus,

459 839 605 868 semen
632 824 821 870 Abrahae
843 825 963 886 quod
985 835 1049 870 est
1078 827 1289 871 Christus.
1323 826 1367 871 Si
1390 835 1538 870 autem
1558 841 1634 870 vos
1662 826 1844 881 Christi,

459 911 563 954 ergo
585 895 773 941 Abrahae
805 912 953 941 semen
983 897 1123 942 estis2.
1151 900 1208 942 Et
1236 898 1270 942 si
1302 898 1347 942 in
1374 907 1590 942 aeternum
1628 898 1848 957 accepturi

458 965 758 1012 haereditatem
775 1002 786 1022 ,
811 976 945 1027 ponet
970 987 990 1011 «
1008 970 1060 1012 In
1090 968 1301 1013 saeculum
1322 968 1470 1012 saeculi
1492 983 1639 1012 semen
1660 969 1765 1028 ejus.
1791 970 1848 1012 Et

461 1054 482 1079 »
501 1037 708 1082 thronum
723 1038 816 1098 ejus
838 1038 949 1082 sicut
966 1038 1056 1082 dies
1070 1038 1217 1082 coeli.»
1237 1039 1400 1083 Throni
1414 1053 1562 1096 regum
1575 1047 1848 1082 terrenorum

459 1106 572 1151 sicut
594 1108 685 1151 dies
708 1116 849 1150 terrae.
875 1107 960 1151 Alii
982 1118 1085 1152 sunt
1112 1108 1202 1153 dies
1224 1109 1347 1165 eoeli,
1370 1109 1441 1153 alii
1463 1118 1566 1153 sunt
1587 1108 1677 1153 dies
1703 1118 1844 1153 terrae.

459 1177 557 1221 Dies
578 1177 679 1221 coeli
700 1178 803 1221 anni
827 1187 930 1221 sunt
958 1177 1042 1233 illi,
1071 1178 1126 1223 de
1157 1179 1319 1239 quibus
1347 1179 1507 1224 dicitur
1529 1198 1537 1224 :
1570 1198 1590 1221 «
1616 1182 1682 1223 Tu
1703 1187 1848 1223 autem

462 1266 482 1288 »
502 1247 617 1292 idem
633 1249 722 1308 ipse
740 1264 798 1302 es,
819 1258 862 1293 ct
880 1249 982 1292 anni
1004 1250 1069 1293 tui
1090 1266 1180 1294 non
1196 1250 1475 1295 deficie11t³.»
1487 1251 1585 1295 Dies
1606 1259 1731 1294 terrae
1748 1265 1847 1295 suc-

458 1317 715 1362 cedentibus
738 1328 964 1376 urgentur,
995 1321 1291 1379 praecedentes
1326 1320 1635 1376 excluduntur,
1666 1335 1747 1365 nec
1773 1321 1849 1381 qui

457 1387 699 1434 Succedunt
723 1399 917 1445 manent,
932 1390 1009 1434 sed
1023 1391 1207 1435 veniunt
1223 1400 1273 1435 ut
1290 1401 1406 1447 eant,
1423 1401 1466 1435 et
1483 1407 1593 1451 pene
1615 1401 1850 1452 antequam

457 1460 635 1503 veniant
656 1469 776 1503 eunt.
805 1463 869 1503 Ita
897 1470 998 1505 sunt
1022 1460 1111 1504 dies
1140 1470 1281 1506 terrae.
1311 1462 1408 1506 Dies
1431 1471 1575 1506 autem
1600 1461 1700 1507 coeli
1723 1471 1766 1506 et
1786 1461 1850 1506 illi

459 1529 562 1574 anni
583 1545 673 1574 non
696 1529 967 1586 deficientes,
994 1547 1075 1575 nec
1096 1531 1273 1576 initium
1294 1532 1461 1576 habent
1482 1547 1562 1576 nec
1584 1532 1818 1576 terminum
1838 1551 1846 1576 ε

459 1615 539 1644 nec
556 1599 670 1644 ullus
683 1601 744 1643 ibi
758 1600 848 1645 dics
866 1611 1124 1660 angustatur
1139 1602 1253 1646 inter
1273 1602 1527 1646 hesternum
1545 1612 1588 1647 et
1599 1602 1846 1646 crastinum.

457 1674 596 1718 Nemo
613 1673 675 1716 ibi
696 1682 894 1732 expectat
914 1674 1134 1728 futurum,
1154 1690 1284 1718 nemo
1306 1675 1368 1718 ibi
1391 1673 1536 1734 perdit
1556 1674 1847 1734 praeteritum:

458 1743 534 1786 sed
565 1742 655 1786 dies
683 1742 783 1787 coeli
811 1759 980 1803 semper
1010 1753 1244 1803 praesentes
1285 1753 1414 1799 sunt,
1451 1745 1529 1788 ubi
1556 1745 1639 1788 erit
1669 1745 1851 1789 thronus

459 1814 551 1874 ejus
573 1814 619 1857 in
641 1824 868 1859 aeternum.
895 1815 1025 1868 Quod
1046 1825 1203 1871 restat,
1229 1815 1263 1860 si
1285 1815 1452 1875 placet,
1474 1830 1693 1860 servemus
1715 1835 1724 1860 2
1744 1831 1852 1876 quo-

458 1885 575 1928 niam
601 1883 757 1942 longus
784 1894 848 1930 est
869 1885 1088 1941 Psalmus,
1121 1895 1165 1930 et
1192 1886 1336 1930 adhuc
1363 1886 1590 1931 vobiscum
1617 1885 1784 1946 aliquid
1804 1886 1850 1930 in

458 1955 635 1998 nomine
668 1955 830 1999 Christi
859 1956 1000 2000 acturi
1031 1972 1195 2001 sumus.
1229 1956 1411 2000 Reficite
1443 1971 1546 2015 ergo
1581 1956 1720 2010 vires,
1759 1971 1850 2000 non

459 2023 558 2069 dico
573 2024 705 2068 animi
721 2026 877 2082 vestri,
903 2042 1003 2070 nam
1024 2026 1153 2071 video
1171 2026 1291 2086 quod
1307 2026 1453 2070 animo
1474 2026 1765 2084 infatigabiles
1787 2041 1851 2070 es-

459 2095 512 2140 tis
535 2110 545 2137 :
570 2095 645 2140 sed
672 2106 851 2157 propter
877 2113 1021 2143 servos
1044 2098 1201 2142 animae
1217 2133 1228 2153 ,
1263 2107 1314 2141 ut
1339 2097 1500 2142 durent
1532 2098 1578 2141 in
1611 2098 1849 2142 ministerio

458 2181 641 2226 corpora
661 2177 826 2225 vestra,
852 2167 1173 2229 aliquantulum
1195 2168 1448 2223 reficimini,
1469 2177 1513 2214 et
1534 2168 1685 2214 refecti
1707 2167 1764 2213 ad
1784 2169 1850 2213 ci-

459 2236 538 2281 bos
561 2236 712 2282 redite.

510 2341 518 2357 ¹
541 2335 627 2367 Psal.
646 2346 797 2376 mxxvm,
817 2336 871 2368 30.
889 2353 931 2358 ——
947 2343 959 2358 ²
978 2336 1045 2369 Gal.
1065 2348 1116 2375 m,
1138 2336 1178 2369 16
1192 2341 1226 2369 et
1241 2345 1294 2379 29.
1321 2353 1363 2360 -.
1383 2334 1491 2368 3Psal.
1510 2347 1551 2376 ci,
1572 2337 1628 2369 28.
