1926 3339
379 355 619 383 ENAitnA'rro
652 356 696 382 IN
730 353 931 381 PsALMUM
966 354 1145 379 LxxxVI.
1352 341 1434 379 217

54 418 300 479 Apostolus.
324 421 377 462 Et
399 419 442 462 hi
468 427 691 477 propterca
718 417 1036 478 loquebantur,
1056 426 1107 459 ut
1129 424 1307 459 caeteros
1324 416 1437 459 cives

56 490 398 532 exhortarentur.
420 487 502 531 Sed
524 488 565 530 hi
579 523 589 541 ,
612 487 651 531 id
678 497 755 541 est,
782 488 1010 546 Propheta}
1031 495 1075 530 et
1096 484 1307 544 Apostoli,
1328 500 1439 544 quo-

55 559 187 604 modo
208 560 349 603 cives?
374 563 568 602 Fortasse
590 559 646 602 ita
666 569 714 603 ut
735 561 864 603 etiam
887 559 967 617 ipsi
989 559 1074 601 sint
1096 566 1287 610 montes,
1313 571 1441 614 super

56 647 164 690 quos
185 630 468 674 fundamenta
496 639 597 673 sunt
619 631 745 690 hujus
767 630 971 683 civitatis,
997 629 1118 688 eujus
1141 637 1285 687 portas
1303 626 1442 683 diligit

55 701 280 746 Dominus.
314 701 434 744 Dicat
467 716 569 759 ergo
600 700 707 745 alius
735 701 838 745 civis
858 702 940 745 hoe
963 708 1110 759 aperte
1130 735 1140 753 ‚
1168 714 1221 743 ne
1244 714 1322 742 nos
1345 712 1441 741 sus-

55 771 186 831 picari
206 770 445 814 videamur.
460 774 662 831 Loquens
685 770 739 815 ad
762 772 936 825 Gentes,
963 780 1006 814 et
1029 784 1372 815 commemorans
1395 776 1445 811 ut

56 840 272 894 redirent,
309 850 351 883 et
383 841 503 900 quasi
535 850 890 885 construerentur
917 841 962 884 in
991 840 1201 883 fabricam
1222 848 1412 882 sanctam
1430 873 1441 892 ,

59 931 78 952 «
117 910 482 970 Superoedificati‚
510 912 676 970 inquit,
704 926 833 970 super
858 910 1191 954 fundamentum
1211 908 1446 968 Apostolo-

59 999 79 1022 »
116 996 212 1023 rum
227 989 269 1024 et
285 981 614 1039 Prophetarum.
631 984 720 1024 »Et
736 980 838 1040 quia
857 996 935 1024 nee
950 980 1032 1039 ipsi
1049 978 1246 1039 Apostoli
1263 988 1338 1022 aut
1350 981 1449 1021 Pro·

56 1051 200 1111 phetae
216 1086 225 1104 ‚
260 1051 304 1093 in
330 1051 487 1110 quihus
506 1049 844 1094 fundamentum
867 1060 930 1094 est
951 1050 1156 1105 civitatis,
1182 1065 1225 1093 se
1250 1057 1450 1093 tenerent

58 1120 104 1163 in
123 1135 194 1175 303
219 1129 391 1163 secutus
414 1120 473 1163 ibi
495 1121 553 1164 ait
574 1139 581 1164 ·.
612 1139 631 1161 «
660 1124 758 1180 Ipso
776 1136 947 1165 summo
970 1121 1179 1164 existente
1202 1119 1347 1179 lapide
1369 1134 1449 1161 an-

62 1208 82 1231 »
119 1189 256 1248 gulari
273 1190 445 1234 Christo
467 1193 582 1234 Jesu.
603 1209 620 1231 υ
639 1193 701 1236 Ne
723 1191 871 1251 itaque
894 1199 1098 1250 putarent
1116 1191 1275 1234 Gentes
1298 1204 1386 1232 non
1406 1203 1450 1232 se

59 1261 275 1320 pertinere
293 1261 347 1304 ad
364 1261 465 1305 Sion
489 1281 496 1304 ;
513 1270 603 1304 erat
625 1262 739 1304 enim
758 1262 959 1321 quaedam
979 1260 1125 1304 civitas
1143 1261 1243 1304 Sion
1262 1269 1446 1313 terrena,

62 1348 160 1392 quae
189 1348 265 1391 per
297 1333 497 1375 umbram
532 1334 713 1391 gestavit
739 1333 971 1391 imaginem
1009 1330 1235 1391 cujusdam
1271 1331 1372 1374 Sion
1396 1329 1450 1372 de

61 1418 148 1464 qua
171 1402 303 1446 modo
327 1402 511 1457 dicitur,
540 1402 724 1447 eoelestis
750 1402 865 1446 illius
894 1401 1133 1446 Jerusalem
1161 1401 1214 1445 de
1237 1416 1323 1460 qua
1347 1399 1452 1444 dicit

62 1471 296 1532 Apostolus
317 1492 325 1516 z
357 1492 375 1513 «
402 1475 509 1525 Quae
532 1482 594 1516 est
617 1482 753 1516 mater
775 1473 971 1517 omnium
992 1481 1189 1516 nostrum
1210 1473 1219 1496 ¹
1246 1486 1325 1515 :ne
1349 1485 1452 1528 ergo

62 1543 125 1587 illi
149 1559 235 1587 non
259 1544 475 1601 pertinere
496 1542 748 1587 dicerentur
771 1543 825 1587 ad
856 1544 981 1597 Sion,
1014 1543 1116 1602 quia
1140 1558 1229 1585 non
1251 1550 1374 1584 erant
1398 1540 1452 1584 de

62 1612 227 1673 populo
257 1613 512 1657 Judaeorum
531 1649 542 1667 ,
567 1614 651 1657 hoc
673 1614 732 1657 eis
755 1614 863 1658 dixit
886 1634 894 1658 ε
926 1633 944 1654 «
971 1614 1110 1672 Igitur
1133 1614 1223 1672 jam
1245 1628 1335 1655 non
1357 1611 1453 1654 estis

67 1702 87 1725 »
122 1683 337 1743 peregrini
362 1693 405 1727 et
426 1683 653 1743 inquilini3
678 1684 753 1728 sed
771 1684 868 1728 estis
889 1684 1001 1728 cives
1024 1694 1291 1738 sanctorum,
1317 1691 1361 1725 et
1378 1681 1455 1725 do-

68 1773 87 1796 »
123 1755 288 1798 mestici
316 1754 418 1808 Dei,
446 1754 778 1813 superaedificati
801 1771 931 1814 super
952 1754 1291 1799 fundamentum
1316 1757 1455 1812 Apos-

66 1842 86 1866 »
121 1823 312 1869 tolorum
330 1833 373 1868 et
386 1825 717 1883 Prophetarum.
739 1843 758 1865 η
782 1825 922 1868 Habes
937 1825 1305 1868 constructionem
1324 1831 1454 1866 tantae

64 1894 263 1938 civitatis.
297 1893 381 1938 Sed
404 1895 542 1937 omnis
564 1893 642 1937 ista
665 1910 895 1954 compages
918 1895 994 1938 ubi
1020 1895 1222 1938 innititur
1241 1930 1251 1949 ‚
1275 1894 1351 1937 ubi
1380 1894 1451 1935 in-

64 1964 257 2018 cumbit‚
284 1973 334 2007 ut
356 1980 573 2024 nusquam
595 1964 752 2008 cadat?
771 1984 789 2005 «
804 1968 916 2024 Ipso,
934 1966 1098 2026 inquit,
1120 1980 1291 2009 summo
1316 1979 1456 2022 angu-

69 2053 88 2076 »
123 2034 202 2078 lari
224 2033 368 2092 lapide
387 2035 596 2078 existente
615 2034 786 2079 Christo
805 2038 907 2078 Jesu
923 2039 955 2078 ².
979 2054 998 2075 n

126 2109 208 2149 ΙΙΙ.
230 2106 353 2150 Dicet
370 2104 549 2149 sortasse
568 2105 722 2166 aliquis
741 2126 748 2150 ε
778 2107 819 2151 Si
843 2106 1059 2164 angularis
1090 2105 1199 2165 lapis
1222 2115 1284 2149 est
1307 2106 1456 2150 Chris-

26 2218 28 2221 .
68 2184 135 2220 tus
167 2172 313 2230 Je'sus⁷
350 2175 394 2219 in
431 2175 505 2219 illo
542 2175 720 2235 quidem
745 2175 832 2220 duo
862 2177 1044 2234 parietes
1075 2176 1454 2235 compaginantur.

66 2249 215 2305 Neque
229 2247 344 2289 enim
373 2245 584 2304 angulum
610 2244 797 2299 faciunt,
824 2247 902 2290 nisi
931 2246 1020 2290 duo
1043 2247 1226 2306 parietes
1250 2247 1294 2289 in
1318 2261 1458 2289 unum

69 2315 122 2360 de
139 2316 308 2360 diverso
332 2317 568 2360 venientes.
596 2317 663 2361 Sic
689 2327 731 2360 et
753 2316 904 2376 populi
935 2316 1024 2361 duo
1051 2334 1103 2361 ex
1132 2317 1459 2361 circumcisione

68 2396 111 2430 et
132 2402 181 2429 ex
202 2386 415 2446 praeputio
434 2421 444 2439 ,
468 2386 522 2430 ad
547 2402 695 2445 pacem
720 2387 997 2430 christianam
1021 2387 1194 2431 sibimet
1216 2387 1397 2431 connexi
1417 2386 1461 2430 in

69 2472 156 2499 una
173 2456 280 2506 fide,
307 2472 395 2499 una
417 2472 491 2515 spe
508 2491 518 2511 ,
542 2472 629 2499 una
651 2456 876 2500 charitate.
906 2456 990 2501 Sed
1004 2457 1037 2500 si
1056 2457 1243 2515 angulus
1268 2471 1463 2501 summus

70 2527 266 2571 Christus
289 2530 433 2582 Jesus,
450 2528 571 2587 quasi
593 2527 798 2572 videntur
821 2529 962 2588 priora
986 2527 1274 2573 fundamenta
1297 2537 1339 2572 et
1360 2543 1462 2586 pos-

71 2597 202 2640 terior
223 2596 330 2656 lapis
348 2597 581 2656 angularis.
602 2601 748 2642 Potest
762 2614 864 2656 ergo
887 2597 1039 2657 aliquis
1061 2598 1204 2643 dicere
1221 2633 1231 2652 ,
1255 2598 1355 2658 quia
1376 2613 1464 2641 ma-

119 2688 127 2703 “
153 2681 221 2714 Gal.
238 2694 282 2721 iv,
307 2682 361 2714 26.
385 2700 425 2704 —
447 2690 458 2704 ²
480 2682 596 2724 Ephes.
614 2694 647 2725 ιι,
672 2694 725 2725 19,
745 2692 797 2715 20.
