1926 3339
485 263 572 303 444
909 273 944 303 s.
979 272 1211 304 Aucusmm
1242 275 1426 304 EPISCOPI

482 361 503 385 >›
539 341 715 388 diabolo
747 351 791 387 et
813 340 976 400 angelis
1008 343 1145 402 ejus‘l.
1174 360 1194 384 »
1221 342 1301 395 Qui
1338 340 1545 401 gaudebit
1579 339 1633 387 ad
1667 342 1868 388 auditum
1900 345 1901 350 ’

479 413 647 457 bonum
667 447 678 468 ,
705 428 795 457 non
818 412 990 456 timebit
1022 412 1076 455 ab
1099 411 1252 456 auditu
1274 411 1404 457 malo.
1437 414 1664 466 Quomodo
1702 415 1868 472 gaude-
1905 446 1908 452 ·

479 485 593 527 bunt
615 481 670 527 ad
684 481 887 526 auditum
913 482 1107 526 bonum?
1126 500 1143 522 «
1171 483 1326 527 Venite
1348 483 1567 527 benedicti
1585 484 1721 528 Patris
1734 484 1864 528 mci.»

477 556 536 598 Et
559 570 582 597 a
605 568 693 613 quo
711 552 863 596 auditu
885 567 974 596 non
992 552 1238 595 timebunt?
1273 571 1293 594 «
1316 555 1380 596 Ite
1398 553 1443 596 in
1466 554 1612 612 ignem
1636 563 1865 611 aeternum,
1897 549 1915 597 ἓ,

479 642 500 666 »
536 625 611 683 qui
633 633 807 683 paratus
830 633 893 667 est
909 622 1088 667 diabolo
1111 631 1154 666 et
1175 622 1338 682 angelis
1361 624 1495 683 ejus.»
1522 627 1626 669 Haec
1649 635 1713 670 est
1726 627 1868 687 aequi-
1898 620 1905 662 ¹÷·

477 703 555 749 tas,
591 695 685 739 haec
715 694 885 738 veritas.
928 713 948 735 «
986 693 1209 738 Judicabit
1237 694 1352 737 enim
1382 694 1533 738 orbem
1569 704 1784 740 terrarum
1821 697 1868 740 in
1898 702 1899 706 ’

479 782 500 805 »
536 764 765 824 aequitate‚
797 773 840 808 et
865 764 1050 823 populos
1069 764 1115 807 in
1136 764 1317 808 veritate
1345 779 1436 808 sua.
1467 782 1487 806 »
1514 769 1583 810 An
1604 766 1707 827 quia
1730 776 1778 811 tu
1798 767 1868 810 in-

471 836 612 895 justus
634 850 693 890 es,
716 836 857 896 justus
877 851 966 879 non
994 835 1073 879 erit
1097 834 1260 894 judex?
1292 844 1366 879 aut
1399 836 1501 896 quia
1522 846 1569 881 tu
1594 837 1780 881 mendax
1803 853 1863 893 es,

476 920 606 948 verax
627 907 717 950 n'on
740 905 820 949 erit
840 905 1027 949 veritas?
1063 905 1147 950 Sed
1168 905 1201 949 si
1235 906 1296 950 vis
1331 907 1492 951 habere
1524 906 1863 963 misericordem,

478 985 568 1020 esto
592 976 832 1021 misericors
867 986 1100 1036 antequam
1126 977 1272 1021 veniat
1309 997 1318 1022 2
1354 977 1524 1022 dimitte
1550 979 1583 1023 si
1614 978 1722 1039 quid
1750 979 1795 1022 in
1824 989 1867 1023 tc

478 1047 756 1091 commissum
779 1056 864 1101 est,
890 1046 945 1090 da
963 1062 1013 1090 ex
1036 1061 1087 1090 eo
1109 1062 1198 1107 quo
1223 1047 1436 1092 abundas.
1463 1051 1519 1092 Et
1541 1048 1595 1093 de
1617 1050 1741 1109 cujus
1763 1048 1863 1105 das,
1902 1079 1908 1092 „

477 1117 559 1160 nisi
576 1116 630 1160 de
651 1116 797 1160 illius?
817 1117 859 1161 Si
881 1117 936 1160 de
954 1125 1030 1161 tuo
1053 1117 1192 1172 dares,
1212 1116 1381 1175 largitio
1404 1129 1536 1164 esset:
1555 1135 1654 1164 cum
1675 1119 1730 1163 de
1752 1118 1866 1163 illius

478 1187 569 1242 das,
590 1186 776 1231 redditio
789 1197 867 1232 est.
879 1207 895 1227 «
915 1187 1028 1241 Quid
1045 1189 1161 1232 enim
1174 1189 1325 1244 habes,
1347 1189 1467 1249 quod
1486 1206 1575 1234 non
1591 1191 1790 1250 accepisti
1801 1192 1836 1232 ‘3²
1847 1212 1861 1231 »

478 1261 557 1302 Hae
576 1268 678 1302 sunt
697 1259 850 1303 hostiae
873 1262 963 1304 Deo
982 1260 1230 1317 gratissimae
1246 1296 1256 1316 ,
1280 1261 1572 1306 misericordia
1588 1298 1598 1317 ,
1623 1261 1862 1317 humilitas,

477 1328 689 1374 confessio
707 1365 717 1384 ‚
749 1346 831 1390 pax
847 1366 857 1386 ,
889 1331 1088 1375 charitas.
1128 1334 1214 1376 Has
1238 1342 1540 1392 apportemus,
1567 1342 1609 1377 et
1633 1334 1771 1377 securi
1793 1349 1866 1377 ex·
1895 1364 1897 1366 -

476 1399 747 1458 pectabimus
769 1400 1007 1445 adventum
1023 1401 1205 1463 judicis,
1230 1421 1249 1444 «
1268 1404 1349 1455 Qui
1367 1403 1583 1463 judicabit
1604 1403 1755 1448 orbem
1782 1412 1866 1448 ter—

478 1489 498 1512 »
535 1487 680 1516 rarum
701 1471 748 1515 in
769 1473 989 1533 aequitate,
1015 1483 1058 1517 et
1076 1473 1261 1533 populos
1277 1474 1323 1518 in
1341 1475 1520 1519 veritate
1542 1491 1633 1519 sua.
1663 1493 1683 1517 >›

473 1675 526 1691 M&
532 1675 876 1692 VIMNUVSSQUU‘UVWNWU
883 1677 947 1692 WV!
955 1677 1512 1694 vmwmxwmmvummwmmz
1517 1678 1864 1695 wxanmxmmvww

977 1808 1363 1858 ENARRATIO

858 1982 920 2020 IN
965 1980 1266 2021 PsALMUM
1317 1981 1441 2022 xcv
1459 1983 1490 2021 1.

921 2148 1070 2191 Sermo
1093 2145 1149 2191 ad
1171 2145 1402 2206 populum.

530 2307 565 2347 I.
591 2306 754 2348 MAGNA
778 2304 1024 2362 spectacula
1057 2305 1360 2363 Deusrpraebet
1385 2303 1506 2348 cordi
1528 2304 1790 2360 christiano,
1817 2315 1860 2348 et

469 2374 629 2434 quibus
651 2389 750 2417 vere
765 2374 873 2416 nihil
891 2374 1024 2432 possit
1040 2374 1280 2434 jucundius
1298 2374 1481 2419 inveniri
1507 2393 1515 2419 ι
1538 2375 1570 2418 si
1590 2384 1734 2418 tamen
1749 2373 1860 2419 adsit

468 2444 663 2505 palatum
690 2444 806 2499 fidei,
834 2446 903 2489 cui
926 2446 1065 2505 sapiat
1082 2446 1167 2490 mcl
1193 2447 1283 2490 Dei.
1306 2446 1533 2491 Credimus
1551 2447 1754 2491 omnibus
1779 2462 1857 2490 vo-

467 2517 558 2572 his7
588 2518 665 2577 qui
693 2517 738 2560 in
773 2516 1039 2562 Salvatorem
1073 2526 1268 2562 nostrum
1300 2526 1391 2564 toto
1419 2517 1550 2563 corde
1581 2517 1819 2563 credidistis
1838 2553 1848 2571 ,

517 2621 524 2636 ¹
545 2615 658 2646 Matth.
681 2625 793 2657 xxvm,
820 2614 874 2657 41.
892 2632 932 2638 -
959 2622 972 2638 ²
995 2626 1006 2647 1
1036 2617 1108 2648 Cor.
1134 2626 1177 2654 iv,
1196 2627 1226 2658 ς.

1914 2628 1922 2660 ,.-«-
1914 2589 1921 2619 5-—
1914 2531 1923 2583 ,μ-ᾼΑΑᾼ,
1914 2505 1920 2530 „2
