1926 3339
418 273 503 312 506
802 284 833 310 s.
884 280 1112 310 Ancus-nm
1146 282 1328 309 EPlscoPl

417 369 437 392 »
474 348 714 394 fornicatur
736 347 791 392 ab
813 356 856 391 te
874 349 904 391 ¹.
936 365 954 388 n
976 347 1110 392 Nobis
1128 356 1274 391 autem
1292 344 1429 406 quid?
1447 344 1559 398 Quia
1575 343 1639 388 illi
1658 344 1806 403 longe,

416 430 459 465 et
485 420 584 464 ideo
607 419 652 462 in
672 418 882 472 tenebris,
908 427 951 460 et
974 418 1034 461 ita
1057 417 1256 461 sauciatis
1283 415 1418 460 oeulis
1447 416 1492 459 in
1516 414 1719 470 tenebris,
1759 424 1812 459 ut

414 491 567 536 lumen
589 504 679 533 non
701 487 841 532 solum
873 503 959 531 non
995 487 1255 541 desiderent,
1291 485 1368 530 sed
1396 486 1526 530 etiam
1556 486 1815 544 perhorres-'

417 571 518 607 cant
545 579 554 604 ε
574 559 700 603 nobis
717 558 761 601 in
784 558 1026 617 longinquo
1053 556 1239 600 inventis
1261 555 1371 616 quid
1391 556 1581 600 dicitur?
1605 555 1811 600 Accedite

422 651 441 674 »
478 630 534 675 ad
555 645 672 683 eum,
695 638 737 673 et
762 628 1117 672 illuminamini2.
1147 645 1166 668 »
1194 629 1251 671 Ut
1273 635 1418 670 autem
1437 625 1614 670 accedas
1637 635 1680 670 et
1707 626 1811 670 illu-

417 702 611 756 mineris,
630 699 888 759 displiceant
908 699 987 742 tibi
1012 698 1201 742 tenebrae
1224 707 1312 742 tuae
1333 717 1342 742 ι
1362 697 1521 741 damna
1541 697 1663 757 quod
1685 712 1744 752 es,
1761 706 1812 742 ut

418 772 621 818 merearis
643 787 732 816 esse
755 770 876 831 quod
897 786 987 814 non
1009 786 1067 814 es.
1093 773 1150 814 Es
1167 769 1359 830 iniquus,
1376 784 1466 813 esse
1478 768 1611 812 debes
1629 769 1772 829 justus
1799 789 1808 813 :

419 857 647 903 nunquam
665 841 879 902 justitiam
902 849 1186 900 percepturus
1218 855 1287 895 es,
1321 840 1356 883 si
1389 838 1534 883 adhuc
1564 839 1643 882 tibi
1671 838 1815 898 placet

417 913 639 974 iniquitas.
671 914 859 956 Contere
885 910 1004 954 illam
1021 911 1066 954 in
1096 909 1227 955 corde
1245 919 1345 964 tuo,
1370 918 1414 953 et
1436 909 1627 967 munda3
1649 907 1815 968 expelle

370 998 373 1000 ·
420 984 541 1029 illam
580 983 635 1028 de
662 982 793 1028 corde
818 992 924 1037 tuo,
951 983 1030 1026 ubi
1051 983 1146 1027 vult
1169 982 1366 1026 habitare
1394 996 1526 1042 quem
1552 981 1616 1025 vis
1648 980 1811 1025 videre.

422 1055 602 1100 Accedit
623 1070 724 1112 ergo
747 1063 988 1111 utcumque
1006 1053 1149 1096 anima
1166 1053 1375 1107 humana,
1396 1052 1577 1096 interior
1597 1052 1730 1096 homo
1753 1066 1817 1094 re-

419 1136 587 1171 creatus
605 1125 660 1168 ad
681 1125 916 1183 imaginem
943 1125 1034 1178 Dei,
1061 1125 1163 1184 quia
1186 1133 1355 1168 creatus
1378 1124 1432 1167 ad
1448 1123 1681 1181 imaginem
1703 1121 1780 1166 Dei
1801 1141 1810 1166 :

420 1197 495 1257 qui
516 1205 638 1240 tanto
660 1205 753 1240 erat
773 1195 901 1253 longe
933 1194 1085 1248 factus,
1113 1203 1278 1255 quanto
1300 1195 1409 1237 ierat
1428 1194 1470 1236 in
1499 1191 1818 1236 dissimilitudi-

423 1283 539 1311 nem.
566 1269 663 1311 Non
699 1267 817 1309 enim
839 1265 1036 1309 locorum
1060 1264 1299 1309 intervallis
1321 1263 1541 1307 acceditur
1571 1261 1627 1307 ad
1657 1266 1814 1318 Deum,

420 1348 496 1383 aut
532 1336 750 1382 receditur
774 1354 796 1381 a
820 1340 911 1381 Deo
945 1357 953 1381 :
985 1335 1200 1380 dissimilis
1230 1334 1386 1389 factus,
1418 1334 1548 1394 longe
1581 1334 1814 1392 recessisti3

420 1410 568 1455 similis
587 1410 748 1465 factus,
776 1409 967 1470 proxime
1005 1407 1185 1453 accedis.
1220 1407 1333 1452 Vide
1364 1406 1588 1468 quomodo
1623 1422 1702 1451 nos
1721 1405 1818 1450 vult

421 1481 626 1526 accedere
648 1481 874 1534 Dominus,
908 1479 1068 1524 faciens
1094 1479 1236 1539 primo
1264 1479 1438 1534 similes,
1471 1488 1519 1523 ut
1540 1479 1813 1523 accedamus

425 1573 445 1595 «
481 1556 649 1607 Estote,
676 1553 751 1606 ait,
775 1552 887 1596 sicut
909 1555 1036 1596 Pater
1060 1561 1201 1595 vester
1220 1551 1297 1611 qui
1323 1551 1370 1594 in
1405 1550 1527 1595 coelis
1549 1559 1628 1605 est,
1650 1550 1727 1610 qui
1749 1565 1818 1594 so-

424 1642 443 1665 »
479 1622 563 1667 lem
589 1637 718 1667 suum
742 1623 843 1666 oriri
865 1621 968 1666 facit
990 1637 1119 1681 super
1136 1621 1273 1666 bonos
1294 1631 1337 1665 et
1358 1621 1511 1676 malos,
1540 1630 1583 1664 et
1605 1619 1717 1680 pluit
1739 1636 1815 1664 su-

425 1711 445 1734 »
480 1709 556 1753 per
578 1694 718 1754 justos
741 1702 784 1736 et
814 1691 1045 1752 injustos3.
1077 1710 1098 1732 »
1129 1692 1251 1736 Disce
1281 1691 1460 1751 diligere
1487 1692 1741 1746 inimicum,
1784 1692 1818 1735 si

420 1763 482 1807 vis
513 1779 664 1808 cavere
698 1762 939 1807 inimicum·
964 1765 1015 1806 In
1039 1771 1255 1822 quantum
1289 1771 1437 1806 autem
1472 1762 1518 1805 in
1552 1771 1596 1806 te
1630 1761 1817 1806 charitas

421 1836 588 1887 crescit,
615 1833 806 1878 efficiens
839 1842 883 1877 te
918 1842 961 1876 et
995 1847 1199 1877 revocans
1220 1841 1264 1875 te
1286 1832 1341 1876 ad
1363 1831 1691 1876 similitudinem
1719 1832 1813 1888 Dei,

420 1904 640 1964 pertendit
664 1919 804 1964 usque
826 1902 881 1947 ad
903 1903 1103 1947 inimicos
1121 1923 1132 1960 3
1158 1911 1207 1946 ut
1225 1902 1280 1946 sis
1302 1902 1341 1946 ei
1363 1902 1513 1947 similis
1535 1903 1613 1963 qui
1634 1900 1737 1947 facit
1753 1918 1818 1947 so-

420 1975 507 2020 lem
529 1991 657 2020 suum
682 1976 800 2029 oriri,
831 1991 921 2019 non
950 1990 1081 2034 super
1103 1974 1242 2018 bonos
1265 1983 1456 2029 tantum,
1483 1972 1560 2018 sed
1580 1989 1712 2033 super
1734 1973 1817 2018 bo-

421 2063 499 2091 nos
522 2057 565 2091 et
586 2045 745 2103 malos;
773 2056 817 2090 et
840 2046 968 2106 pluit,
995 2062 1085 2090 non
1107 2061 1237 2106 super
1257 2047 1394 2106 justos
1417 2054 1588 2090 tantum
1604 2080 1615 2099 ‚
1641 2045 1715 2089 sed
1740 2061 1814 2089 su-

420 2134 498 2178 per
514 2120 652 2178 justos
671 2128 714 2162 et
736 2119 932 2178 injustos.
954 2121 1180 2170 Quantum
1199 2117 1366 2162 accedis
1388 2117 1443 2161 ad
1465 2115 1812 2171 similitudinem,

421 2197 594 2232 tantum
617 2189 787 2248 proficis
809 2189 854 2232 in
868 2188 1092 2238 charitate,
1114 2197 1156 2232 et
1174 2197 1294 2232 tanto
1309 2187 1461 2247 incipis
1479 2187 1637 2230 sentire
1656 2190 1810 2231 Deum.

421 2262 478 2304 Et
500 2275 631 2320 quem
647 2260 804 2304 sentis?
827 2260 901 2320 qui
917 2260 1036 2303 venit
1053 2260 1108 2303 ad
1124 2269 1180 2314 te,
1198 2275 1251 2303 an
1266 2258 1320 2302 ad
1335 2273 1467 2319 quem
1483 2268 1532 2302 tu
1545 2258 1686 2302 redis?
1702 2260 1811 2304 Nam

421 2329 494 2373 ille
524 2346 752 2390 nunquam
775 2329 968 2374 discessit
1000 2346 1024 2374 a
1049 2339 1092 2373 te
1131 2349 1139 2374 :
1176 2329 1338 2373 recedit
1371 2346 1391 2373 a
1416 2338 1459 2373 te
1478 2332 1609 2384 Deus,
1638 2345 1741 2374 cum
1763 2339 1814 2373 tu

422 2400 586 2444 recedis
609 2417 631 2444 a
650 2404 754 2444 Deo.
778 2400 1009 2444 Praesentia
1031 2409 1134 2444 sunt
1154 2401 1277 2444 caecis
1301 2400 1462 2454 omnia,
1488 2400 1599 2444 sicut
1619 2399 1811 2444 videnti-

421 2471 503 2514 bus
531 2490 539 2515 :
565 2486 654 2514 uno
675 2470 773 2515 loco
803 2480 918 2514 stans
939 2486 1079 2514 caecus
1108 2480 1152 2515 et
1178 2470 1346 2525 videns,
1377 2471 1546 2515 hisdem
1569 2469 1720 2515 formis
1742 2485 1812 2514 re-

421 2550 728 2601 rum‚uterque
757 2539 1151 2598 circumfunditur3
1180 2540 1254 2584 ille
1276 2550 1340 2584 est
1362 2556 1550 2600 praesens
1566 2540 1712 2596 rebus,
1738 2540 1810 2584 ille

471 2627 575 2658 ¹Psa1.
603 2637 702 2667 mxu,
729 2636 782 2668 27.
807 2645 845 2649 —
867 2627 1072 2666 ²1d.xxxm,
1088 2625 1121 2656 6.
1145 2643 1182 2648 -
1206 2624 1344 2658 ³Mauh.
1363 2636 1395 2665 v,
1415 2624 1469 2666 45.
