<?xml version="1.0" encoding="UTF-8"?>
<!DOCTYPE html PUBLIC "-//W3C//DTD XHTML 1.0 Transitional//EN"
    "http://www.w3.org/TR/xhtml1/DTD/xhtml1-transitional.dtd">
<html xmlns="http://www.w3.org/1999/xhtml" xml:lang="en" lang="en">
 <head>
  <title>
</title>
<meta http-equiv="Content-Type" content="text/html;charset=utf-8" />
  <meta name='ocr-system' content='tesseract 3.04.00' />
  <meta name='ocr-capabilities' content='ocr_page ocr_carea ocr_par ocr_line ocrx_word'/>
</head>
<body>
  <div class='ocr_page' id='page_1' title='image "./operaomniaaccura10auguuoft_0037.png"; bbox 0 0 1926 3339; ppageno 0'>
   <div class='ocr_carea' id='block_1_1' title="bbox 364 276 1446 315">
    <p class='ocr_par' dir='ltr' id='par_1_1' title="bbox 364 276 1446 315">
     <span class='ocr_line' id='line_1_1' title="bbox 364 276 1446 315; baseline 0 -4"><span class='ocrx_word' id='word_1_1' title='bbox 364 280 607 312; x_wconf 76' lang='lat' dir='ltr'>ENARRATIO</span> <span class='ocrx_word' id='word_1_2' title='bbox 637 283 685 312; x_wconf 79' lang='lat' dir='ltr'>m</span> <span class='ocrx_word' id='word_1_3' title='bbox 716 280 922 311; x_wconf 73' lang='lat' dir='ltr'>PsALMUM</span> <span class='ocrx_word' id='word_1_4' title='bbox 953 282 1113 312; x_wconf 78' lang='lat' dir='ltr'>Lxxvn.</span> <span class='ocrx_word' id='word_1_5' title='bbox 1390 276 1446 315; x_wconf 80' lang='lat'>27</span> 
     </span>
    </p>
   </div>
   <div class='ocr_carea' id='block_1_2' title="bbox 47 345 1456 2534">
    <p class='ocr_par' dir='ltr' id='par_1_2' title="bbox 47 345 1456 2534">
     <span class='ocr_line' id='line_1_2' title="bbox 56 345 1448 411; baseline 0.004 -19"><span class='ocrx_word' id='word_1_6' title='bbox 56 345 280 406; x_wconf 82' lang='lat' dir='ltr'>dedignari</span> <span class='ocrx_word' id='word_1_7' title='bbox 296 364 374 394; x_wconf 93' lang='lat' dir='ltr'>nos</span> <span class='ocrx_word' id='word_1_8' title='bbox 396 357 589 408; x_wconf 81' lang='lat' dir='ltr'>oportet,</span> <span class='ocrx_word' id='word_1_9' title='bbox 614 348 703 392; x_wconf 89' lang='lat' dir='ltr'>imo</span> <span class='ocrx_word' id='word_1_10' title='bbox 726 348 881 407; x_wconf 80' lang='lat' dir='ltr'>gratias</span> <span class='ocrx_word' id='word_1_11' title='bbox 898 348 1144 393; x_wconf 83' lang='lat' dir='ltr'>ineffabiles</span> <span class='ocrx_word' id='word_1_12' title='bbox 1162 364 1302 408; x_wconf 85' lang='lat' dir='ltr'>agere,</span> <span class='ocrx_word' id='word_1_13' title='bbox 1325 353 1448 411; x_wconf 89' lang='lat' dir='ltr'>quod</span> 
     </span>
     <span class='ocr_line' id='line_1_3' title="bbox 57 419 1444 480; baseline 0.004 -19"><span class='ocrx_word' id='word_1_14' title='bbox 57 433 206 462; x_wconf 91' lang='lat' dir='ltr'>sumus</span> <span class='ocrx_word' id='word_1_15' title='bbox 228 435 327 464; x_wconf 91' lang='lat' dir='ltr'>oves</span> <span class='ocrx_word' id='word_1_16' title='bbox 344 435 555 464; x_wconf 88' lang='lat' dir='ltr'>manuum</span> <span class='ocrx_word' id='word_1_17' title='bbox 577 420 684 480; x_wconf 87' lang='lat' dir='ltr'>ejus,</span> <span class='ocrx_word' id='word_1_18' title='bbox 711 434 817 479; x_wconf 88' lang='lat' dir='ltr'>quas</span> <span class='ocrx_word' id='word_1_19' title='bbox 838 419 1109 478; x_wconf 71' lang='lat' dir='ltr'>praevidebat</span> <span class='ocrx_word' id='word_1_20' title='bbox 1126 435 1226 464; x_wconf 88' lang='lat' dir='ltr'>cum</span> <span class='ocrx_word' id='word_1_21' title='bbox 1249 419 1411 465; x_wconf 88' lang='lat' dir='ltr'>diceret</span> <span class='ocrx_word' id='word_1_22' title='bbox 1434 441 1444 468; x_wconf 90' lang='lat'>:</span> 
     </span>
     <span class='ocr_line' id='line_1_4' title="bbox 61 488 1445 551; baseline 0.004 -20"><span class='ocrx_word' id='word_1_23' title='bbox 61 508 80 531; x_wconf 77' lang='grc' dir='ltr'>α</span> <span class='ocrx_word' id='word_1_24' title='bbox 114 489 266 534; x_wconf 89' lang='lat' dir='ltr'>Habeo</span> <span class='ocrx_word' id='word_1_25' title='bbox 288 490 389 535; x_wconf 87' lang='lat' dir='ltr'>alias</span> <span class='ocrx_word' id='word_1_26' title='bbox 417 506 516 535; x_wconf 88' lang='lat' dir='ltr'>oves</span> <span class='ocrx_word' id='word_1_27' title='bbox 550 505 648 551; x_wconf 78' lang='lat' dir='ltr'>quae</span> <span class='ocrx_word' id='word_1_28' title='bbox 672 505 762 534; x_wconf 91' lang='lat' dir='ltr'>non</span> <span class='ocrx_word' id='word_1_29' title='bbox 792 499 895 533; x_wconf 88' lang='lat' dir='ltr'>sunt</span> <span class='ocrx_word' id='word_1_30' title='bbox 925 488 981 534; x_wconf 90' lang='lat' dir='ltr'>de</span> <span class='ocrx_word' id='word_1_31' title='bbox 1011 490 1094 534; x_wconf 92' lang='lat' dir='ltr'>hoc</span> <span class='ocrx_word' id='word_1_32' title='bbox 1124 490 1250 546; x_wconf 87' lang='lat' dir='ltr'>ovili,</span> <span class='ocrx_word' id='word_1_33' title='bbox 1276 501 1445 551; x_wconf 80' lang='lat' dir='ltr'>opertet</span> 
     </span>
     <span class='ocr_line' id='line_1_5' title="bbox 56 559 1443 620; baseline 0.001 -19"><span class='ocrx_word' id='word_1_34' title='bbox 56 577 77 602; x_wconf 87' lang='lat'>»</span> <span class='ocrx_word' id='word_1_35' title='bbox 112 574 183 603; x_wconf 88' lang='lat' dir='ltr'>me</span> <span class='ocrx_word' id='word_1_36' title='bbox 204 570 247 604; x_wconf 88' lang='lat' dir='ltr'>et</span> <span class='ocrx_word' id='word_1_37' title='bbox 266 560 377 620; x_wconf 90' lang='lat' dir='ltr'>ipsas</span> <span class='ocrx_word' id='word_1_38' title='bbox 395 559 626 614; x_wconf 76' lang='lat' dir='ltr'>adducere,</span> <span class='ocrx_word' id='word_1_39' title='bbox 643 568 692 604; x_wconf 85' lang='lat' dir='ltr'>ut</span> <span class='ocrx_word' id='word_1_40' title='bbox 709 559 763 604; x_wconf 86' lang='lat' dir='ltr'>sit</span> <span class='ocrx_word' id='word_1_41' title='bbox 777 576 890 603; x_wconf 92' lang='lat' dir='ltr'>unus</span> <span class='ocrx_word' id='word_1_42' title='bbox 906 575 1005 618; x_wconf 79' lang='lat' dir='ltr'>grex</span> <span class='ocrx_word' id='word_1_43' title='bbox 1019 569 1062 604; x_wconf 92' lang='lat' dir='ltr'>et</span> <span class='ocrx_word' id='word_1_44' title='bbox 1075 576 1188 605; x_wconf 90' lang='lat' dir='ltr'>unus</span> <span class='ocrx_word' id='word_1_45' title='bbox 1210 564 1443 620; x_wconf 77' lang='lat' dir='ltr'>pastor12»</span> 
     </span>
     <span class='ocr_line' id='line_1_6' title="bbox 47 630 1447 692; baseline 0.001 -16"><span class='ocrx_word' id='word_1_46' title='bbox 47 631 273 691; x_wconf 83' lang='lat' dir='ltr'>jungendo</span> <span class='ocrx_word' id='word_1_47' title='bbox 295 630 457 676; x_wconf 88' lang='lat' dir='ltr'>scilicet</span> <span class='ocrx_word' id='word_1_48' title='bbox 474 630 647 676; x_wconf 85' lang='lat' dir='ltr'>fidelem</span> <span class='ocrx_word' id='word_1_49' title='bbox 670 631 883 691; x_wconf 75' lang='lat' dir='ltr'>populum</span> <span class='ocrx_word' id='word_1_50' title='bbox 911 631 1151 676; x_wconf 82' lang='lat' dir='ltr'>Gentilium</span> <span class='ocrx_word' id='word_1_51' title='bbox 1168 668 1179 687; x_wconf 89' lang='lat'>,</span> <span class='ocrx_word' id='word_1_52' title='bbox 1212 631 1332 676; x_wconf 86' lang='lat' dir='ltr'>fideli</span> <span class='ocrx_word' id='word_1_53' title='bbox 1363 648 1447 692; x_wconf 89' lang='lat' dir='ltr'>po-</span> 
     </span>
     <span class='ocr_line' id='line_1_7' title="bbox 53 700 1447 763; baseline 0.002 -18"><span class='ocrx_word' id='word_1_54' title='bbox 53 700 158 762; x_wconf 94' lang='lat' dir='ltr'>pulo</span> <span class='ocrx_word' id='word_1_55' title='bbox 182 702 494 757; x_wconf 76' lang='lat' dir='ltr'>Israelitarum,</span> <span class='ocrx_word' id='word_1_56' title='bbox 530 701 584 746; x_wconf 92' lang='lat' dir='ltr'>de</span> <span class='ocrx_word' id='word_1_57' title='bbox 613 703 772 763; x_wconf 82' lang='lat' dir='ltr'>quibus</span> <span class='ocrx_word' id='word_1_58' title='bbox 793 702 911 762; x_wconf 86' lang='lat' dir='ltr'>prius</span> <span class='ocrx_word' id='word_1_59' title='bbox 945 702 1110 746; x_wconf 74' lang='lat' dir='ltr'>dixerat</span> <span class='ocrx_word' id='word_1_60' title='bbox 1138 719 1146 744; x_wconf 90' lang='lat'>:</span> <span class='ocrx_word' id='word_1_61' title='bbox 1178 722 1198 744; x_wconf 87' lang='lat'>«</span> <span class='ocrx_word' id='word_1_62' title='bbox 1224 705 1322 748; x_wconf 84' lang='lat' dir='ltr'>Non</span> <span class='ocrx_word' id='word_1_63' title='bbox 1350 718 1447 748; x_wconf 89' lang='lat' dir='ltr'>sum</span> 
     </span>
     <span class='ocr_line' id='line_1_8' title="bbox 56 771 1446 834; baseline 0.004 -21"><span class='ocrx_word' id='word_1_64' title='bbox 56 790 77 813; x_wconf 89' lang='lat'>»</span> <span class='ocrx_word' id='word_1_65' title='bbox 111 772 261 817; x_wconf 90' lang='lat' dir='ltr'>missus</span> <span class='ocrx_word' id='word_1_66' title='bbox 275 773 356 816; x_wconf 89' lang='lat' dir='ltr'>nisi</span> <span class='ocrx_word' id='word_1_67' title='bbox 374 772 428 818; x_wconf 87' lang='lat' dir='ltr'>ad</span> <span class='ocrx_word' id='word_1_68' title='bbox 451 788 551 818; x_wconf 78' lang='lat' dir='ltr'>oves</span> <span class='ocrx_word' id='word_1_69' title='bbox 569 790 668 834; x_wconf 86' lang='lat' dir='ltr'>quae</span> <span class='ocrx_word' id='word_1_70' title='bbox 691 773 913 833; x_wconf 86' lang='lat' dir='ltr'>perierunt</span> <span class='ocrx_word' id='word_1_71' title='bbox 936 771 1092 816; x_wconf 89' lang='lat' dir='ltr'>domus</span> <span class='ocrx_word' id='word_1_72' title='bbox 1106 773 1279 816; x_wconf 69' lang='lat' dir='ltr'>Israel2.</span> <span class='ocrx_word' id='word_1_73' title='bbox 1301 777 1446 818; x_wconf 84' lang='lat' dir='ltr'>»Nam</span> 
     </span>
     <span class='ocr_line' id='line_1_9' title="bbox 52 843 1448 902; baseline 0.001 -16"><span class='ocrx_word' id='word_1_74' title='bbox 52 850 94 886; x_wconf 89' lang='lat' dir='ltr'>et</span> <span class='ocrx_word' id='word_1_75' title='bbox 122 843 506 902; x_wconf 83' lang='lat' dir='ltr'>congregabuntur</span> <span class='ocrx_word' id='word_1_76' title='bbox 527 854 626 888; x_wconf 88' lang='lat' dir='ltr'>ante</span> <span class='ocrx_word' id='word_1_77' title='bbox 657 859 758 887; x_wconf 90' lang='lat' dir='ltr'>eum</span> <span class='ocrx_word' id='word_1_78' title='bbox 780 858 930 887; x_wconf 91' lang='lat' dir='ltr'>omnes</span> <span class='ocrx_word' id='word_1_79' title='bbox 962 852 1110 901; x_wconf 81' lang='lat' dir='ltr'><strong>gentes</strong></span> <span class='ocrx_word' id='word_1_80' title='bbox 1128 878 1138 898; x_wconf 91' lang='lat'>,</span> <span class='ocrx_word' id='word_1_81' title='bbox 1164 852 1207 886; x_wconf 90' lang='lat' dir='ltr'>et</span> <span class='ocrx_word' id='word_1_82' title='bbox 1229 845 1448 902; x_wconf 79' lang='lat' dir='ltr'>separabit</span> 
     </span>
     <span class='ocr_line' id='line_1_10' title="bbox 52 913 1447 975; baseline 0.001 -17"><span class='ocrx_word' id='word_1_83' title='bbox 52 928 124 958; x_wconf 88' lang='lat' dir='ltr'>eos</span> <span class='ocrx_word' id='word_1_84' title='bbox 145 914 257 958; x_wconf 91' lang='lat' dir='ltr'>sicut</span> <span class='ocrx_word' id='word_1_85' title='bbox 273 924 418 974; x_wconf 89' lang='lat' dir='ltr'>pastor</span> <span class='ocrx_word' id='word_1_86' title='bbox 435 930 534 959; x_wconf 91' lang='lat' dir='ltr'>oves</span> <span class='ocrx_word' id='word_1_87' title='bbox 556 915 611 958; x_wconf 87' lang='lat' dir='ltr'>ab</span> <span class='ocrx_word' id='word_1_88' title='bbox 635 915 823 959; x_wconf 67' lang='lat' dir='ltr'>hoedisss.</span> <span class='ocrx_word' id='word_1_89' title='bbox 843 914 910 959; x_wconf 87' lang='lat' dir='ltr'>Sic</span> <span class='ocrx_word' id='word_1_90' title='bbox 927 914 1056 972; x_wconf 84' lang='lat' dir='ltr'>igitur</span> <span class='ocrx_word' id='word_1_91' title='bbox 1076 913 1304 958; x_wconf 80' lang='lat' dir='ltr'>audiamus</span> <span class='ocrx_word' id='word_1_92' title='bbox 1324 914 1447 975; x_wconf 87' lang='lat' dir='ltr'>quod</span> 
     </span>
     <span class='ocr_line' id='line_1_11' title="bbox 52 983 1446 1045; baseline 0 -17"><span class='ocrx_word' id='word_1_93' title='bbox 52 983 217 1028; x_wconf 91' lang='lat' dir='ltr'>dictum</span> <span class='ocrx_word' id='word_1_94' title='bbox 240 994 329 1029; x_wconf 90' lang='lat' dir='ltr'>est:</span> <span class='ocrx_word' id='word_1_95' title='bbox 355 984 633 1040; x_wconf 85' lang='lat' dir='ltr'>«Attendite,</span> <span class='ocrx_word' id='word_1_96' title='bbox 651 984 840 1045; x_wconf 90' lang='lat' dir='ltr'>populus</span> <span class='ocrx_word' id='word_1_97' title='bbox 867 1000 1006 1040; x_wconf 86' lang='lat' dir='ltr'>meus,</span> <span class='ocrx_word' id='word_1_98' title='bbox 1030 984 1171 1044; x_wconf 85' lang='lat' dir='ltr'>legem</span> <span class='ocrx_word' id='word_1_99' title='bbox 1191 1000 1349 1040; x_wconf 89' lang='lat' dir='ltr'>meam,</span> <span class='ocrx_word' id='word_1_100' title='bbox 1375 986 1446 1028; x_wconf 87' lang='lat' dir='ltr'>in·-</span> 
     </span>
     <span class='ocr_line' id='line_1_12' title="bbox 56 1052 1456 1116; baseline 0.001 -19"><span class='ocrx_word' id='word_1_101' title='bbox 56 1075 74 1097; x_wconf 88' lang='lat'>»</span> <span class='ocrx_word' id='word_1_102' title='bbox 109 1055 266 1100; x_wconf 90' lang='lat' dir='ltr'>clinate</span> <span class='ocrx_word' id='word_1_103' title='bbox 283 1071 432 1100; x_wconf 90' lang='lat' dir='ltr'>aurem</span> <span class='ocrx_word' id='word_1_104' title='bbox 450 1065 636 1100; x_wconf 90' lang='lat' dir='ltr'>vestram</span> <span class='ocrx_word' id='word_1_105' title='bbox 656 1056 702 1100; x_wconf 89' lang='lat' dir='ltr'>in</span> <span class='ocrx_word' id='word_1_106' title='bbox 718 1055 850 1100; x_wconf 86' lang='lat' dir='ltr'>verba</span> <span class='ocrx_word' id='word_1_107' title='bbox 865 1056 948 1100; x_wconf 84' lang='lat' dir='ltr'>oris</span> <span class='ocrx_word' id='word_1_108' title='bbox 965 1056 1071 1100; x_wconf 89' lang='lat' dir='ltr'>mei:</span> <span class='ocrx_word' id='word_1_109' title='bbox 1089 1074 1108 1096; x_wconf 86' lang='lat'>»</span> <span class='ocrx_word' id='word_1_110' title='bbox 1128 1071 1218 1100; x_wconf 89' lang='lat' dir='ltr'>non</span> <span class='ocrx_word' id='word_1_111' title='bbox 1236 1052 1456 1116; x_wconf 69' lang='lat' dir='ltr'>tanquam¹</span> 
     </span>
     <span class='ocr_line' id='line_1_13' title="bbox 51 1126 1445 1188; baseline 0.001 -18"><span class='ocrx_word' id='word_1_112' title='bbox 51 1126 212 1171; x_wconf 80' lang='lat' dir='ltr'>Judaeis</span> <span class='ocrx_word' id='word_1_113' title='bbox 230 1163 240 1182; x_wconf 87' lang='lat'>,</span> <span class='ocrx_word' id='word_1_114' title='bbox 275 1126 352 1171; x_wconf 89' lang='lat' dir='ltr'>sed</span> <span class='ocrx_word' id='word_1_115' title='bbox 378 1128 522 1187; x_wconf 91' lang='lat' dir='ltr'>potius</span> <span class='ocrx_word' id='word_1_116' title='bbox 543 1136 754 1188; x_wconf 84' lang='lat' dir='ltr'>tanquam</span> <span class='ocrx_word' id='word_1_117' title='bbox 780 1127 907 1172; x_wconf 88' lang='lat' dir='ltr'>nobis</span> <span class='ocrx_word' id='word_1_118' title='bbox 923 1162 933 1182; x_wconf 88' lang='lat'>,</span> <span class='ocrx_word' id='word_1_119' title='bbox 967 1126 1038 1170; x_wconf 86' lang='lat' dir='ltr'>vel</span> <span class='ocrx_word' id='word_1_120' title='bbox 1059 1137 1175 1171; x_wconf 85' lang='lat' dir='ltr'>certe</span> <span class='ocrx_word' id='word_1_121' title='bbox 1196 1136 1286 1171; x_wconf 86' lang='lat' dir='ltr'>tam</span> <span class='ocrx_word' id='word_1_122' title='bbox 1316 1127 1445 1172; x_wconf 85' lang='lat' dir='ltr'>etiam</span> 
     </span>
     <span class='ocr_line' id='line_1_14' title="bbox 50 1196 1446 1257; baseline 0.001 -16"><span class='ocrx_word' id='word_1_123' title='bbox 50 1197 172 1242; x_wconf 85' lang='lat' dir='ltr'>nobis</span> <span class='ocrx_word' id='word_1_124' title='bbox 187 1199 202 1223; x_wconf 75' lang='lat'><strong>4</strong></span> <span class='ocrx_word' id='word_1_125' title='bbox 224 1198 304 1242; x_wconf 85' lang='lat' dir='ltr'>ista</span> <span class='ocrx_word' id='word_1_126' title='bbox 326 1197 541 1243; x_wconf 87' lang='lat' dir='ltr'>dicantur.</span> <span class='ocrx_word' id='word_1_127' title='bbox 569 1201 682 1244; x_wconf 89' lang='lat' dir='ltr'>Cum</span> <span class='ocrx_word' id='word_1_128' title='bbox 703 1198 821 1242; x_wconf 90' lang='lat' dir='ltr'>enim</span> <span class='ocrx_word' id='word_1_129' title='bbox 844 1197 1019 1242; x_wconf 72' lang='lat' dir='ltr'>dixisset</span> <span class='ocrx_word' id='word_1_130' title='bbox 1036 1196 1297 1257; x_wconf 85' lang='lat' dir='ltr'>Apostolus:</span> <span class='ocrx_word' id='word_1_131' title='bbox 1323 1217 1343 1240; x_wconf 77' lang='grc' dir='ltr'>α</span> <span class='ocrx_word' id='word_1_132' title='bbox 1362 1196 1446 1242; x_wconf 86' lang='lat' dir='ltr'>Sed</span> 
     </span>
     <span class='ocr_line' id='line_1_15' title="bbox 52 1268 1445 1329; baseline 0.004 -21"><span class='ocrx_word' id='word_1_133' title='bbox 52 1286 73 1309; x_wconf 83' lang='lat'>&gt;›</span> <span class='ocrx_word' id='word_1_134' title='bbox 106 1283 197 1312; x_wconf 88' lang='lat' dir='ltr'>non</span> <span class='ocrx_word' id='word_1_135' title='bbox 218 1269 264 1312; x_wconf 91' lang='lat' dir='ltr'>in</span> <span class='ocrx_word' id='word_1_136' title='bbox 284 1269 485 1313; x_wconf 88' lang='lat' dir='ltr'>omnibus</span> <span class='ocrx_word' id='word_1_137' title='bbox 516 1269 600 1313; x_wconf 83' lang='lat' dir='ltr'>illis</span> <span class='ocrx_word' id='word_1_138' title='bbox 627 1268 955 1329; x_wconf 87' lang='lat' dir='ltr'>beneplacitum</span> <span class='ocrx_word' id='word_1_139' title='bbox 985 1278 1048 1314; x_wconf 90' lang='lat' dir='ltr'>est</span> <span class='ocrx_word' id='word_1_140' title='bbox 1072 1271 1162 1313; x_wconf 89' lang='lat' dir='ltr'>Deo</span> <span class='ocrx_word' id='word_1_141' title='bbox 1182 1303 1193 1324; x_wconf 93' lang='lat'>,</span> <span class='ocrx_word' id='word_1_142' title='bbox 1228 1287 1249 1311; x_wconf 82' lang='lat'>&gt;›</span> <span class='ocrx_word' id='word_1_143' title='bbox 1282 1269 1342 1313; x_wconf 84' lang='lat' dir='ltr'>ita</span> <span class='ocrx_word' id='word_1_144' title='bbox 1374 1284 1445 1313; x_wconf 90' lang='lat' dir='ltr'>os—</span> 
     </span>
     <span class='ocr_line' id='line_1_16' title="bbox 49 1337 1448 1400; baseline 0.001 -18"><span class='ocrx_word' id='word_1_145' title='bbox 49 1337 232 1383; x_wconf 90' lang='lat' dir='ltr'>tendens</span> <span class='ocrx_word' id='word_1_146' title='bbox 255 1338 386 1383; x_wconf 83' lang='lat' dir='ltr'>fuisse</span> <span class='ocrx_word' id='word_1_147' title='bbox 408 1339 468 1383; x_wconf 90' lang='lat' dir='ltr'>ibi</span> <span class='ocrx_word' id='word_1_148' title='bbox 499 1340 628 1384; x_wconf 90' lang='lat' dir='ltr'>etiam</span> <span class='ocrx_word' id='word_1_149' title='bbox 651 1338 747 1384; x_wconf 79' lang='lat' dir='ltr'>illos</span> <span class='ocrx_word' id='word_1_150' title='bbox 776 1339 822 1383; x_wconf 91' lang='lat' dir='ltr'>in</span> <span class='ocrx_word' id='word_1_151' title='bbox 848 1339 1009 1400; x_wconf 87' lang='lat' dir='ltr'>quibus</span> <span class='ocrx_word' id='word_1_152' title='bbox 1031 1339 1356 1399; x_wconf 81' lang='lat' dir='ltr'>beneplacitum</span> <span class='ocrx_word' id='word_1_153' title='bbox 1383 1349 1448 1384; x_wconf 92' lang='lat' dir='ltr'>est</span> 
     </span>
     <span class='ocr_line' id='line_1_17' title="bbox 48 1409 1442 1470; baseline -0.002 -16"><span class='ocrx_word' id='word_1_154' title='bbox 48 1412 163 1467; x_wconf 80' lang='lat' dir='ltr'>De03</span> <span class='ocrx_word' id='word_1_155' title='bbox 183 1410 393 1454; x_wconf 90' lang='lat' dir='ltr'>continuo</span> <span class='ocrx_word' id='word_1_156' title='bbox 415 1410 602 1470; x_wconf 84' lang='lat' dir='ltr'>subjecit</span> <span class='ocrx_word' id='word_1_157' title='bbox 619 1429 628 1455; x_wconf 76' lang='grc' dir='ltr'>ε</span> <span class='ocrx_word' id='word_1_158' title='bbox 649 1428 667 1450; x_wconf 84' lang='grc'>«</span> <span class='ocrx_word' id='word_1_159' title='bbox 690 1410 896 1454; x_wconf 89' lang='lat' dir='ltr'>Prostrati</span> <span class='ocrx_word' id='word_1_160' title='bbox 911 1409 1027 1454; x_wconf 90' lang='lat' dir='ltr'>enim</span> <span class='ocrx_word' id='word_1_161' title='bbox 1038 1419 1140 1453; x_wconf 89' lang='lat' dir='ltr'>sunt</span> <span class='ocrx_word' id='word_1_162' title='bbox 1153 1410 1199 1454; x_wconf 89' lang='lat' dir='ltr'>in</span> <span class='ocrx_word' id='word_1_163' title='bbox 1215 1409 1401 1466; x_wconf 88' lang='lat' dir='ltr'>deserto,</span> <span class='ocrx_word' id='word_1_164' title='bbox 1420 1427 1442 1451; x_wconf 87' lang='lat'>&gt;›</span> 
     </span>
     <span class='ocr_line' id='line_1_18' title="bbox 48 1479 1443 1541; baseline 0 -15"><span class='ocrx_word' id='word_1_165' title='bbox 48 1479 206 1526; x_wconf 88' lang='lat' dir='ltr'>deinde</span> <span class='ocrx_word' id='word_1_166' title='bbox 231 1479 428 1541; x_wconf 75' lang='lat' dir='ltr'>adjunxit</span> <span class='ocrx_word' id='word_1_167' title='bbox 447 1500 456 1526; x_wconf 87' lang='lat'>;</span> <span class='ocrx_word' id='word_1_168' title='bbox 483 1483 623 1525; x_wconf 84' lang='lat' dir='ltr'>«Haec</span> <span class='ocrx_word' id='word_1_169' title='bbox 642 1490 788 1525; x_wconf 91' lang='lat' dir='ltr'>autem</span> <span class='ocrx_word' id='word_1_170' title='bbox 811 1481 965 1540; x_wconf 85' lang='lat' dir='ltr'>figurae</span> <span class='ocrx_word' id='word_1_171' title='bbox 986 1490 1147 1525; x_wconf 85' lang='lat' dir='ltr'>nostrae</span> <span class='ocrx_word' id='word_1_172' title='bbox 1167 1480 1297 1526; x_wconf 83' lang='lat' dir='ltr'>factae</span> <span class='ocrx_word' id='word_1_173' title='bbox 1319 1490 1443 1538; x_wconf 86' lang='lat' dir='ltr'>sunt,</span> 
     </span>
     <span class='ocr_line' id='line_1_19' title="bbox 50 1551 1446 1612; baseline 0.001 -17"><span class='ocrx_word' id='word_1_174' title='bbox 50 1569 71 1594; x_wconf 89' lang='lat'>»</span> <span class='ocrx_word' id='word_1_175' title='bbox 95 1560 157 1608; x_wconf 41' lang='lat' dir='ltr'>‚ut</span> <span class='ocrx_word' id='word_1_176' title='bbox 189 1567 280 1596; x_wconf 93' lang='lat' dir='ltr'>non</span> <span class='ocrx_word' id='word_1_177' title='bbox 307 1551 440 1596; x_wconf 91' lang='lat' dir='ltr'>simus</span> <span class='ocrx_word' id='word_1_178' title='bbox 477 1552 836 1612; x_wconf 84' lang='lat' dir='ltr'>concupiscentes</span> <span class='ocrx_word' id='word_1_179' title='bbox 863 1551 978 1596; x_wconf 87' lang='lat' dir='ltr'>mala</span> <span class='ocrx_word' id='word_1_180' title='bbox 994 1587 1006 1610; x_wconf 86' lang='lat'>,</span> <span class='ocrx_word' id='word_1_181' title='bbox 1039 1552 1151 1597; x_wconf 89' lang='lat' dir='ltr'>sicut</span> <span class='ocrx_word' id='word_1_182' title='bbox 1178 1561 1222 1596; x_wconf 92' lang='lat' dir='ltr'>et</span> <span class='ocrx_word' id='word_1_183' title='bbox 1252 1551 1316 1596; x_wconf 83' lang='lat' dir='ltr'>illi</span> <span class='ocrx_word' id='word_1_184' title='bbox 1337 1567 1446 1597; x_wconf 93' lang='lat' dir='ltr'>con-</span> 
     </span>
     <span class='ocr_line' id='line_1_20' title="bbox 50 1622 1444 1684; baseline 0.001 -17"><span class='ocrx_word' id='word_1_185' title='bbox 50 1640 72 1667; x_wconf 78' lang='lat'>»</span> <span class='ocrx_word' id='word_1_186' title='bbox 106 1624 354 1684; x_wconf 90' lang='lat' dir='ltr'>cupierunt.</span> <span class='ocrx_word' id='word_1_187' title='bbox 380 1625 532 1684; x_wconf 85' lang='lat' dir='ltr'>Neque</span> <span class='ocrx_word' id='word_1_188' title='bbox 564 1622 691 1669; x_wconf 91' lang='lat' dir='ltr'>idolis</span> <span class='ocrx_word' id='word_1_189' title='bbox 725 1623 982 1678; x_wconf 86' lang='lat' dir='ltr'>servientes,</span> <span class='ocrx_word' id='word_1_190' title='bbox 1016 1623 1128 1668; x_wconf 86' lang='lat' dir='ltr'>sicut</span> <span class='ocrx_word' id='word_1_191' title='bbox 1154 1622 1335 1684; x_wconf 89' lang='lat' dir='ltr'>quidam</span> <span class='ocrx_word' id='word_1_192' title='bbox 1366 1639 1444 1668; x_wconf 93' lang='lat' dir='ltr'>eo·-</span> 
     </span>
     <span class='ocr_line' id='line_1_21' title="bbox 50 1692 1447 1754; baseline 0.001 -17"><span class='ocrx_word' id='word_1_193' title='bbox 50 1711 71 1736; x_wconf 83' lang='lat'>»</span> <span class='ocrx_word' id='word_1_194' title='bbox 105 1709 227 1750; x_wconf 91' lang='lat' dir='ltr'>rum,</span> <span class='ocrx_word' id='word_1_195' title='bbox 254 1694 365 1739; x_wconf 86' lang='lat' dir='ltr'>sieut</span> <span class='ocrx_word' id='word_1_196' title='bbox 386 1695 597 1754; x_wconf 88' lang='lat' dir='ltr'>scriptum</span> <span class='ocrx_word' id='word_1_197' title='bbox 619 1703 709 1739; x_wconf 87' lang='lat' dir='ltr'>est:</span> <span class='ocrx_word' id='word_1_198' title='bbox 738 1693 858 1739; x_wconf 88' lang='lat' dir='ltr'>Sedit</span> <span class='ocrx_word' id='word_1_199' title='bbox 890 1692 1079 1753; x_wconf 84' lang='lat' dir='ltr'>populus</span> <span class='ocrx_word' id='word_1_200' title='bbox 1107 1692 1372 1738; x_wconf 86' lang='lat' dir='ltr'>manducare</span> <span class='ocrx_word' id='word_1_201' title='bbox 1402 1702 1447 1739; x_wconf 87' lang='lat' dir='ltr'>et</span> 
     </span>
     <span class='ocr_line' id='line_1_22' title="bbox 50 1764 1447 1826; baseline 0.002 -19"><span class='ocrx_word' id='word_1_202' title='bbox 50 1784 71 1807; x_wconf 68' lang='grc' dir='ltr'>υ</span> <span class='ocrx_word' id='word_1_203' title='bbox 105 1765 257 1809; x_wconf 88' lang='lat' dir='ltr'>bibere</span> <span class='ocrx_word' id='word_1_204' title='bbox 272 1800 284 1821; x_wconf 93' lang='lat'>,</span> <span class='ocrx_word' id='word_1_205' title='bbox 308 1774 351 1809; x_wconf 91' lang='lat' dir='ltr'>et</span> <span class='ocrx_word' id='word_1_206' title='bbox 368 1774 649 1810; x_wconf 82' lang='lat' dir='ltr'>surrexerunt</span> <span class='ocrx_word' id='word_1_207' title='bbox 669 1764 837 1809; x_wconf 87' lang='lat' dir='ltr'>ludere.</span> <span class='ocrx_word' id='word_1_208' title='bbox 859 1767 1012 1826; x_wconf 82' lang='lat' dir='ltr'>Neque</span> <span class='ocrx_word' id='word_1_209' title='bbox 1034 1764 1318 1821; x_wconf 85' lang='lat' dir='ltr'>fornicemur,</span> <span class='ocrx_word' id='word_1_210' title='bbox 1335 1765 1447 1810; x_wconf 90' lang='lat' dir='ltr'>sicut</span> 
     </span>
     <span class='ocr_line' id='line_1_23' title="bbox 51 1835 1446 1896; baseline 0.001 -18"><span class='ocrx_word' id='word_1_211' title='bbox 51 1853 72 1878; x_wconf 81' lang='lat'>»</span> <span class='ocrx_word' id='word_1_212' title='bbox 106 1835 288 1896; x_wconf 88' lang='lat' dir='ltr'>quidam</span> <span class='ocrx_word' id='word_1_213' title='bbox 321 1851 473 1880; x_wconf 91' lang='lat' dir='ltr'>eorum</span> <span class='ocrx_word' id='word_1_214' title='bbox 499 1836 704 1881; x_wconf 88' lang='lat' dir='ltr'>fornicati</span> <span class='ocrx_word' id='word_1_215' title='bbox 734 1845 860 1892; x_wconf 88' lang='lat' dir='ltr'>sunt,</span> <span class='ocrx_word' id='word_1_216' title='bbox 895 1845 939 1881; x_wconf 91' lang='lat' dir='ltr'>et</span> <span class='ocrx_word' id='word_1_217' title='bbox 973 1835 1227 1881; x_wconf 89' lang='lat' dir='ltr'>ceciderunt</span> <span class='ocrx_word' id='word_1_218' title='bbox 1258 1851 1347 1880; x_wconf 93' lang='lat' dir='ltr'>una</span> <span class='ocrx_word' id='word_1_219' title='bbox 1375 1836 1446 1880; x_wconf 90' lang='lat' dir='ltr'>die</span> 
     </span>
     <span class='ocr_line' id='line_1_24' title="bbox 51 1906 1447 1968; baseline 0.002 -19"><span class='ocrx_word' id='word_1_220' title='bbox 51 1925 72 1949; x_wconf 91' lang='lat'>»</span> <span class='ocrx_word' id='word_1_221' title='bbox 106 1907 258 1966; x_wconf 85' lang='lat' dir='ltr'>viginti</span> <span class='ocrx_word' id='word_1_222' title='bbox 279 1916 323 1951; x_wconf 92' lang='lat' dir='ltr'>et</span> <span class='ocrx_word' id='word_1_223' title='bbox 351 1908 431 1951; x_wconf 89' lang='lat' dir='ltr'>tria</span> <span class='ocrx_word' id='word_1_224' title='bbox 453 1906 606 1952; x_wconf 88' lang='lat' dir='ltr'>millia.</span> <span class='ocrx_word' id='word_1_225' title='bbox 632 1910 785 1968; x_wconf 91' lang='lat' dir='ltr'>Neque</span> <span class='ocrx_word' id='word_1_226' title='bbox 814 1917 1033 1952; x_wconf 89' lang='lat' dir='ltr'>tentemus</span> <span class='ocrx_word' id='word_1_227' title='bbox 1053 1907 1276 1952; x_wconf 85' lang='lat' dir='ltr'>Christum</span> <span class='ocrx_word' id='word_1_228' title='bbox 1292 1942 1304 1962; x_wconf 93' lang='lat'>‚</span> <span class='ocrx_word' id='word_1_229' title='bbox 1334 1907 1447 1953; x_wconf 88' lang='lat' dir='ltr'>sicut</span> 
     </span>
     <span class='ocr_line' id='line_1_25' title="bbox 51 1977 1442 2038; baseline 0.002 -18"><span class='ocrx_word' id='word_1_230' title='bbox 51 1996 73 2020; x_wconf 86' lang='lat'>»</span> <span class='ocrx_word' id='word_1_231' title='bbox 107 1977 287 2038; x_wconf 88' lang='lat' dir='ltr'>quidam</span> <span class='ocrx_word' id='word_1_232' title='bbox 307 1992 459 2022; x_wconf 90' lang='lat' dir='ltr'>eorum</span> <span class='ocrx_word' id='word_1_233' title='bbox 481 1986 785 2034; x_wconf 87' lang='lat' dir='ltr'>tentaverunt,</span> <span class='ocrx_word' id='word_1_234' title='bbox 808 1987 851 2022; x_wconf 89' lang='lat' dir='ltr'>et</span> <span class='ocrx_word' id='word_1_235' title='bbox 869 1994 893 2022; x_wconf 89' lang='lat' dir='ltr'>a</span> <span class='ocrx_word' id='word_1_236' title='bbox 910 1977 1185 2037; x_wconf 87' lang='lat' dir='ltr'>serpentibus</span> <span class='ocrx_word' id='word_1_237' title='bbox 1201 1978 1442 2038; x_wconf 88' lang='lat' dir='ltr'>perierunt.</span> 
     </span>
     <span class='ocr_line' id='line_1_26' title="bbox 53 2047 1448 2110; baseline 0.001 -18"><span class='ocrx_word' id='word_1_238' title='bbox 53 2068 72 2092; x_wconf 78' lang='lat'>»</span> <span class='ocrx_word' id='word_1_239' title='bbox 104 2051 257 2110; x_wconf 90' lang='lat' dir='ltr'>Neque</span> <span class='ocrx_word' id='word_1_240' title='bbox 275 2048 671 2104; x_wconf 84' lang='lat' dir='ltr'>murmuraveritis,</span> <span class='ocrx_word' id='word_1_241' title='bbox 696 2049 807 2093; x_wconf 87' lang='lat' dir='ltr'>sicut</span> <span class='ocrx_word' id='word_1_242' title='bbox 828 2047 1009 2108; x_wconf 86' lang='lat' dir='ltr'>quidam</span> <span class='ocrx_word' id='word_1_243' title='bbox 1027 2064 1179 2093; x_wconf 90' lang='lat' dir='ltr'>eorum</span> <span class='ocrx_word' id='word_1_244' title='bbox 1202 2064 1448 2094; x_wconf 90' lang='lat' dir='ltr'>murmura-</span> 
     </span>
     <span class='ocr_line' id='line_1_27' title="bbox 51 2119 1447 2180; baseline 0.002 -19"><span class='ocrx_word' id='word_1_245' title='bbox 51 2137 72 2161; x_wconf 86' lang='lat'>»</span> <span class='ocrx_word' id='word_1_246' title='bbox 105 2129 285 2175; x_wconf 91' lang='lat' dir='ltr'>verunt,</span> <span class='ocrx_word' id='word_1_247' title='bbox 316 2128 360 2164; x_wconf 86' lang='lat' dir='ltr'>et</span> <span class='ocrx_word' id='word_1_248' title='bbox 380 2119 605 2180; x_wconf 87' lang='lat' dir='ltr'>perierunt</span> <span class='ocrx_word' id='word_1_249' title='bbox 637 2119 692 2163; x_wconf 88' lang='lat' dir='ltr'>ab</span> <span class='ocrx_word' id='word_1_250' title='bbox 725 2119 1074 2163; x_wconf 80' lang='lat' dir='ltr'>exterminatore.</span> <span class='ocrx_word' id='word_1_251' title='bbox 1107 2119 1267 2164; x_wconf 83' lang='lat' dir='ltr'>Omnia</span> <span class='ocrx_word' id='word_1_252' title='bbox 1298 2129 1447 2164; x_wconf 88' lang='lat' dir='ltr'>autem</span> 
     </span>
     <span class='ocr_line' id='line_1_28' title="bbox 54 2188 1447 2250; baseline 0.001 -18"><span class='ocrx_word' id='word_1_253' title='bbox 54 2209 73 2232; x_wconf 65' lang='lat' dir='ltr'>n</span> <span class='ocrx_word' id='word_1_254' title='bbox 105 2190 200 2235; x_wconf 88' lang='lat' dir='ltr'>haec</span> <span class='ocrx_word' id='word_1_255' title='bbox 221 2190 267 2234; x_wconf 91' lang='lat' dir='ltr'>in</span> <span class='ocrx_word' id='word_1_256' title='bbox 289 2190 429 2250; x_wconf 87' lang='lat' dir='ltr'>figura</span> <span class='ocrx_word' id='word_1_257' title='bbox 451 2190 765 2248; x_wconf 84' lang='lat' dir='ltr'>contingebant</span> <span class='ocrx_word' id='word_1_258' title='bbox 782 2189 866 2234; x_wconf 87' lang='lat' dir='ltr'>illis</span> <span class='ocrx_word' id='word_1_259' title='bbox 888 2209 896 2234; x_wconf 91' lang='lat'>:</span> <span class='ocrx_word' id='word_1_260' title='bbox 922 2189 1080 2249; x_wconf 86' lang='lat' dir='ltr'>scripta</span> <span class='ocrx_word' id='word_1_261' title='bbox 1103 2198 1250 2233; x_wconf 83' lang='lat' dir='ltr'>autem</span> <span class='ocrx_word' id='word_1_262' title='bbox 1270 2199 1374 2234; x_wconf 89' lang='lat' dir='ltr'>sunt</span> <span class='ocrx_word' id='word_1_263' title='bbox 1391 2188 1447 2234; x_wconf 89' lang='lat' dir='ltr'>ad</span> 
     </span>
     <span class='ocr_line' id='line_1_29' title="bbox 51 2261 1448 2322; baseline 0.003 -20"><span class='ocrx_word' id='word_1_264' title='bbox 51 2278 72 2302; x_wconf 85' lang='lat'>»</span> <span class='ocrx_word' id='word_1_265' title='bbox 107 2261 425 2321; x_wconf 87' lang='lat' dir='ltr'>correptionem</span> <span class='ocrx_word' id='word_1_266' title='bbox 450 2271 642 2306; x_wconf 87' lang='lat' dir='ltr'>nostram</span> <span class='ocrx_word' id='word_1_267' title='bbox 662 2297 673 2318; x_wconf 86' lang='lat'>,</span> <span class='ocrx_word' id='word_1_268' title='bbox 697 2262 743 2305; x_wconf 89' lang='lat' dir='ltr'>in</span> <span class='ocrx_word' id='word_1_269' title='bbox 770 2278 880 2322; x_wconf 90' lang='lat' dir='ltr'>quos</span> <span class='ocrx_word' id='word_1_270' title='bbox 902 2262 999 2306; x_wconf 90' lang='lat' dir='ltr'>finis</span> <span class='ocrx_word' id='word_1_271' title='bbox 1023 2261 1286 2306; x_wconf 86' lang='lat' dir='ltr'>saeculorum</span> <span class='ocrx_word' id='word_1_272' title='bbox 1309 2261 1448 2307; x_wconf 89' lang='lat' dir='ltr'>obve-</span> 
     </span>
     <span class='ocr_line' id='line_1_30' title="bbox 53 2331 1447 2392; baseline 0.004 -21"><span class='ocrx_word' id='word_1_273' title='bbox 53 2348 72 2372; x_wconf 90' lang='lat'>»</span> <span class='ocrx_word' id='word_1_274' title='bbox 106 2331 217 2375; x_wconf 78' lang='lat' dir='ltr'>nit5.</span> <span class='ocrx_word' id='word_1_275' title='bbox 249 2352 267 2373; x_wconf 91' lang='lat'>»</span> <span class='ocrx_word' id='word_1_276' title='bbox 300 2332 432 2376; x_wconf 68' lang='lat' dir='ltr'>Nobis</span> <span class='ocrx_word' id='word_1_277' title='bbox 467 2347 571 2391; x_wconf 83' lang='lat' dir='ltr'>ergo</span> <span class='ocrx_word' id='word_1_278' title='bbox 603 2333 748 2392; x_wconf 84' lang='lat' dir='ltr'>potius</span> <span class='ocrx_word' id='word_1_279' title='bbox 775 2333 856 2376; x_wconf 87' lang='lat' dir='ltr'>ista</span> <span class='ocrx_word' id='word_1_280' title='bbox 886 2341 1059 2377; x_wconf 87' lang='lat' dir='ltr'>cantata</span> <span class='ocrx_word' id='word_1_281' title='bbox 1091 2342 1208 2377; x_wconf 89' lang='lat' dir='ltr'>sunt.</span> <span class='ocrx_word' id='word_1_282' title='bbox 1241 2332 1367 2377; x_wconf 87' lang='lat' dir='ltr'>Unde</span> <span class='ocrx_word' id='word_1_283' title='bbox 1400 2333 1447 2376; x_wconf 93' lang='lat' dir='ltr'>in</span> 
     </span>
     <span class='ocr_line' id='line_1_31' title="bbox 48 2401 1447 2462; baseline 0 -16"><span class='ocrx_word' id='word_1_284' title='bbox 48 2401 132 2446; x_wconf 91' lang='lat' dir='ltr'>hoc</span> <span class='ocrx_word' id='word_1_285' title='bbox 154 2401 325 2446; x_wconf 91' lang='lat' dir='ltr'>Psalmo</span> <span class='ocrx_word' id='word_1_286' title='bbox 346 2402 460 2446; x_wconf 88' lang='lat' dir='ltr'>inter</span> <span class='ocrx_word' id='word_1_287' title='bbox 480 2412 636 2447; x_wconf 76' lang='lat' dir='ltr'>caetera</span> <span class='ocrx_word' id='word_1_288' title='bbox 654 2402 823 2447; x_wconf 83' lang='lat' dir='ltr'>dictum</span> <span class='ocrx_word' id='word_1_289' title='bbox 851 2413 915 2447; x_wconf 88' lang='lat' dir='ltr'>est</span> <span class='ocrx_word' id='word_1_290' title='bbox 939 2419 948 2444; x_wconf 90' lang='lat'>:</span> <span class='ocrx_word' id='word_1_291' title='bbox 981 2422 1000 2445; x_wconf 86' lang='lat'>«</span> <span class='ocrx_word' id='word_1_292' title='bbox 1023 2405 1080 2448; x_wconf 91' lang='lat' dir='ltr'>Ut</span> <span class='ocrx_word' id='word_1_293' title='bbox 1105 2412 1341 2462; x_wconf 83' lang='lat' dir='ltr'>cognoscat</span> <span class='ocrx_word' id='word_1_294' title='bbox 1371 2417 1447 2461; x_wconf 82' lang='lat' dir='ltr'>ge-</span> 
     </span>
     <span class='ocr_line' id='line_1_32' title="bbox 53 2473 1447 2534; baseline 0.001 -20"><span class='ocrx_word' id='word_1_295' title='bbox 53 2489 73 2513; x_wconf 86' lang='lat'>»</span> <span class='ocrx_word' id='word_1_296' title='bbox 107 2473 273 2517; x_wconf 88' lang='lat' dir='ltr'>neratio</span> <span class='ocrx_word' id='word_1_297' title='bbox 291 2473 446 2529; x_wconf 83' lang='lat' dir='ltr'>altera,</span> <span class='ocrx_word' id='word_1_298' title='bbox 468 2474 544 2517; x_wconf 81' lang='lat' dir='ltr'>filii</span> <span class='ocrx_word' id='word_1_299' title='bbox 559 2474 635 2534; x_wconf 84' lang='lat' dir='ltr'>qui</span> <span class='ocrx_word' id='word_1_300' title='bbox 649 2483 882 2518; x_wconf 88' lang='lat' dir='ltr'>nascentur</span> <span class='ocrx_word' id='word_1_301' title='bbox 899 2482 942 2517; x_wconf 91' lang='lat' dir='ltr'>et</span> <span class='ocrx_word' id='word_1_302' title='bbox 960 2483 1187 2533; x_wconf 75' lang='lat' dir='ltr'>exurgent.</span> <span class='ocrx_word' id='word_1_303' title='bbox 1214 2492 1233 2515; x_wconf 92' lang='lat'>»</span> <span class='ocrx_word' id='word_1_304' title='bbox 1260 2477 1395 2518; x_wconf 89' lang='lat' dir='ltr'>Porro</span> <span class='ocrx_word' id='word_1_305' title='bbox 1413 2474 1447 2517; x_wconf 92' lang='lat' dir='ltr'>si</span> 
     </span>
    </p>
   </div>
   <div class='ocr_carea' id='block_1_3' title="bbox 50 2568 1441 2667">
    <p class='ocr_par' dir='ltr' id='par_1_3' title="bbox 50 2568 1441 2667">
     <span class='ocr_line' id='line_1_33' title="bbox 96 2568 1441 2613; baseline 0 -12"><span class='ocrx_word' id='word_1_306' title='bbox 96 2576 106 2592; x_wconf 93' lang='lat'>¹</span> <span class='ocrx_word' id='word_1_307' title='bbox 125 2571 216 2602; x_wconf 88' lang='lat' dir='ltr'>Joan.</span> <span class='ocrx_word' id='word_1_308' title='bbox 237 2580 271 2610; x_wconf 86' lang='lat' dir='ltr'>x,</span> <span class='ocrx_word' id='word_1_309' title='bbox 294 2570 345 2602; x_wconf 85' lang='lat'>16.</span> <span class='ocrx_word' id='word_1_310' title='bbox 361 2587 404 2593; x_wconf 92' lang='lat'>—-</span> <span class='ocrx_word' id='word_1_311' title='bbox 422 2577 435 2593; x_wconf 83' lang='lat'>²</span> <span class='ocrx_word' id='word_1_312' title='bbox 453 2570 563 2602; x_wconf 67' lang='lat' dir='ltr'>Marah.</span> <span class='ocrx_word' id='word_1_313' title='bbox 579 2582 637 2612; x_wconf 80' lang='lat' dir='ltr'>xv,</span> <span class='ocrx_word' id='word_1_314' title='bbox 654 2569 708 2611; x_wconf 65' lang='lat'>24.</span> <span class='ocrx_word' id='word_1_315' title='bbox 730 2587 770 2593; x_wconf 89' lang='lat'>—-</span> <span class='ocrx_word' id='word_1_316' title='bbox 792 2568 805 2594; x_wconf 86' lang='lat'>3</span> <span class='ocrx_word' id='word_1_317' title='bbox 829 2570 876 2602; x_wconf 89' lang='lat' dir='ltr'>Id.</span> <span class='ocrx_word' id='word_1_318' title='bbox 899 2580 976 2611; x_wconf 79' lang='lat' dir='ltr'>xxv,</span> <span class='ocrx_word' id='word_1_319' title='bbox 996 2570 1051 2602; x_wconf 83' lang='lat'>32.</span> <span class='ocrx_word' id='word_1_320' title='bbox 1065 2587 1106 2594; x_wconf 94' lang='lat'>-—-</span> <span class='ocrx_word' id='word_1_321' title='bbox 1127 2569 1144 2599; x_wconf 74' lang='lat'>4</span> <span class='ocrx_word' id='word_1_322' title='bbox 1167 2568 1333 2608; x_wconf 75' lang='lat' dir='ltr'>subaudi,</span> <span class='ocrx_word' id='word_1_323' title='bbox 1347 2579 1441 2613; x_wconf 82' lang='lat' dir='ltr'>quam</span> 
     </span>
     <span class='ocr_line' id='line_1_34' title="bbox 50 2624 582 2667; baseline 0.004 -10"><span class='ocrx_word' id='word_1_324' title='bbox 50 2625 174 2658; x_wconf 75' lang='lat' dir='ltr'>Judaeis.</span> <span class='ocrx_word' id='word_1_325' title='bbox 197 2643 238 2649; x_wconf 98' lang='lat'><strong>—</strong></span> <span class='ocrx_word' id='word_1_326' title='bbox 256 2624 271 2648; x_wconf 85' lang='lat'><em>5</em></span> <span class='ocrx_word' id='word_1_327' title='bbox 293 2637 304 2657; x_wconf 94' lang='lat'>1</span> <span class='ocrx_word' id='word_1_328' title='bbox 327 2628 400 2659; x_wconf 91' lang='lat' dir='ltr'>Cor.</span> <span class='ocrx_word' id='word_1_329' title='bbox 420 2637 454 2667; x_wconf 86' lang='lat' dir='ltr'>x,</span> <span class='ocrx_word' id='word_1_330' title='bbox 482 2626 582 2659; x_wconf 86' lang='lat'><strong>5-11.</strong></span> 
     </span>
    </p>
   </div>
  </div>
 </body>
</html>
