1926 3339
439 336 521 376 304
868 347 900 373 S.
938 346 1166 374 AUGUS'Hml
1200 347 1380 372 EPlSCOPI

436 412 525 457 noli
546 411 647 456 inde
675 412 872 456 recedere
888 447 898 466 ,
924 427 1011 470 quo
1033 410 1180 454 nullus
1212 410 1408 453 inimicus
1436 407 1568 452 audet
1594 408 1812 452 accedere.

438 484 481 528 Si
496 482 654 541 gallina
675 482 861 542 protegit
883 481 1025 540 pullos
1045 496 1144 525 suos
1166 480 1246 524 sub
1265 479 1340 523 alis
1362 479 1447 522 suis
1465 496 1475 529 3
1500 487 1666 538 quanto
1683 478 1817 536 magis

438 563 484 596 tu
506 552 587 596 sub
612 551 688 596 alis
712 552 789 596 Dei
806 560 926 595 tutus
944 552 1039 605 eris,
1057 560 1100 594 et
1117 550 1319 594 adversus
1337 547 1561 593 diabolum
1579 557 1622 592 et
1643 546 1818 606 angelos

436 625 526 683 ejus
543 659 553 678 ,
578 638 676 682 quae
694 626 829 666 aereae
851 631 1082 680 potestates
1104 630 1313 680 tanquam
1331 620 1554 679 accipitres
1576 619 1819 664 circumvo-

435 693 586 747 litant,
614 701 665 735 ut
689 692 913 735 infirmum
941 690 1115 751 pullum
1135 689 1366 735 auferant?
1397 693 1550 749 Neque
1578 689 1694 733 enim
1729 689 1819 733 sine

435 778 563 807 causa
601 771 849 821 comparata
882 771 945 805 est
980 761 1141 821 gallina
1177 761 1259 820 ipsi
1299 761 1527 819 Sapientiae
1565 759 1643 804 Dei
1669 778 1677 803 ε
1718 774 1820 803 nam

428 832 634 877 “Christus
653 832 744 891 ipse
756 831 965 876 Dominus
974 840 1120 875 noster
1131 840 1175 875 et
1191 829 1376 874 salvator
1387 838 1594 889 tanquam
1614 827 1819 887 gallinam

434 918 478 946 se
501 901 608 946 dixit
632 921 641 946 ε
668 921 689 944 «
709 901 949 946 Jerusalem
967 936 977 956 ‚
1004 900 1264 953 Jerusalem5
1288 900 1458 960 quotics
1479 898 1597 944 volui
1617 897 1820 957 colligere

442 992 458 1013 »
494 971 605 1017 filios
626 982 740 1027 tuos,
766 981 975 1032 tanquam
994 971 1152 1030 gallina
1173 970 1316 1031 pullos
1341 985 1456 1025 suos,
1482 978 1525 1013 et
1545 968 1776 1013 noluisti1?
1796 986 1816 1010 »

435 1043 586 1088 Noluit
616 1042 690 1087 illa
714 1043 976 1098 Jerusalem,
1002 1042 1185 1086 velimus
1207 1057 1300 1085 nos.
1327 1040 1406 1084 Illa
1435 1049 1556 1100 rapta
1583 1048 1647 1083 est
1679 1039 1733 1082 ab
1755 1041 1820 1082 aej-

436 1113 516 1158 reis
528 1114 813 1173 potestatibus
827 1112 997 1172 fugiens
1012 1112 1098 1157 alas
1110 1112 1295 1172 gallinae,
1313 1126 1576 1171 praesumens
1592 1110 1645 1154 de
1658 1110 1821 1153 viribus

436 1184 542 1238 suis,
563 1199 663 1228 curn
681 1193 788 1227 esset
810 1184 1006 1227 infirma:
1027 1199 1105 1227 nos
1128 1183 1383 1227 confitentes
1406 1182 1701 1225 infirmitatem
1717 1195 1821 1224 nos-

438 1263 563 1307 tram,
581 1254 662 1297 sub
683 1253 768 1297 alas
782 1253 859 1298 Dei
875 1253 1102 1310 fugiamus.
1122 1252 1216 1296 Erit
1232 1252 1357 1296 nohis
1372 1252 1486 1295 enim
1506 1261 1713 1311 tanquam
1729 1250 1821 1308 gal-

435 1322 521 1366 lina
537 1333 766 1382 protegens
781 1323 925 1382 pullos
939 1339 1052 1367 suos.
1070 1325 1168 1368 Non
1181 1332 1244 1366 est
1256 1323 1372 1366 enim
1389 1322 1646 1382 injuriosum
1661 1337 1821 1366 nomen

437 1393 623 1452 gallinae.
649 1395 873 1439 Attendite
894 1404 1069 1438 caeteras
1092 1410 1211 1449 aves,
1238 1393 1411 1449 fratres3
1431 1393 1582 1437 multae
1604 1409 1701 1438 aves
1721 1402 1820 1437 ante

435 1481 514 1510 nos
536 1464 709 1521 foetam,
731 1465 992 1511 calefaciunt
1011 1465 1153 1526 pullos
1176 1482 1297 1523 suos3
1317 1465 1438 1510 nulla
1455 1466 1512 1510 sic
1533 1466 1620 1510 avis
1634 1465 1820 1509 infirma-

434 1544 507 1579 tur
528 1552 628 1580 cum
652 1535 780 1595 pullis
797 1572 807 1591 ‚
828 1537 1050 1596 quomodo
1074 1536 1249 1595 gallina.
1276 1535 1485 1580 Attendat
1502 1535 1697 1580 Charitas
1720 1537 1822 1579 Ves-

435 1616 525 1651 tra:
546 1607 800 1651 hirundines
816 1643 826 1661 ‚
848 1624 1036 1667 passeres
1060 1618 1104 1652 et
1125 1607 1310 1652 ciconias
1338 1607 1534 1651 videmus
1555 1616 1673 1651 extra
1695 1606 1821 1650 nidos

434 1694 549 1733 suos,
567 1694 647 1722 nec
664 1680 962 1738 cognoscimus
980 1688 1127 1722 utrum
1153 1677 1287 1722 foetus
1308 1678 1498 1722 habeant
1518 1698 1526 1722 z
1548 1687 1592 1722 at
1612 1693 1714 1722 vero
1727 1677 1819 1736 gal—

434 1748 569 1793 linam
603 1751 903 1808 cognoscimus
939 1750 984 1794 in
1016 1750 1267 1794 infirmitate
1304 1750 1442 1804 vocis,
1473 1749 1519 1792 in
1557 1748 1821 1793 relaxatione

434 1818 683 1878 plumarum
717 1839 726 1864 :
757 1829 848 1864 tota
870 1829 1066 1864 mutatur
1087 1820 1248 1864 affectu
1271 1818 1516 1879 pullorum3
1542 1819 1643 1879 quia
1665 1818 1728 1863 illi
1752 1820 1821 1863 in-

433 1889 547 1932 firmi
581 1899 706 1942 sunt,
736 1891 954 1934 infirmam
984 1905 1028 1933 se
1063 1888 1180 1934 facit.
1214 1890 1325 1942 Quia
1352 1905 1455 1948 ergo
1488 1899 1531 1933 et
1561 1905 1640 1934 nos
1661 1889 1820 1933 infirmi

432 1975 622 2014 eramus,
656 1960 872 2003 infirmam
900 1976 944 2004 se
969 1959 1072 2004 fecit
1100 1960 1318 2019 Sapientia
1339 1960 1417 2004 Dei
1447 1979 1455 2004 :
1494 1960 1596 2019 quia
1625 1960 1821 2004 Verbum

432 2046 532 2074 caro
557 2029 721 2074 sactum
746 2039 830 2085 est,
868 2039 910 2074 et
936 2031 1151 2076 habitavit
1172 2031 1218 2074 in
1239 2031 1364 2076 nobis
1381 2033 1421 2089 ¹3
1445 2040 1495 2075 ut
1519 2031 1601 2075 sub
1625 2030 1701 2075 alis
1729 2031 1820 2091 ejus

432 2116 668 2159 speremus.

492 2173 567 2214 VI.
599 2190 619 2212 «
646 2174 777 2215 Scuto
810 2170 1103 2215 circumdabit
1124 2163 1166 2214 te
1187 2172 1343 2215 veritas
1367 2172 1500 2231 ejus3.
1531 2189 1551 2212 »
1578 2173 1687 2224 Quae
1717 2181 1820 2215 sunt

431 2242 510 2285 alae
526 2277 536 2296 ,
558 2243 641 2286 hoc
660 2251 723 2286 est
744 2252 917 2286 scutum
945 2262 952 2287 :
979 2244 1081 2303 quia
1103 2258 1182 2287 nec
1205 2243 1283 2287 alae
1309 2252 1430 2298 sunt,
1452 2259 1532 2287 nec
1555 2252 1742 2287 scutum.
1776 2243 1820 2288 Si

430 2313 596 2372 aliquid
619 2314 777 2357 horum
811 2314 984 2373 proprie
1010 2323 1139 2368 esset,
1174 2314 1391 2373 numquid
1419 2314 1497 2358 alae
1523 2324 1695 2359 scutum
1729 2330 1819 2359 esse

430 2394 620 2442 possent,
648 2385 714 2429 vel
740 2395 913 2429 scutum
936 2385 1045 2429 alae?
1078 2385 1160 2430 Sed
1180 2386 1281 2446 quia
1304 2387 1488 2445 figurate
1512 2402 1588 2446 per
1615 2385 1817 2430 similitu-

429 2454 550 2498 dines
573 2455 657 2498 dici
680 2455 823 2499 omnia
849 2456 927 2499 ista
951 2465 1131 2514 possunt
1146 2492 1156 2510 ,
1178 2456 1277 2500 ideo
1299 2466 1341 2500 et
1367 2456 1446 2499 alae
1469 2466 1512 2500 et
1528 2466 1699 2500 scutum
1729 2472 1818 2500 esse

427 2534 682 2583 potuerunt.
710 2527 752 2570 Si
775 2541 873 2569 vere
895 2525 1003 2585 lapis
1026 2536 1136 2570 esset
1157 2527 1353 2571 Christus
1370 2562 1380 2582 ,
1406 2527 1475 2571 leo
1497 2543 1586 2571 non
1608 2536 1745 2585 esset3
1775 2537 1818 2571 et

477 2637 485 2653 ¹
506 2619 617 2663 Matth'.
638 2642 726 2672 xxiii,
741 2631 795 2673 37.
817 2650 855 2654 -—
879 2639 890 2655 ²
906 2635 997 2665 Joan.
1022 2644 1046 2672 1,
1071 2632 1121 2675 14.
1142 2650 1183 2656 -
1200 2632 1212 2656 3
1232 2634 1312 2666 Psal.
1334 2644 1384 2675 xc,
1405 2634 1436 2666 5.

1895 113 1899 149 ὲ

1895 169 1899 229 i

1896 256 1918 294 I·

1896 336 1900 361 l

1896 377 1922 427 i:

1896 430 1924 474 Γ,

1897 487 1923 547 ξς

1897 551 1901 597 ἶ
