1926 3339
1904 123 1911 168 ξ’

1904 0 1926 283 {i

441 343 529 381 302
873 355 905 380 5.
943 351 1174 380 AUGUSTINI
1206 352 1387 379 EPISCOPI
1417 365 1422 371 ·
1904 342 1908 376 l,

438 418 485 461 in
504 417 573 461 via
595 433 682 461 non
700 417 838 476 ponit.
864 417 943 461 Via
967 426 1110 461 autem
1142 426 1217 460 tua
1245 416 1441 461 Christus
1472 415 1556 471 sit,
1590 423 1633 458 et
1659 423 1709 458 tu
1735 429 1825 457 non
1904 394 1926 467 i.

439 488 565 532 cades
586 489 631 531 in
648 486 934 547 muscipulam
958 486 1136 530 diaboli.
1163 487 1394 531 Aberranti
1416 501 1439 529 a
1460 486 1528 530 via
1543 520 1553 540 ,
1573 486 1662 545 jam
1684 484 1746 528 ibi
1762 492 1826 528 est

438 558 696 617 muscipula.
724 558 836 601 Hinc
868 566 999 616 atque
1033 556 1134 599 hinc
1170 556 1294 615 ponit
1322 556 1499 616 laqueos
1519 591 1529 610 ,
1565 556 1666 599 hinc
1695 563 1826 614 atque

438 630 540 674 inde
560 628 684 688 ponit
706 626 990 686 muscipulam
1006 662 1016 680 ,
1053 626 1167 669 inter
1196 625 1372 686 laqueos
1406 626 1616 670 ambulas.
1654 625 1737 670 Sed
1763 624 1825 669 vis

439 715 613 745 securus
642 697 892 741 ambulare?
913 697 1011 742 Noli
1043 696 1260 740 declinare
1289 698 1335 741 in
1357 697 1577 741 dexteram
1609 711 1751 757 neque
1780 696 1826 740 in
1905 713 1908 730 1

439 770 683 825 sinistram3
707 777 748 811 et
780 767 834 811 sit
854 767 933 811 tibi
955 766 1022 811 via
1045 766 1118 809 ille
1134 802 1145 822 ,
1178 767 1254 826 qui
1287 767 1365 810 tibi
1392 766 1531 811 lactus
1564 776 1627 810 est
1656 767 1724 810 via
1741 801 1751 821 ,
1776 775 1826 810 ut
1905 766 1908 778 ⁷

438 840 649 900 perducat
672 848 713 882 te
735 838 791 882 ad
812 854 855 882 se
878 854 955 897 per
975 853 1042 895 se,
1079 847 1121 882 et
1143 853 1232 882 non
1258 838 1430 882 timebis
1454 837 1632 899 laqueos
1660 852 1826 881 venan-

437 910 563 955 tium.
592 908 676 954 Sed
694 908 803 969 quid
820 917 908 963 est,
944 927 960 947 «
983 911 1021 952 Α
1037 907 1169 952 verbo
1191 909 1371 967 aspero?
1400 927 1420 950 «
1444 908 1606 952 Multos
1628 923 1705 967 per
1728 922 1828 951 ver-

438 982 546 1025 bum
564 995 765 1039 asperum
786 979 903 1023 misit
919 979 965 1022 in
981 978 1271 1038 muscipulam
1291 978 1490 1023 diabolus
1508 994 1516 1020 t
1533 978 1654 1023 verbi
1673 978 1824 1036 gratia,

438 1052 514 1113 qui
535 1051 751 1095 voluerint
779 1065 867 1093 esse
899 1050 1132 1094 Christiani
1158 1050 1272 1093 inter
1302 1053 1518 1109 Paganos,
1552 1047 1827 1093 insultatores

437 1122 664 1182 patiuntur
687 1124 879 1178 Paganos
913 1139 921 1164 :
960 1120 1225 1164 erubeseunt
1258 1121 1371 1164 inter
1404 1120 1704 1174 insultatores,
1740 1128 1783 1163 et
1804 1134 1828 1163 a

438 1192 573 1236 verbo
596 1206 746 1250 aspero
770 1188 1019 1234 recedentes
1048 1189 1103 1233 de
1123 1190 1191 1233 via
1211 1225 1221 1244 ,
1251 1189 1451 1234 incidunt
1469 1191 1515 1234 in
1546 1189 1725 1250 laqueos
1749 1204 1827 1232 ve-

438 1261 653 1305 nantium.
689 1263 746 1304 Et
778 1259 884 1319 quid
921 1259 1000 1303 tibi
1034 1258 1252 1303 facturum
1281 1269 1343 1303 est
1378 1260 1560 1304 verbum
1596 1260 1828 1319 asperum?

439 1331 572 1377 Nihil.
608 1328 833 1389 Numquid
860 1328 971 1373 nihil
998 1329 1078 1372 tibi
1112 1327 1304 1373 facturus
1336 1338 1400 1374 cst
1426 1329 1636 1389 laqueus,
1667 1345 1755 1390 quo
1785 1338 1828 1373 te

439 1400 664 1460 compellit
684 1399 884 1443 inimicus
906 1414 983 1459 per
1003 1399 1188 1443 verbum
1213 1401 1439 1459 asperum?
1467 1399 1699 1453 Quomodo
1722 1399 1828 1443 retia

437 1470 695 1531 plerumque
718 1468 976 1523 tenduntur,
1007 1470 1063 1513 ad
1085 1479 1216 1529 caput
1243 1470 1352 1529 sepis
1373 1469 1616 1514 tenduntur
1643 1470 1796 1514 avibus
1812 1504 1823 1526 ,

438 1551 480 1586 et
501 1540 665 1601 lapides
694 1540 930 1584 mittuntur
958 1540 1004 1583 in
1031 1555 1177 1599 sepem
1209 1559 1218 1585 z
1249 1539 1412 1600 lapides
1439 1540 1502 1584 illi
1527 1539 1638 1584 nihil
1669 1538 1828 1584 facturi

437 1621 539 1657 sunt
561 1612 728 1656 avibus.
755 1610 943 1665 Quando
965 1611 1080 1655 enim
1101 1610 1202 1655 ferit
1218 1627 1364 1666 avem,
1390 1611 1465 1672 qui
1485 1611 1676 1671 lapidem
1693 1611 1828 1656 mittit

437 1682 483 1726 in
510 1683 688 1742 sepem?
719 1682 891 1725 Timens
923 1690 1070 1725 autem
1100 1682 1186 1725 avis
1214 1681 1388 1725 inanem
1418 1697 1600 1737 sonum,
1634 1682 1751 1726 cadit
1781 1682 1827 1725 in

438 1753 544 1797 retia
570 1771 578 1797 :
611 1752 668 1796 sic
700 1752 898 1796 homines
930 1752 1131 1795 timentes
1159 1751 1467 1796 insultatorum
1499 1751 1631 1796 verba
1651 1767 1761 1796 vana
1783 1761 1826 1796 et

436 1823 582 1867 inania
597 1857 608 1874 ‚
634 1831 677 1866 et
699 1823 1002 1867 erubescentes
1019 1822 1222 1866 conviciis
1244 1821 1473 1881 superfluis
1488 1857 1499 1877 ,
1520 1821 1685 1866 cadunt
1700 1822 1744 1866 in
1762 1821 1826 1866 la-

437 1908 571 1953 queos
592 1893 846 1938 venantium
862 1927 873 1947 ,
893 1901 936 1936 et
958 1892 1234 1952 captivantur
1258 1908 1281 1936 a
1302 1891 1495 1936 diabolo.
1524 1891 1608 1937 Sed
1635 1907 1714 1936 cur
1735 1883 1826 1937 non

437 1962 552 2019 dico,
569 1964 739 2018 fratres,
760 1961 881 2023 quod
898 1978 989 2007 non
1002 1972 1066 2007 est
1081 1962 1331 2017 tacendum,
1349 1962 1470 2022 quod
1486 1978 1556 2006 me
1578 1963 1694 2020 cogit
1711 1965 1825 2007 Deus

435 2034 608 2078 dicere?
629 2033 972 2088 Quomodolibet
992 2033 1077 2078 hoc
1110 2033 1348 2092 accipiatis,
1385 2032 1500 2091 cogit
1526 2048 1596 2076 me
1618 2035 1731 2077 Deus
1756 2032 1826 2077 di-

435 2121 532 2149 cere
557 2124 566 2150 :
597 2115 640 2150 et
673 2106 707 2150 si
729 2121 818 2150 non
846 2104 994 2149 dixero
1010 2140 1021 2159 ,
1046 2119 1126 2162 ego
1157 2104 1266 2148 cado
1287 2105 1332 2148 in
1350 2103 1529 2164 laqueos
1550 2105 1818 2150 venantium.

438 2177 481 2221 Si
503 2176 619 2220 enim
636 2176 924 2221 detractiones
939 2175 1170 2219 hominum
1189 2175 1321 2219 timeo
1335 2209 1347 2229 ,
1365 2183 1414 2218 ut
1435 2190 1525 2219 non
1546 2175 1689 2220 dicam
1708 2197 1720 2232 3
1743 2191 1824 2235 ego

434 2247 524 2306 ipse
547 2263 570 2291 a
591 2247 726 2291 verbo
756 2262 907 2306 aspero
933 2245 1042 2290 cado
1069 2246 1115 2289 in
1141 2244 1321 2305 laqueos
1346 2245 1623 2297 venantium,
1650 2247 1726 2307 qui
1747 2262 1823 2292 vos
1901 2280 1905 2318 l

434 2332 594 2361 moneo
627 2326 678 2361 ut
706 2332 796 2361 non
825 2316 1011 2360 timeatis
1043 2315 1176 2359 verba
1199 2315 1444 2359 hominum.
1478 2315 1596 2369 Quid
1627 2326 1692 2362 est
1721 2332 1823 2376 ergo

434 2386 556 2448 quod
581 2387 778 2431 dicturus
806 2388 934 2430 sum?
962 2384 1194 2439 Quomodo
1222 2386 1336 2430 inter
1364 2389 1557 2446 Paganos
1587 2388 1663 2447 qui
1690 2388 1824 2432 fuerit
1902 2444 1903 2453 ἵ

433 2457 725 2512 Christianus,
747 2473 769 2500 a
792 2457 973 2515 Paganis
996 2455 1118 2499 audit
1134 2456 1266 2500 verba
1284 2472 1431 2515 aspera
1447 2492 1457 2512 ,
1478 2458 1640 2518 quibus
1663 2458 1697 2502 si
1719 2474 1822 2502 eru-
1900 2467 1904 2510 ἑ

433 2529 599 2584 buerit,
620 2528 737 2573 cadit
760 2529 805 2572 in
826 2526 1112 2586 muscipulam
1134 2528 1388 2571 venantium
1421 2548 1430 2572 ;
1456 2530 1513 2572 sic
1534 2529 1646 2574 inter
1667 2531 1820 2575 Chris-
1899 2541 1904 2588 1

432 2599 572 2643 tianos
590 2599 666 2658 qui
687 2597 904 2643 voluerint
925 2612 1014 2640 esse
1036 2596 1329 2655 diligentiores
1351 2606 1394 2641 et
1414 2598 1626 2654 meliores,
1644 2600 1698 2643 ab
1717 2600 1816 2659 ipsis

433 2667 686 2714 Christianis
707 2666 899 2712 audituri
931 2675 1033 2710 sunt
1060 2665 1377 2711 insultationes.
1403 2670 1460 2712 Et
1481 2667 1588 2728 quid
1617 2668 1814 2728 prodest,

1904 534 1908 551 1
