1926 3339
388 270 632 299 ENAanano
664 273 708 298 m
743 269 947 300 PsALMUM
981 274 1099 300 xcur-
1389 266 1472 305 397

16 372 19 388 2
79 349 166 379 non
189 335 330 380 solum
352 352 442 381 non
464 344 717 397 expavesces
738 336 868 392 mala,
894 336 970 382 sed
991 338 1120 383 etiam
1144 338 1396 397 gloriaberis
1418 342 1473 386 de

0 404 17 446 .’
78 421 252 452 corona.
287 410 407 452 Tunc
434 408 602 453 videbis
633 408 855 469 quomodo
883 408 1118 469 profecerit
1139 409 1346 469 patientia
1376 412 1469 466 Dei,

0 1386 1 1389 „
0 1307 2 1330 ἡ
0 1237 3 1300 W*
0 1222 2 1229 <
0 937 7 1215 <-------wv.2.-,
4 907 7 928 ‚a

13 485 16 517 ὲ
78 477 147 521 vel
168 476 223 521 ad
243 477 418 522 illorum
441 494 634 538 poenam,
660 479 729 524 vel
751 480 805 523 ad
823 489 945 524 tuam
967 496 1174 525 coronam
1198 499 1206 525 ε
1232 479 1364 525 modo
1382 497 1472 525 non

78 546 220 606 vides,
244 549 371 592 crede
398 549 519 609 quod
545 550 745 594 nondum
777 551 920 606 vides,
947 567 1002 595 nc
1025 552 1254 596 erubescas
1274 567 1376 596 cum
1405 551 1471 595 vi-

77 617 204 663 deris.
240 639 259 661 «
300 622 537 681 Quousque
564 621 730 681 justitia
762 631 1041 666 convertatur
1073 622 1118 666 in
1138 621 1355 682 judicium
1387 641 1397 667 ε
1428 631 1471 666 et

80 707 101 730 »
135 689 212 749 qui
233 690 394 735 habent
415 706 526 744 eam,
551 707 701 736 omnes
724 701 842 737 recto
864 692 1124 737 suntcorde.
1151 712 1171 733 »

134 762 233 804 XX.
267 779 287 802 «
321 761 427 814 Quis
450 772 630 821 exurget
661 763 769 806 mihi
801 762 1006 808 adversus
1040 763 1354 821 malignantes,
1393 772 1469 808 aut

78 849 99 872 »
134 832 230 892 quis
251 834 454 877 consistet
477 834 584 877 mihi
606 833 811 879 adversus
832 844 1061 894 operantes
1082 835 1358 895 iniquitatem
1376 837 1419 879 ¹?
1443 854 1463 876 »

76 903 341 947 Persuadent
363 902 491 947 multi
508 903 645 948 multa
667 905 780 948 mala
795 940 806 960 ,
832 921 1055 949 susurrare
1076 920 1251 964 serpens
1273 921 1363 949 non
1386 905 1467 949 de-

74 971 191 1027 sinit,
217 982 267 1017 ut
291 971 419 1017 facias
446 973 723 1034 iniquitatem
746 994 754 1019 :
781 991 1062 1036 quacumque
1093 985 1132 1019 te
1165 975 1429 1020 converteris
1449 1010 1461 1030 ,

73 1043 187 1088 forte
209 1044 243 1087 si
272 1043 515 1103 profecisti,
547 1045 703 1105 quaeris
727 1062 826 1090 cum
849 1045 994 1106 aliquo
1017 1046 1128 1090 bene
1147 1047 1307 1102 vivere,
1333 1055 1376 1090 et
1398 1046 1467 1091 vix

74 1115 241 1161 invenis
268 1134 277 1160 z
312 1115 439 1160 multi
472 1116 576 1161 mali
604 1126 646 1161 te
680 1117 976 1176 circumdant,
1014 1119 1117 1179 quia
1143 1134 1281 1178 pauca
1304 1134 1435 1177 grana
1453 1152 1464 1172 ,

74 1185 212 1230 multa
231 1185 370 1247 palea.
398 1187 542 1232 Habet
563 1189 659 1234 haec
680 1205 777 1233 area
801 1205 933 1248 grana
955 1205 1048 1245 sua,
1072 1189 1148 1234 sed
1170 1190 1314 1234 adhue
1343 1189 1468 1234 labo·

74 1267 186 1302 rant.
214 1260 415 1318 Separata
439 1274 541 1317 ergo
559 1276 581 1304 a
598 1259 722 1320 palea
735 1269 825 1305 tota
844 1276 979 1305 massa
1003 1261 1176 1320 grandis
1199 1262 1279 1305 erit
1301 1281 1309 1305 :
1330 1276 1468 1320 pauca

74 1345 205 1389 grana
227 1341 344 1386 sunt,
369 1330 445 1375 sed
466 1333 511 1376 in
534 1333 858 1392 comparatione
885 1332 1106 1393 palearum
1126 1353 1136 1389 3
1160 1331 1299 1376 multa
1322 1340 1468 1376 autem

0 1412 2 1416 “
40 1434 42 1437 -
72 1401 119 1445 in
135 1417 194 1446 se.
215 1404 332 1460 Ergo
348 1418 448 1447 eum
462 1402 643 1464 indique
660 1403 762 1447 mali
776 1412 1066 1463 perstrepant,
1078 1413 1121 1447 et
1134 1403 1282 1447 dicant
1304 1423 1311 1446 ;
1328 1407 1467 1456 Quare

73 1473 133 1518 sic
155 1474 284 1518 vivis?
314 1484 363 1519 tu
391 1474 506 1519 solus
538 1475 808 1520 Christianus
845 1478 917 1519 es?
948 1491 1083 1536 quare
1105 1491 1194 1519 non
1222 1473 1324 1519 facis
1347 1472 1469 1534 quod

73 1543 242 1589 faciunt
264 1554 307 1589 et
325 1545 395 1590 alii
408 1548 426 1589 ‘3
439 1562 575 1606 quare
592 1562 681 1591 nou
699 1556 880 1606 spectas,
905 1544 1279 1606 quemadmodum
1303 1554 1345 1588 et
1368 1545 1470 1588 alii?

73 1631 208 1675 quare
232 1631 322 1660 non
349 1615 538 1661 remedia
564 1625 607 1660 et
638 1616 845 1676 ligaturas
868 1616 1080 1661 adhibes?
1102 1631 1237 1676 quare
1269 1632 1358 1659 non
1377 1631 1470 1659 ma-

73 1686 331 1730 thematicos
349 1695 392 1730 et
413 1687 663 1746 haruspices
687 1686 890 1742 consulis,
917 1687 1029 1731 sieut
1051 1696 1094 1730 et
1115 1686 1214 1730 alii?
1236 1689 1292 1730 Et
1316 1696 1362 1730 tu
1384 1686 1471 1744 sig-

73 1773 149 1801 nas
172 1767 231 1813 te,
266 1767 309 1802 et
330 1757 435 1802 dicis
458 1759 753 1803 :Christianus
783 1774 894 1813 sum,
920 1767 970 1802 ut
999 1757 1181 1818 repellas
1206 1758 1307 1802 istos
1329 1757 1472 1801 nescio

73 1844 198 1889 quos.
236 1828 319 1873 Sed
360 1828 628 1874 adversarius
661 1829 819 1889 premit
833 1865 844 1885 ,
885 1838 1036 1888 urget3
1069 1829 1190 1889 quod
1221 1830 1343 1888 pejus
1380 1837 1465 1882 est,

73 1899 272 1959 exemplo
309 1900 653 1945 Christianorum
698 1900 884 1945 suffocat
917 1900 1198 1945 Christianos.
1250 1898 1441 1944 Sudatur
1457 1934 1467 1953 ‚

73 1980 282 2015 aestuatur
300 1992 310 2027 ς
335 1971 572 2015 tribulatur
592 1971 735 2016 anima
755 1971 985 2016 christiana
1018 1990 1027 2015 :
1052 1971 1225 2014 vincere
1247 1970 1382 2013 hahet
1403 1979 1470 2013 ta-

72 2057 198 2099 men,
222 2042 298 2087 sed
330 2043 547 2103 numquid
572 2042 626 2087 de
641 2045 718 2087 se?
743 2042 848 2087 Ideo
869 2041 968 2087 vide
990 2042 1097 2102 quid
1116 2042 1245 2085 dieat.
1273 2044 1472 2099 Respon-

74 2113 149 2157 det
171 2113 287 2157 enim
307 2132 314 2157 :
352 2112 467 2166 Quid
503 2113 610 2157 mihi
630 2114 823 2173 prodest,
847 2114 949 2173 quia
979 2111 1111 2157 modo
1140 2111 1247 2155 mihi
1270 2110 1382 2156 facio
1405 2127 1474 2154 re-

74 2183 241 2239 media,
268 2191 311 2227 et
331 2182 479 2228 lucror
495 2199 656 2243 paucos
679 2183 799 2228 dies?
821 2186 942 2228 Exeo
964 2183 1065 2227 hinc
1084 2183 1138 2226 de
1171 2182 1252 2227 isto
1280 2181 1441 2225 saeculo
1458 2216 1469 2236 ,

75 2263 119 2298 et
134 2253 247 2298 vado
271 2254 327 2297 ad
350 2253 584 2298 Dominum
610 2269 772 2309 meum,
800 2263 844 2297 et
871 2254 1016 2297 mittet
1037 2269 1107 2296 me
1129 2253 1348 2311 inignem,
1373 2252 1475 2312 quia

76 2325 294 2384 praeposui
319 2341 480 2385 paucos
501 2324 591 2370 dies
608 2325 709 2370 vitae
727 2323 904 2380 futurae,
929 2324 1074 2368 mittet
1088 2323 1215 2367 mein
1237 2324 1470 2382 gehennas.

76 2399 192 2449 Quas
216 2397 463 2455 gehennas?
487 2397 656 2440 AEterni
673 2396 825 2458 judieii
846 2396 939 2440 Dei.
966 2398 1094 2450 Vere,
1121 2395 1200 2439 nisi
1223 2404 1350 2454 putas
1373 2394 1476 2454 quia

76 2473 186 2511 Deus
204 2477 328 2512 curat
346 2467 569 2528 quomodo
587 2469 737 2513 vivant
756 2468 984 2512 homines?
1007 2470 1064 2511 Et
1080 2467 1164 2510 hoc
1182 2464 1294 2510 forte
1325 2480 1414 2509 non
1432 2465 1479 2507 in

77 2537 220 2597 platea
247 2537 326 2581 tibi
349 2537 454 2582 dicit
474 2538 653 2593 amicus,
679 2538 755 2583 sed
778 2539 822 2582 in
846 2537 978 2583 domo
998 2552 1122 2592 uxor,
1148 2545 1224 2581 aut
1245 2535 1357 2581 forte
1380 2550 1476 2578 ma-

131 2630 136 2645 ·
157 2622 239 2654 l‘sal.
261 2633 349 2663 xfflr,
379 2624 428 2655 16.
