1926 3339
451 219 533 259 464
873 228 907 256 s.
944 228 1174 256 AUGusnM
1207 229 1387 255 Emscom

452 316 471 338 »
507 295 693 340 tissimus
710 309 838 354 super
860 309 1035 338 omnem
1056 302 1230 337 terram.
1258 292 1392 338 Nimis
1414 292 1623 336 exaltatus
1640 306 1684 336 es
1704 306 1833 351 super
1896 307 1900 347 ,·

451 386 471 409 »
507 382 657 411 omnes
674 365 827 410 deos.»
851 365 967 418 Quid
987 374 1050 409 est
1066 399 1078 419 ,
1102 383 1122 406 «
1141 363 1301 410 Nimis?
1323 381 1341 405 »
1361 365 1471 408 Nam
1493 363 1547 406 de
1569 363 1742 407 Christo
1764 361 1835 406 di·

449 438 575 482 citur.
599 436 717 490 Quid
738 446 803 480 est
820 450 942 493 ergo,
968 454 988 477 «
1012 435 1171 489 Nimis,
1202 454 1219 475 »
1237 434 1317 478 nisi
1338 442 1389 477 ut
1410 432 1663 492 intelligaris
1684 449 1835 493 aequa·

449 509 499 553 lis
539 508 685 552 Patri?
714 506 832 560 Quid
860 515 944 561 est,
981 525 1001 547 «
1028 508 1166 564 Super
1198 520 1345 549 omnes
1379 504 1510 549 deos?
1534 523 1553 546 »
1585 503 1671 558 Qui
1703 506 1838 549 sunt?

452 579 574 623 Idola
590 593 679 622 non
694 578 859 620 habent
871 590 1060 629 sensum,
1072 590 1161 619 non
1173 574 1338 618 habent
1349 575 1484 619 vitam
1500 595 1512 632 3
1531 574 1747 620 daemonia
1763 575 1840 619 ha-
1902 584 1906 628 ξ

451 651 557 693 1)θηῖ
573 664 745 693 sensum
759 683 768 702 ‚
784 647 948 691 habent
965 647 1099 691 vitam
1117 681 1127 701 ‚
1145 645 1220 690 sed
1235 645 1344 690 mala
1357 655 1471 690 sunt.
1495 645 1613 699 Quid
1630 661 1840 705 magnum
1903 648 1908 703 ᾗ

451 729 529 774 θεῖ,
554 719 657 779 quia
680 718 890 762 exaltatus
911 726 975 761 est
997 716 1193 762 Christus
1216 732 1343 776 super
1361 716 1477 761 idola
1496 719 1514 758 ‘3
1538 716 1759 761 Exaltatus
1777 726 1841 761 est

450 806 579 849 super
596 788 833 833 daemonia:
848 788 924 832 sed
937 803 1016 832 nec
1033 789 1117 832 hoe
1131 786 1258 832 valde
1274 803 1481 846 magnum
1499 797 1575 832 est.
1587 807 1607 830 «
1619 787 1841 832 Daemonia
1906 782 1910 831 ᾗ

450 861 630 921 quidem
657 859 717 904 dii
736 859 981 918 gentium1‚
1008 876 1026 899 »
1049 857 1125 902 sed
1141 857 1214 901 ille
1238 858 1365 902 nimis
1397 858 1605 903 exaltatus
1629 868 1692 903 est
1713 873 1842 918 super
1907 854 1911 895 ἱ

452 947 601 976 omnes
616 930 733 975 deos.
747 933 803 974 Et
815 929 1011 973 homines
1024 929 1129 973 dicti
1144 938 1245 973 sunt
1259 929 1317 972 dii
1335 949 1343 974 z
1365 948 1385 971 ‹<
1402 933 1495 989 Ego
1513 929 1622 974 dixi:
1640 930 1706 974 Dii
1724 929 1838 984 estis,

455 1021 475 1044 »
497 1011 540 1046 et
562 1001 637 1046 filii
661 1000 867 1046 Altissimi
887 1015 1052 1044 omnes.
1069 1003 1213 1044 »Item
1229 1000 1439 1060 scriptum
1462 1010 1544 1045 est:
1563 1004 1706 1045 «Deus
1725 999 1844 1044 stetit

457 1092 477 1114 n
497 1073 543 1116 in
560 1087 779 1130 synagoga
802 1071 1058 1125 deorum‚in
1073 1070 1215 1114 medio
1233 1074 1378 1115 aute'm
1397 1072 1499 1116 deos
1517 1071 1763 1115 discernens
1775 1074 1838 1114 2.»

457 1145 595 1201 Super
617 1157 766 1185 omnes
788 1140 999 1184 exaltatus
1016 1149 1078 1184 est
1092 1143 1115 1183 J
1121 1156 1214 1184 esus
1232 1141 1428 1185 Christus
1441 1142 1651 1186 Dominus
1669 1150 1839 1186 noster:

453 1229 533 1257 nec
556 1222 729 1256 tantum
750 1227 880 1271 super
900 1210 1015 1255 idola
1029 1246 1039 1266 ,
1060 1226 1140 1254 nec
1162 1219 1335 1255 tantum
1356 1227 1484 1271 super
1505 1211 1743 1268 daemonia3
1767 1210 1844 1255 sed

453 1299 583 1343 super
611 1299 760 1327 omnes
790 1283 988 1328 homines
1010 1283 1164 1342 justos.
1196 1285 1254 1327 Et
1284 1283 1368 1327 hoc
1392 1298 1547 1342 parum
1579 1292 1643 1327 est
1673 1302 1682 1328 :
1715 1297 1844 1342 super
1914 1333 1918 1343 Ι

453 1370 604 1400 omnes
624 1355 756 1399 etiam
782 1353 986 1413 Angelos.
1018 1356 1128 1398 Nam
1151 1353 1269 1397 unde
1286 1363 1351 1398 θεῖ
1375 1373 1384 1398 ;
1410 1355 1602 1399 Adorare
1623 1369 1724 1398 eum
1746 1368 1844 1398 om·
1903 1345 1920 1394 ’ἶ

452 1443 527 1471 nes
549 1426 705 1485 Angeli
727 1427 817 1486 ejus
833 1428 851 1470 P
870 1425 1037 1471 «Nimis
1055 1424 1265 1470 exaltatus
1283 1441 1326 1470 es
1349 1442 1478 1486 super
1500 1441 1648 1471 omnes
1671 1425 1789 1470 deos.
1818 1442 1839 1466 »

513 1501 609 1543 XV.
637 1497 754 1553 Quid
778 1514 881 1557 ergo
908 1496 1090 1541 facimus
1108 1513 1257 1541 omnes
1272 1532 1283 1553 ‚
1308 1498 1384 1558 qui
1407 1497 1463 1542 ad
1488 1497 1614 1544 illum
1634 1497 1843 1542 conveni-

453 1586 550 1614 mus
567 1605 579 1626 ,
606 1569 662 1614 ad
684 1585 786 1613 eum
807 1569 884 1629 qui
907 1569 1035 1612 nimis
1064 1568 1274 1612 exaltatus
1300 1577 1363 1612 est
1385 1584 1515 1628 super
1537 1584 1686 1613 omnes
1709 1569 1844 1612 deos?

453 1644 588 1685 Breve
610 1649 879 1701 praeeeptum
903 1639 1029 1684 nohis
1054 1638 1190 1683 dedit.
1230 1658 1250 1680 «
1276 1639 1357 1692 Qui
1377 1638 1552 1697 diligitis
1574 1639 1810 1684 Dominum
1829 1673 1839 1693 ‚

455 1731 475 1754 »
512 1712 629 1756 odite
651 1711 909 1770 malignum.
935 1729 955 1752 »
982 1713 1080 1756 Non
1103 1718 1168 1754 θεῖ
1192 1710 1348 1768 dignus
1381 1710 1578 1755 Christus
1594 1745 1605 1765 ,
1631 1725 1732 1755 cum
1753 1725 1842 1770 quo

452 1782 604 1840 diligas
635 1782 871 1826 avaritiam.
910 1784 1040 1825 Amas
1072 1779 1198 1824 illum
1223 1799 1232 1825 :
1264 1779 1394 1824 debes
1417 1780 1556 1825 odisse
1579 1781 1700 1841 quod
1732 1780 1839 1825 odit.

454 1856 596 1897 Homo
619 1863 683 1897 θεῖ
699 1853 900 1897 inimicus
922 1861 1050 1908 tuus,
1071 1852 1155 1896 hoc
1177 1861 1241 1896 est
1270 1851 1391 1912 quod
1411 1861 1485 1911 tu3
1511 1853 1644 1897 creati
1668 1851 1766 1896 estis
1787 1851 1842 1895 ab

453 1940 541 1969 uno
559 1927 764 1969 Creatore
780 1959 790 1978 ‚
816 1924 861 1967 in
888 1939 976 1967 una
998 1922 1250 1967 conditione
1273 1942 1282 1968 ε
1307 1932 1350 1967 θῖ
1372 1933 1519 1968 tamen
1539 1923 1574 1967 si
1596 1923 1712 1967 filius
1741 1932 1843 1967 tuus

451 1994 657 2056 loquatur
675 1995 851 2039 inimico
878 2003 1031 2048 tuo‚‚et
1053 1994 1199 2038 veniat
1221 1993 1274 2038 ad
1299 1994 1481 2039 domum
1502 1994 1668 2039 inimici
1689 1994 1777 2049 tui,
1801 2002 1845 2038 et

452 2066 641 2110 assiduas
659 2065 969 2110 collocutiones
993 2065 1152 2108 habeat
1179 2080 1279 2108 cum
1297 2064 1396 2119 illo,
1423 2065 1696 2109 exhaeredare
1717 2064 1844 2109 illum

452 2137 536 2194 vis3
576 2137 677 2197 quia
701 2136 898 2196 loquitur
926 2151 1025 2180 eum
1060 2135 1236 2179 inimico
1260 2144 1351 2179 tuo.
1380 2138 1437 2179 Et
1459 2136 1714 2195 quomodo?
1736 2136 1845 2189 Quia
1900 2181 1905 2185 ,

445 2209 607 2268 justam
630 2223 782 2252 vocem
804 2207 962 2251 videris
986 2206 1064 2250 tibi
1086 2207 1267 2251 habere:
1288 2206 1465 2250 Amicus
1487 2222 1531 2250 es
1553 2207 1716 2251 inimici
1739 2206 1840 2261 mei,

451 2288 494 2322 et
516 2278 672 2337 quaeris
706 2276 870 2337 aliquid
893 2277 947 2320 de
972 2277 1153 2320 remea!
1176 2280 1290 2334 Ergo
1314 2278 1506 2321 attende.
1529 2277 1678 2335 Diligis
1696 2277 1843 2322 Chris-

452 2357 563 2403 tum,
584 2348 758 2391 inimica
775 2347 935 2391 Christi
958 2357 1022 2390 est
1044 2347 1388 2407 avaritia3quare
1412 2363 1513 2392 cum
1530 2347 1604 2391 illa
1624 2346 1843 2408 loqueris?

450 2421 548 2464 Non
565 2419 679 2472 dico,
696 2418 886 2478 loqueris
909 2433 1010 2462 cum
1032 2417 1104 2461 issa
1129 2438 1139 2475 3
1159 2434 1294 2478 quare
1311 2418 1373 2462 issi
1391 2418 1553 2463 servis?
1574 2420 1682 2463 Nam
1705 2417 1842 2462 multa

446 2489 576 2550 jubet
596 2488 815 2543 Christus,
842 2497 885 2532 et
908 2503 999 2532 non
1024 2486 1127 2532 facis
1149 2506 1158 2532 ι
1187 2489 1317 2547 jubet
1337 2489 1453 2549 ipsa,
1489 2497 1533 2533 et
1559 2486 1677 2533 facis.
1706 2488 1843 2534 Jubet

502 2581 509 2597 ¹
532 2573 611 2606 Psal.
640 2584 714 2615 xcv,
734 2572 765 2605 5.
788 2590 829 2595 —-
856 2572 929 2605 ²1d.
954 2583 1057 2615 mxxxi,
1081 2584 1093 2605 1
1113 2576 1145 2605 et
1161 2573 1195 2605 6.
