1926 3339
481 338 566 376 282
911 345 944 374 s.
981 346 1211 375 Ana-susum
1244 347 1426 374 anscom

539 414 660 458 XIV.
686 413 1069 472 Exprobraverunt
1095 411 1157 455 illi
1179 411 1563 456 commutationem
1600 428 1609 453 ε
1639 420 1690 456 tu
1721 420 1867 456 autem

481 483 620 544 quid?
657 502 676 525 «
714 481 964 526 Benedictio
988 482 1160 526 Domini
1191 482 1238 525 in
1271 491 1483 525 aeternum
1509 500 1517 525 :
1545 481 1668 536 Fiat,
1702 481 1820 525 fiat&
1842 499 1864 523 »

484 554 651 599 Gratias
687 552 990 597 misericordiae
1023 552 1155 611 ipsius
1190 571 1198 595 :
1236 552 1392 611 gratias
1419 551 1567 610 gratiae
1603 551 1752 611 ipsius.
1782 554 1869 597 Nos

482 626 599 671 enim
615 624 770 682 gratias
793 624 958 681 agimus
986 642 994 667 :
1019 639 1107 667 non
1130 622 1300 677 damus,
1326 639 1406 667 nec
1427 622 1671 678 reddimus,
1696 638 1777 668 nec
1798 638 1869 667 re-
1907 640 1909 644 ·

482 696 677 748 serimus,
701 709 781 737 nec
805 694 1083 753 rependimus
1111 713 1119 738 :
1141 694 1294 752 gratias
1314 694 1459 738 verbis
1479 695 1659 752 agimus,
1684 709 1730 738 re
1752 703 1872 738 tene-

480 781 593 810 mus.
620 768 716 824 Ipse
734 780 811 808 nos
835 766 964 823 gratis
986 764 1125 808 salvos
1160 764 1263 808 fecit
1279 799 1290 819 ,
1319 760 1412 823 ipse'
1436 764 1677 823 impietates
1704 773 1872 809 nostras

481 852 571 881 non
598 835 812 892 attendit,
844 836 934 894 ipse
956 850 1034 879 nos
1057 851 1146 879 non
1164 850 1265 878 eum
1294 844 1536 895 quaerentes
1559 836 1775 895 quaesivit,
1800 835 1871 878 in-

479 907 624 962 venit,
649 906 858 959 redemit,
884 905 1083 950 liberavit
1105 921 1128 949 a
1151 904 1378 950 dominatu
1409 904 1574 950 diaboli
1596 915 1640 949 et
1661 914 1873 965 potestate
1906 899 1909 929 ³

481 977 800 1022 daemoniorum
826 995 834 1021 :
862 975 1057 1035 alligavit
1077 991 1156 1020 nos
1177 975 1263 1019 fide
1284 975 1578 1030 mundandos,
1602 974 1722 1020 unde
1743 976 1875 1020 solvit

480 1048 578 1093 illos
598 1048 794 1092 inimicos
817 1047 894 1107 qui
915 1063 1004 1091 non
1027 1047 1228 1101 credunt,
1257 1056 1300 1090 et
1320 1047 1420 1091 ideo
1438 1047 1642 1090 mundari
1663 1062 1753 1091 non
1773 1062 1875 1106 pos·
1906 1057 1909 1065 '

480 1128 596 1163 sunt.
623 1119 779 1162 Dicant
806 1117 883 1178 qui
904 1127 1206 1161 remanserunt
1230 1117 1426 1178 quotidie
1448 1117 1667 1178 quidquid
1688 1116 1845 1161 volunt
1859 1152 1870 1171 ,

481 1190 529 1233 in
551 1189 641 1232 dies
664 1187 855 1246 singulos
877 1189 1020 1231 minus
1043 1188 1274 1248 minusque
1295 1188 1585 1231 remanebunt
1613 1207 1621 1232 :
1648 1187 1870 1248 objiciant,
1905 1202 1909 1212 ¹

481 1258 705 1313 irrideant,
726 1260 1004 1318 exprobrent,
1026 1274 1112 1302 non
1132 1259 1372 1313 interitum,
1393 1257 1469 1302 sed
1486 1259 1872 1303 commutationem
1904 1259 1910 1290 ἦ

482 1330 642 1374 Christi
664 1330 744 1373 tui.
771 1326 870 1373 Non
904 1328 1080 1383 vident,
1106 1328 1209 1388 quia
1231 1344 1332 1372 cum
1364 1329 1442 1373 ista
1465 1329 1638 1383 dicunt,
1661 1328 1871 1373 deficiunt

483 1408 560 1443 aut
589 1398 830 1452 credendo,
868 1407 943 1443 aut
976 1398 1234 1443 moriendo?
1262 1397 1444 1442 Illorum
1476 1398 1593 1442 enim
1623 1397 1871 1443 maledictio

481 1469 732 1529 temporalis
774 1479 839 1514 est
870 1489 878 1514 ε
913 1489 933 1511 ι(
960 1467 1211 1513 Benedictio
1259 1478 1402 1513 autem
1444 1469 1618 1514 Domini
1653 1469 1698 1512 in
1741 1478 1872 1513 aeter-
1892 1485 1896 1487 ’

485 1560 505 1583 »
540 1556 663 1585 num.
692 1559 712 1582 »
739 1543 796 1584 Et
826 1540 880 1584 ad
911 1540 1255 1584 confirmandam
1286 1540 1659 1595 benedictionem,
1689 1555 1745 1584 ne
1776 1541 1873 1600 quis

481 1612 646 1666 timeat,
667 1629 686 1653 «
707 1611 818 1666 Fiat,
838 1611 957 1656 fiat.»
971 1614 1056 1654 Ista
1077 1610 1336 1670 subscriptio
1358 1619 1419 1654 est
1442 1610 1653 1655 cautionis
1677 1610 1769 1654 Dei.
1797 1612 1874 1655 Se-

481 1684 574 1728 curi
602 1698 706 1741 ergo
747 1682 802 1726 de
834 1681 1193 1742 promissionibus
1227 1683 1342 1742 ejus,
1374 1683 1593 1742 praeterita
1627 1681 1870 1737 credamus,
1908 1695 1909 1698 ’

481 1753 710 1813 praesentia
729 1768 1063 1812 cognoscamus,
1088 1751 1238 1796 futura
1260 1768 1496 1812 speremus.
1526 1755 1623 1797 Non
1647 1768 1724 1796 nos
1747 1767 1873 1796 aver-
1910 1786 1911 1789 η

481 1833 546 1868 tat
562 1823 764 1867 inimicus
783 1839 806 1867 a
823 1823 908 1877 via,
927 1831 977 1865 ut
994 1823 1069 1883 qui
1092 1822 1259 1881 colligit
1281 1838 1359 1867 nos
1381 1831 1593 1883 tanquam
1615 1821 1758 1882 pullos
1774 1837 1873 1867 suos
1911 1860 1913 1864 .

483 1895 566 1939 sub
590 1894 666 1938 alis
689 1895 775 1938 suis
792 1929 803 1949 ,
830 1892 976 1938 foveat
998 1910 1099 1948 nos,
1127 1909 1183 1937 ne
1207 1893 1455 1938 aberremus
1482 1893 1536 1937 ab
1568 1892 1644 1937 alis
1670 1895 1761 1954 ejus
1777 1928 1788 1948 ,
1816 1908 1873 1936 ne
1912 1919 1915 1921 >

483 1964 688 2024 accipiter
707 1968 857 2022 aereus
872 1965 1012 2024 rapiat
1032 1963 1263 2024 implumes
1281 1963 1426 2008 adhuc
1450 1963 1608 2023 pullos.
1634 1966 1733 2009 Non
1755 1963 1871 2007 enim

483 2035 539 2080 de
559 2051 604 2079 se
630 2034 763 2079 debet
784 2050 954 2095 sperare
977 2035 1248 2080 Christianus
1276 2054 1285 2080 :
1310 2035 1344 2079 si
1365 2034 1461 2079 vult
1477 2050 1567 2079 esse
1589 2035 1740 2078 firmus
1757 2070 1768 2086 ,
1792 2049 1872 2078 va·
1900 2049 1909 2090 J

478 2121 585 2166 pore
619 2115 817 2151 materno
849 2106 1082 2150 nutriatur.
1120 2105 1199 2150 Illa
1234 2114 1298 2149 est
1325 2106 1439 2149 enim
1479 2105 1637 2163 gallina
1666 2104 1872 2163 colligens

482 2177 626 2237 pullos
648 2193 762 2232 SUOS,
798 2177 853 2220 de
876 2193 962 2237 qua
985 2177 1304 2236 improperatur
1329 2175 1392 2219 illi
1416 2176 1578 2220 civitati
1600 2174 1768 2219 infideli
1795 2177 1872 2219 Je-

482 2248 670 2293 rusalem
700 2268 708 2293 :
739 2267 760 2290 «
785 2248 961 2301 Quoties
983 2247 1103 2292 volui
1132 2246 1334 2305 colligere
1361 2247 1472 2292 filios
1501 2257 1628 2302 tuos,
1662 2256 1870 2307 tanquam

485 2337 507 2360 »
545 2318 704 2378 gallina
721 2318 865 2378 pullos
887 2334 986 2363 suos
1009 2320 1090 2363 sub
1105 2318 1191 2362 alas
1204 2334 1316 2373 suas,
1335 2328 1378 2362 et
1395 2318 1602 2363 noluisti?
1616 2321 1727 2363 Ecce
1740 2317 1873 2361 relin-

485 2408 506 2431 »
541 2399 702 2450 quetur
717 2390 842 2434 vobis
860 2389 1015 2434 domus
1035 2398 1176 2434 vestra
1199 2354 1366 2432 deseita
1380 2393 1412 2432 ².
1436 2408 1455 2430 n
1469 2390 1588 2434 {linc
1605 2389 1772 2433 dictum
1788 2397 1868 2443 est,
1898 2373 1905 2455 ἰ

486 2480 507 2503 «
541 2460 728 2505 Posuisti
767 2461 1032 2505 munitiones
1060 2461 1151 2520 ejus
1178 2458 1515 2505 formidinem.»
1550 2460 1661 2513 Quia
1683 2475 1786 2519 ergo
1808 2458 1872 2503 illi

478 2530 717 2575 noluerunt
730 2531 903 2589 contegi
914 2530 996 2574 sub
1015 2530 1091 2575 alis
1105 2529 1275 2588 gallinae
1292 2531 1438 2591 hujus,
1465 2539 1508 2574 et
1521 2530 1606 2574 tale
1620 2529 1870 2589 exemplum

479 2599 711 2656 dederunt,
736 2616 824 2660 quo
847 2601 997 2645 timere
1018 2601 1256 2644 debeamus
1279 2616 1302 2644 a
1323 2599 1519 2645 volaticis
1540 2600 1760 2660 spiritibus
1781 2599 1869 2642 im-
1898 2614 1904 2647 ,ι

528 2692 537 2707 ¹
560 2685 641 2717 psal.
664 2695 819 2726 Lxxxvur,
835 2685 888 2717 53.
911 2703 952 2708 —
973 2692 985 2708 ²
1004 2685 1116 2716 Manli,
1143 2696 1230 2725 xxm,
1252 2686 1306 2726 37,
1328 2684 1379 2716 38.

1896 2650 1907 2795 f.

1893 3108 1897 3137 Ι

1893 3182 1897 3240 ἰ
