1926 3339
438 306 679 337 numm-1¹10
711 310 757 337 m
789 307 991 339 PsALMuM
1023 311 1132 339 XCVI.
1383 303 1464 344 457

143 374 221 417 XI.
256 391 277 416 «
297 372 637 419 Confundantur
660 389 830 430 omneS‚
851 375 926 435 qui
948 376 1131 421 adorant
1155 377 1368 437 sculptilia
1386 383 1414 425 ¹.
1443 400 1463 422 η

83 445 239 490 Nonne
265 443 430 489 factum
467 447 559 488 est‘?
582 461 727 490 nonne
750 446 919 491 confusi
946 450 1078 492 sunt?
1102 464 1249 493 nonne
1272 451 1468 509 quotidie

84 514 446 559 confunduntur?
482 514 705 574 Sculptilia
737 517 852 560 enim
887 527 1016 573 sunt,
1041 519 1310 563 manufacta
1334 519 1463 565 idola.

84 590 225 639 Quare
242 586 331 645 jam
359 583 693 630 confunduntur
720 603 891 641 omnes,
918 589 993 648 qui
1017 588 1199 634 adorant
1216 590 1467 650 sculptilia?

83 657 195 709 Quia
215 657 421 701 viderunt
438 672 585 700 omnes
606 658 757 717 populi
781 659 957 717 gloriam
981 661 1087 719 ejus.
1113 663 1208 704 Jam
1231 677 1379 705 omnes
1395 677 1468 721 po-

83 727 177 787 puli
200 726 379 786 gloriam
403 728 561 772 Christi
583 730 849 773 confitentur
871 750 879 774 :
906 731 1164 775 erubescant
1187 732 1262 791 qui
1286 732 1470 776 adorant

81 797 262 858 lapides.
291 799 401 852 Quia
438 798 601 858 lapides
629 799 691 844 illi
714 802 874 845 mortui
903 811 1051 856 erant,
1087 818 1164 846 nos
1185 802 1331 846 vivum
1355 802 1468 862 lapi—

83 868 183 913 dem
205 869 449 914 invenimus
476 890 484 915 :
510 871 596 915 imo
628 871 792 931 lapides
814 872 877 916 illi
903 889 1129 933 nunquam
1158 873 1357 918 vixerunt
1378 909 1388 928 ,
1419 883 1470 918 ut

83 956 163 985 nec
184 941 345 985 mortui
363 940 710 1002 dicantur31apis
732 951 875 986 autem
899 953 1044 987 noster
1067 944 1188 988 vivus
1210 953 1288 997 est,
1305 953 1347 988 et
1362 960 1470 988 sem-

82 1027 160 1072 per
181 1013 287 1057 vixit
310 1013 428 1073 apud
452 1017 647 1069 Patrem,
674 1024 717 1058 et
746 1030 825 1074 pro
847 1014 972 1059 nobis
998 1024 1196 1059 mortuus
1219 1016 1398 1070 revixit,
1427 1025 1470 1062 et

82 1083 215 1128 modo
231 1084 352 1139 vivit,
371 1093 413 1128 et
431 1100 545 1129 mors
564 1085 601 1128 ei
625 1084 739 1130 ultra
762 1102 850 1130 non
875 1086 1171 1130 dominabitur
1185 1090 1216 1129 2.
1246 1089 1367 1130 Hanc
1385 1084 1472 1142 glo-

82 1156 189 1200 riam
215 1156 349 1216 ipsius
377 1166 677 1214 cognoverunt
701 1157 874 1217 populi,
911 1157 1139 1202 dimittunt
1166 1158 1323 1217 templa
1340 1193 1350 1213 ,
1370 1174 1472 1201 cur-

83 1236 187 1271 runt
215 1227 269 1271 ad
308 1227 534 1272 Ecclesias.
564 1247 585 1270 «
610 1226 950 1272 Consundantur
979 1244 1150 1283 omnes,
1183 1229 1258 1288 qui
1289 1229 1472 1272 adorant

85 1315 106 1338 >›
142 1297 375 1357 sculptilia.
398 1316 416 1339 »
438 1298 596 1342 Adhuc
620 1307 825 1358 quaerunt
847 1297 1025 1342 adorare
1048 1298 1295 1358 sculptilia?
1312 1298 1473 1343 Nolue-

82 1378 187 1413 runt
204 1370 400 1413 deserere
420 1371 559 1421 idola,
585 1370 741 1414 deserti
766 1379 866 1413 sunt
889 1374 944 1413 al)
968 1369 1107 1414 idolis.
1136 1389 1154 1411 «
1181 1369 1472 1414 Confundan-

85 1457 105 1482 »
142 1449 215 1484 tur
243 1457 392 1485 omnes
415 1442 490 1502 qui
517 1442 698 1496 adorant
719 1440 933 1500 sculptilia
949 1476 959 1496 ,
985 1441 1060 1501 qui
1084 1440 1324 1500 gloriantur
1352 1441 1396 1483 in
1421 1441 1473 1484 si-

87 1530 105 1552 »
141 1510 344 1555 mulacris
368 1512 469 1556 suis.
498 1530 518 1552 »
548 1512 631 1556 Sed
654 1512 795 1555 existit
817 1512 960 1556 nescio
982 1512 1077 1571 quis
1107 1511 1371 1570 disputator,
1396 1512 1473 1571 qui

83 1580 238 1626 doctus
256 1582 338 1626 sibi
360 1583 607 1637 videbatur,
626 1591 668 1626 et
688 1582 770 1627 ait:
794 1585 891 1627 Non
909 1597 987 1640 ego
1009 1581 1132 1625 illum
1152 1581 1338 1641 lapidem
1359 1582 1471 1637 colo,

82 1667 164 1696 nec
180 1650 292 1696 illud
314 1652 593 1697 simulacrum
618 1653 738 1713 quod
760 1662 824 1697 est
845 1653 937 1697 sine
959 1668 1108 1696 sensu:
1126 1668 1214 1696 non
1243 1653 1357 1696 enim
1378 1668 1476 1712 pro-

83 1723 216 1782 pheta
237 1732 378 1767 vester
416 1725 559 1783 potuit
582 1739 706 1768 nosse
724 1760 734 1779 ‚
756 1725 858 1784 quia
881 1723 1031 1768 oculos
1048 1723 1211 1767 habent
1233 1732 1275 1767 et
1297 1739 1385 1767 non
1409 1723 1477 1767 vi-

85 1793 192 1837 dent
210 1795 248 1848 3,
284 1803 328 1838 et
349 1810 429 1853 ego
452 1795 596 1839 nescio
619 1795 721 1855 quia
749 1794 861 1838 illud
884 1794 1162 1838 simulacrum
1187 1810 1266 1838 nec
1288 1794 1475 1837 animam

83 1865 239 1920 habet,
266 1881 346 1910 nec
367 1865 486 1910 videt
508 1866 659 1920 oculis,
678 1882 758 1910 nec
781 1865 902 1910 audit
920 1866 1096 1910 auribus
1124 1886 1131 1910 2
1158 1881 1246 1909 non
1269 1881 1348 1924 ego
1365 1864 1476 1908 illud

86 1935 209 1994 colo3
232 1935 307 1979 secl
330 1936 463 1980 adoro
482 1936 602 1996 quod
624 1935 773 1992 video,
799 1946 842 1980 et
858 1937 996 1980 servio
1020 1937 1057 1979 ei
1075 1952 1204 1997 quem
1225 1952 1313 1979 non
1330 1935 1472 1979 video.

85 2007 193 2060 Quis
220 2017 284 2050 est
314 2007 422 2050 iste?
445 2010 619 2052 Numen
642 2007 864 2067 quoddam
881 2043 892 2059 ,
918 2007 1084 2067 inquit,
1120 2006 1334 2049 invisibile
1357 2004 1478 2065 quod

85 2077 290 2136 praesidet
310 2077 373 2120 illi
397 2077 642 2123 simulacro.
670 2080 763 2122 Hoc
787 2077 918 2122 modo
942 2076 1165 2121 reddendo
1188 2077 1398 2120 rationem
1423 2075 1477 2119 de

87 2148 324 2193 simulacris
358 2149 443 2193 suis
462 2185 472 2205 7
512 2149 658 2193 diserti
689 2150 770 2194 sibi
799 2149 1032 2202 videntur,
1070 2149 1171 2209 quia
1203 2164 1293 2193 non
1326 2147 1479 2192 colunt

86 2220 203 2264 idola
222 2256 232 2276 ‚
266 2229 309 2264 et
345 2220 498 2265 colunt
520 2221 751 2265 (hemonia.
777 2222 950 2265 Etenim
969 2255 979 2275 ,
1016 2220 1191 2274 fratres,
1230 2220 1341 2263 sicut
1373 2218 1478 2262 dicit

87 2290 319 2350 Apostolus
341 2294 504 2344 :«Quae
525 2290 755 2335 immolant
777 2293 956 2345 Gentes,
982 2289 1207 2334 daemoniis
1223 2288 1475 2346 immolant,

90 2380 111 2403 »
147 2371 190 2406 et
217 2378 306 2406 non
335 2365 440 2406 Deo.
475 2362 586 2407 Nolo
615 2378 712 2417 vos,
745 2362 916 2422 inquit⁷
949 2361 1085 2405 socios
1120 2360 1212 2404 fieri
1235 2359 1479 2403 daemonio-

92 2451 112 2474 »
148 2434 277 2476 rum4
299 2452 307 2477 :
335 2451 355 2474 »
382 2449 484 2477 nam
513 2433 670 2477 scimus
692 2433 794 2493 quia
815 2432 923 2476 nihil
946 2441 1009 2476 est
1037 2431 1245 2476 idolum'5.
1276 2434 1372 2490 Ipse
1394 2431 1478 2474 hoc

90 2503 197 2547 dixit
213 2503 445 2562 Apostolus
467 2523 475 2548 ι
497 2522 516 2545 «
543 2503 706 2548 Scimus
729 2504 831 2564 quia
852 2502 963 2547 nihil
985 2512 1048 2546 est
1069 2501 1237 2546 idolum
1252 2536 1263 2556 ‚
1282 2501 1357 2544 sed
1380 2516 1479 2560 quae

139 2605 151 2622 ¹
172 2599 251 2631 Psal.
274 2610 361 2640 xcvx,
378 2611 408 2641 7.
424 2618 465 2624 --
486 2608 498 2624 ²
516 2604 667 2641 nonmvr,
686 2612 717 2643 9.
740 2599 806 2624 -3
822 2600 899 2632 Psal.
923 2611 1012 2639 exin,
1034 2599 1063 2630 5.
1080 2616 1115 2622 —
1136 2598 1151 2628 4
1177 2611 1187 2629 1
1208 2600 1280 2629 Cor.
1301 2609 1332 2638 x,
1358 2605 1475 2639 19‚s›.o.

95 2671 134 2677 —
158 2653 324 2694 ⁵1‹l.vm‚
348 2655 379 2697 4.
