1926 3339
423 299 662 327 ENARRATio
695 304 738 328 nv
773 305 974 333 PSALMCM
1008 310 1124 335 xciii.
1375 306 1457 345 403

78 357 208 400 Deus.
237 359 279 402 Si
301 361 415 404 enim
438 362 618 408 haberes
641 374 853 411 aeternum
877 368 1089 426 laborem,
1115 389 1339 435 nunquam
1360 395 1459 439 per-

73 423 242 472 venires
266 430 319 474 ad
352 440 558 477 aeternam
601 436 805 495 quietem.
849 442 1024 501 Semper
1058 443 1256 489 laborans
1283 451 1460 508 quando

74 507 361 554 perventurus
378 517 469 546 eras
496 503 551 547 ad
573 504 698 562 illud,
724 508 843 568 quod
866 509 997 570 digne
1014 514 1191 573 quidem
1214 527 1356 576 potest
1375 522 1460 564 emi

73 567 337 626 sempiterno
368 570 518 617 labore
538 610 548 629 ,
584 577 687 636 quia
725 581 983 639 sempiterna
1008 585 1175 645 requies
1205 589 1294 631 est?
1314 592 1458 650 AEqua

72 637 258 694 pretium
298 659 308 685 ε
346 650 509 687 aeterno
547 655 662 690 certe
689 646 838 693 labore
871 650 1002 710 digna
1039 664 1102 698 est
1139 665 1299 702 aeterna
1335 659 1457 720 quies

71 709 327 766 comparari.
352 711 435 755 Sed
447 713 479 756 si
497 730 665 775 semper
681 717 916 775 laborares,
942 738 1170 784 nunquam
1188 726 1240 770 ad
1258 730 1453 789 requiem

69 779 330 835 pervenires.
356 783 470 840 Ergo
493 794 542 828 ut
564 785 798 847 aliquando
816 793 1037 850 pervenias
1054 795 1107 838 ad
1123 796 1168 840 id
1190 799 1310 857 quod
1332 801 1453 855 emis,

68 860 158 890 non
189 847 235 891 in
267 859 480 896 aeternum
512 854 802 903 laborandum
838 871 936 906 est:
970 879 1058 907 non
1088 867 1188 924 quia
1219 883 1309 912 non
1341 870 1457 915 valet

66 918 192 971 tanti,
218 919 293 963 sed
316 930 363 965 ut
387 925 657 982 possideatur
686 929 806 989 quod
829 933 1001 977 emitur.
1028 936 1161 994 Digna
1186 948 1249 982 est
1275 940 1454 999 quidem

66 987 148 1030 emi
167 986 315 1033 labore
338 1003 548 1052 perpetuo
574 1016 582 1040 :
614 997 689 1042 sed
706 1015 876 1045 necesse
899 1013 961 1047 est
984 1014 1032 1049 ut
1054 1005 1203 1051 labore
1226 1011 1455 1069 temporali

65 1067 247 1103 ematur.
277 1063 404 1106 Certe
446 1073 592 1111 tantus
634 1068 788 1115 debuit
812 1088 922 1129 esse,
958 1075 1003 1119 id
1032 1090 1119 1134 est,
1164 1082 1452 1140 sempiternus

61 1126 187 1172 labor
207 1146 286 1189 pro
309 1134 457 1194 requie
485 1139 761 1197 sempiterna.
787 1144 933 1188 Decies
952 1156 1132 1192 centena
1157 1150 1290 1195 millia
1314 1168 1452 1198 anno-

63 1213 157 1242 rum
182 1200 226 1243 in
259 1200 408 1246 labore
434 1206 541 1265 quid
569 1209 747 1255 valent?
776 1216 918 1259 Decies
943 1227 1123 1273 centena
1158 1221 1292 1266 millia
1315 1240 1454 1268 anno-

62 1284 157 1312 rum
187 1271 352 1317 habent
374 1275 505 1319 finem
535 1297 544 1321 ι
570 1280 699 1332 Quod
721 1282 799 1326 tibi
824 1284 955 1340 dabo,
981 1287 1085 1333 dicit
1109 1293 1238 1346 Deus,
1259 1309 1349 1337 non
1372 1295 1452 1339 ha-

60 1338 184 1383 bebit
214 1341 361 1387 finem.
394 1345 541 1398 Qualis
570 1350 859 1397 misericordia
886 1358 986 1400 Dei?
1020 1361 1107 1404 Nec
1140 1362 1271 1407 dicit:
1302 1365 1450 1410 Decies

59 1420 241 1455 centena
263 1413 396 1458 millia
417 1432 632 1463 annorum
658 1422 805 1467 labora
826 1421 953 1482 ,non
980 1428 1101 1485 dicit,
1127 1432 1206 1476 Vel
1229 1433 1347 1478 mille
1369 1452 1448 1480 an-

58 1496 136 1525 nos
167 1482 343 1544 labora,
373 1502 462 1531 non
496 1489 626 1547 dicit,
653 1494 921 1553 Quingentos
950 1516 1084 1545 annos
1120 1502 1266 1549 labora
1304 1526 1313 1550 :
1348 1524 1449 1552 cum

56 1552 163 1613 yivis
191 1552 340 1600 labora
358 1592 370 1608 ,
406 1558 452 1602 in
475 1564 623 1619 paucis
645 1566 793 1623 annis,
829 1568 931 1613 inde
954 1572 1043 1630 jam
1067 1575 1235 1634 requies
1268 1578 1372 1633 erit,
1405 1589 1447 1624 et

56 1621 188 1666 finem
203 1640 292 1669 non
305 1626 499 1673 habebit.
520 1633 575 1675 Et
594 1634 738 1680 adhuc
751 1637 853 1682 audi
870 1646 1222 1703 consequentia,«
1240 1649 1442 1704 Domine,

59 1710 78 1732 »
114 1695 356 1739 secundum
395 1699 724 1749 multitudinem
767 1707 967 1755 dolorum
1005 1728 1199 1759 meorum
1235 1717 1279 1761 in
1314 1720 1445 1764 corde

56 1779 76 1801 »
112 1778 225 1819 meo,
241 1766 558 1815 exhortationes
570 1781 656 1816 tuae
664 1777 1020 1836 jucundaverunt
1032 1785 1219 1829 animam
1235 1792 1410 1833 meam1.
1421 1809 1442 1831 »

53 1833 109 1875 Et
130 1847 290 1891 paucos
319 1853 454 1883 annos
482 1839 672 1898 laboras,
698 1856 740 1890 et
764 1848 807 1891 in
831 1850 930 1908 ipsis
957 1851 1182 1899 laboribus
1207 1872 1296 1901 non
1324 1859 1444 1905 deest

51 1903 305 1960 consolatio,
332 1923 421 1952 non
443 1909 601 1956 desunt
630 1916 783 1973 gaudia
807 1920 1075 1979 quotidiana.
1105 1925 1188 1969 Sed
1212 1927 1300 1971 noli
1335 1944 1442 1987 gau-

51 1972 154 2017 dere
170 1975 215 2018 in
235 1978 394 2023 saeculo
427 2000 434 2024 :
461 1983 602 2040 gaude
628 1986 672 2030 in
706 1989 896 2046 Christo,
931 1995 1071 2051 gaude
1098 1996 1143 2039 in
1165 1999 1299 2043 verbo
1325 2002 1438 2060 ejus,

49 2044 190 2100 gaude
212 2048 257 2091 in
277 2048 374 2108 lege
402 2053 509 2112 ejus.
541 2056 611 2100 Ad
645 2058 735 2117 ipsa
759 2062 916 2119 gaudia
940 2067 1127 2123 pertinet
1148 2070 1269 2128 quod
1289 2071 1438 2132 loqui-

47 2130 163 2170 mur,
195 2127 240 2161 et
261 2120 381 2179 quod
404 2123 575 2169 auditis.
604 2130 790 2180 Quantae
814 2148 914 2191 ergo
937 2145 1037 2179 sunt
1058 2137 1149 2181 istae
1172 2140 1437 2187 consolatio-

48 2201 123 2230 nes
140 2187 184 2230 in
208 2191 337 2234 tantis
355 2191 610 2241 laboribus?
636 2201 799 2246 Verum
822 2214 885 2248 est
903 2221 1004 2264 ergo
1027 2208 1145 2268 quod
1166 2210 1273 2255 dixit
1295 2215 1437 2272 Apos-

47 2255 187 2312 tolus,
223 2278 242 2301 «
274 2263 447 2307 Etenim
479 2266 600 2325 quod
619 2269 673 2313 ad
697 2287 883 2330 praesens
908 2278 1146 2336 temporale
1171 2290 1234 2325 est
1259 2292 1302 2326 et
1341 2283 1436 2328 leve

51 2346 71 2368 »
106 2328 399 2377 tribulationis
419 2346 592 2393 nostrae,
621 2341 744 2400 juxta
770 2344 1071 2392 incredibilem
1094 2350 1296 2407 modum,
1323 2364 1365 2398 et
1386 2355 1434 2399 in

50 2415 71 2438 )›
105 2398 403 2446 incredibilem
427 2406 606 2453 modum
622 2446 632 2464 ,
668 2423 880 2460 aeternum
915 2416 1062 2475 gloriae
1086 2422 1256 2479 pondus
1280 2440 1435 2483 opera-

51 2487 70 2510 »
105 2478 177 2513 tur
196 2472 321 2516 nobis
334 2478 366 2518 ².
397 2495 415 2516 »
448 2480 561 2523 Ecce
589 2494 803 2541 quantum
835 2490 1022 2546 pretium
1047 2491 1215 2548 damus,
1241 2496 1432 2555 quodam

47 2540 179 2585 modo
203 2558 336 2588 unam
359 2545 559 2608 siliquam
582 2552 636 2596 ad
662 2555 934 2615 accipiendos
966 2561 1187 2607 thesauros
1208 2567 1453 2626 sempiter--

97 2630 104 2645 ¹
127 2624 204 2656 Psal.
232 2637 315 2667 xcni,
337 2640 385 2670 ¹9·
405 2647 443 2651 -ν
461 2639 473 2653 ²
493 2641 510 2664 2
530 2636 599 2665 Cor.
624 2648 670 2675 iv,
694 2649 741 2679 ¹7·

1212 2703 1254 2713 >xa

1208 2711 1269 2739 ἰὴ.
