1926 3339
376 296 616 324 ENARRA‘no
649 298 693 324 uv
726 295 930 324 PsALMtJM
962 297 1114 324 Lxxxv.
1350 291 1426 328 191

51 361 170 424 quod
193 361 252 406 ait
274 380 283 407 2
314 381 330 401 «
356 361 487 405 Mitis.
525 359 728 404 Jueunda
761 360 950 403 animam
972 360 1079 403 servi
1103 359 1191 414 tui,
1223 363 1432 420 quoniam

55 453 74 475 »
108 432 164 477 ad
186 442 228 476 10
254 431 392 476 levavi
415 431 602 474 animam
623 445 783 484 meam,
806 430 1011 490 quoniam
1032 439 1082 474 tu
1097 431 1239 475 suavis
1260 441 1303 475 et
1320 433 1433 476 mitis

55 524 73 546 »
107 519 151 547 es
173 521 182 548 :
207 524 225 543 »
250 502 400 546 videor
425 502 531 545 mihi
552 501 699 545 videre
726 500 782 544 ad
803 501 886 545 hoc
906 500 1063 546 dixisse
1090 501 1239 545 mitem
1267 506 1404 546 Deum
1420 538 1431 559 ,

50 573 150 633 quia
167 572 330 632 patitur
347 572 425 616 ista
443 581 588 616 nostra
603 606 614 626 ,
636 581 680 615 et
700 580 898 630 expectat
919 580 1066 615 tamen
1088 587 1112 615 a
1132 572 1259 616 nobis
1278 573 1435 617 oratio—

49 659 172 699 nem,
208 653 259 688 ut
291 643 487 702 perficiat
513 658 592 686 nos
621 661 630 687 :
664 652 708 686 et
735 644 913 702 quando
944 642 1007 686 illi
1041 659 1136 687 eam
1159 643 1432 700 dederimus,

50 714 205 774 accipit
228 725 363 773 grate,
384 723 428 758 et
444 713 648 772 exaudit3
674 729 754 757 nec
775 715 976 758 meminit
993 723 1134 758 tantas
1155 730 1262 774 quas
1284 715 1436 760 incon-

49 785 138 831 dite
160 784 386 829 fundimus
402 820 412 839 ,
434 794 477 828 et
494 785 650 843 accipit
669 800 802 828 unam
818 800 951 844 quam
972 785 1043 828 vix
1058 785 1320 829 invenimus.
1333 786 1438 839 Quis

49 855 163 899 enim
185 863 251 898 est
266 889 277 910 ,
301 853 454 898 fratres
477 854 578 908 mei,
604 855 758 908 homo,
780 869 882 897 cum
904 870 992 913 quo
1014 854 1048 897 si
1068 854 1251 913 coeperit
1274 856 1437 900 amicus

48 927 138 986 ejus
155 925 361 986 colloqui,
379 935 422 969 et
444 925 630 970 volucrit
648 924 722 968 1110
740 923 1001 983 respondere
1022 924 1304 969 collocutioni
1319 927 1409 985 ejus
1422 961 1433 979 ,

49 1006 92 1040 et
112 996 270 1041 viderit
291 1011 390 1040 eum
425 995 559 1040 averti
576 1011 599 1038 a
627 1010 671 1038 se
689 1030 700 1050 ,
725 1004 768 1038 et
790 994 910 1038 aliud
941 993 1064 1055 loqui
1098 995 1154 1039 ad
1184 996 1341 1051 alium,
1361 996 1438 1056 qui

49 1067 131 1111 hoc
151 1066 289 1111 ferat?
312 1070 402 1110 Aut
417 1065 452 1109 si
471 1064 582 1109 forte
604 1064 854 1123 interpelles
878 1065 1074 1125 judicem
1092 1100 1102 1120 ,
1129 1075 1172 1110 ct
1200 1067 1438 1110 constituas

48 1152 147 1180 eum
170 1136 268 1180 1000
296 1145 345 1180 ut
378 1145 421 1179 te
451 1135 599 1179 audiat
614 1170 624 1189 ,
659 1145 702 1178 et
723 1135 866 1179 subito
894 1150 996 1179 cum
1018 1134 1074 1179 ad
1093 1151 1193 1180 eum
1215 1135 1406 1196 loqueris
1423 1171 1435 1192 ,

48 1206 236 1250 dimittas
264 1221 380 1261 eum,
395 1215 438 1250 et
456 1206 634 1264 incipias
656 1204 848 1249 fabulari
865 1221 965 1249 cum
989 1207 1127 1251 amico
1154 1216 1243 1261 tuo,
1260 1207 1438 1267 quando

49 1285 90 1320 tc
113 1275 293 1320 tolerat?
306 1279 363 1319 Et
375 1275 531 1319 tolerat
544 1278 657 1318 Deus
672 1283 736 1318 tot
751 1274 881 1318 corda
896 1277 1184 1334 precantium,
1197 1287 1239 1320 et
1251 1277 1439 1321 diversas

49 1362 113 1391 res
130 1347 418 1405 cogitantium
438 1365 447 1390 :
467 1345 620 1389 omitto
637 1344 780 1389 dicere
798 1354 841 1389 et
859 1347 1023 1401 noxias,
1036 1347 1190 1391 omitto
1208 1347 1352 1391 dicere
1365 1348 1440 1391 ali-

48 1418 226 1478 quando
239 1433 457 1477 perversas
475 1426 516 1461 et
527 1417 721 1460 inimicas
736 1420 848 1474 Dco3
867 1416 977 1476 ipsas
994 1434 1040 1460 su
1048 1418 1234 1477 perfluas
1248 1419 1438 1477 cogitare

47 1489 202 1549 injuria
224 1498 288 1532 est
302 1490 408 1548 ejus,
424 1503 525 1532 cum
539 1503 628 1547 quo
644 1486 764 1548 loqui
787 1503 995 1547 coeperas.
1013 1489 1162 1533 Oratio
1179 1498 1254 1533 tua
1271 1488 1437 1534 locutio

49 1570 111 1606 051
133 1558 188 1602 ad
212 1562 365 1602 Deum.
394 1558 577 1610 Quando
604 1556 733 1615 legis,
770 1561 883 1601 Deus
901 1557 982 1601 tibi
1002 1557 1199 1618 loquitur
1226 1577 1235 1603 ε
1258 1559 1436 1619 quando

48 1646 158 1685 oras,
178 1633 263 1674 Deo
286 1629 492 1689 loqueris.
517 1628 601 1673 Sed
623 1628 1100 1688 quidPDesperandum
1117 1639 1182 1674 est
1203 1629 1258 1673 de
1281 1645 1438 1688 genere

47 1701 257 1755 humano,
275 1709 319 1744 01
335 1699 571 1743 dicendum
582 1700 672 1759 jam
696 1698 750 1742 ad
773 1699 1098 1744 damnationem
1118 1702 1333 1759 pertinere
1348 1715 1439 1745 0111-1

48 1787 148 1816 nem
172 1771 418 1826 hominem,
446 1772 517 1815 cui
535 1770 800 1829 subrepserit
823 1769 968 1831 aliqua
991 1772 1197 1829 cogitatio
1215 1771 1372 1827 oranti,
1396 1781 1440 1816 et

47 1842 330 1901 interruperit
357 1841 598 1885 orationem
620 1840 783 1899 ipsius?
808 1841 851 1885 Si
875 1841 960 1885 hoc
977 1840 1209 1885 dixerimus
1226 1877 1237 1896 ,
1258 1841 1409 1885 iratres
1425 1877 1436 1896 ,

47 1929 146 1974 quae
163 1928 258 1972 spes
280 1920 515 1965 remaneat,
538 1926 628 1955 0011
649 1910 792 1954 video.
820 1914 954 1955 Porro
972 1912 1074 1971 quia
1096 1921 1158 1955 est
1179 1911 1323 1972 aliqua
1346 1927 1440 1971 spes

48 1983 104 2028 ad
123 1986 262 2028 Deum
280 2018 290 2038 ,
317 1983 418 2042 quia
440 1997 597 2040 magna
621 1989 685 2024 est
706 1982 799 2040 ejus
822 1982 1135 2037 misericordia,
1157 1982 1349 2026 dicamus
1372 1983 1409 2026 ei
1427 2002 1435 2026 :

54 2072 75 2097 «
107 2054 313 2098 Jucunda
340 2053 531 2096 animam
562 2051 672 2095 servi
694 2052 783 2106 tui,
815 2052 1023 2111 quoniam
1045 2053 1100 2095 ad
1125 2062 1194 2106 te,
1227 2053 1436 2107 Domine,

51 2142 72 2166 »
105 2123 247 2170 levavi
269 2124 458 2168 animam
476 2137 633 2167 meam.
652 2139 672 2163 »
690 2125 747 2166 Et
769 2122 993 2181 quomodo
1015 2137 1109 2166 eam
1132 2121 1299 2166 levavi?
1322 2127 1441 2176 Quo-

47 2194 180 2240 modo
210 2194 366 2254 potui?
394 2192 618 2254 quomodo
647 2202 697 2236 tu
725 2192 837 2237 vires
871 2191 1060 2236 dedisti?
1090 2193 1314 2252 quomodo
1345 2208 1439 2237 eam

47 2267 289 2326 fugientem
307 2264 634 2325 apprehendere
650 2263 767 2308 valui
784 2284 795 2321 3
820 2273 864 2307 et
884 2263 1042 2308 excidit
1065 2264 1145 2307 tibi
1165 2299 1175 2319 ,
1204 2264 1306 2324 quia
1323 2280 1438 2324 quo-

50 2336 318 2397 tiescumque
340 2344 440 2380 ante
468 2350 539 2379 me
560 2334 710 2378 stetisti
726 2369 738 2389 ,
767 2336 785 2392 (
806 2342 913 2393 puta
937 2337 1076 2378 Deum
1099 2335 1292 2392 dicere,)
1318 2343 1439 2378 tanta

48 2423 159 2453 vana
187 2416 230 2451 et
261 2406 482 2466 superflua
526 2405 750 2463 cogitasti,
786 2414 830 2448 et
866 2405 938 2448 vix
973 2404 1081 2447 mihi
1117 2406 1245 2448 fixam
1261 2414 1317 2448 -ct
1350 2414 1440 2449 sta-

49 2477 182 2523 bilem
206 2479 446 2522 orationem
475 2475 662 2520 fudisti?
699 2494 718 2516 «
743 2475 854 2528 Quia
880 2484 929 2518 tu
950 2476 1092 2520 suavis
1120 2490 1163 2519 es
1181 2511 1191 2530 ,
1228 2476 1438 2531 Domine,

54 2565 75 2590 »
109 2564 158 2595 ac
176 2547 305 2592 mitis.
328 2565 349 2588 »
373 2546 492 2592 Mitis
510 2561 580 2601 05,
601 2544 790 2589 tolerans
813 2547 976 2589 me.Ex
992 2545 1252 2604 aegritudine
1274 2546 1439 2600 defluo,

52 2634 154 2664 cura
175 2628 218 2663 et
238 2618 389 2663 stabo:
414 2616 625 2662 confirma
641 2650 652 2671 ,
679 2624 722 2662 et
742 2615 894 2660 firmus
915 2631 1005 2661 ero.
1033 2619 1180 2661 Donec
1202 2625 1348 2661 autem
1374 2616 1440 2661 fa-
