1926 3339
397 266 636 293 ENARRATio
672 267 712 292 ux*
750 267 948 292 PSAIMUM
984 268 1167 294 Lxxwu.
1393 260 1440 296 71

68 332 241 379 Christo
266 340 409 385 erant,
440 331 600 391 quibus
627 340 719 375 erat
744 330 853 374 facie
889 331 1047 375 Paulus
1077 332 1298 391 ignotus¹,
1330 344 1460 378 notus

71 412 217 448 autem
246 403 408 447 saevitia
430 401 712 446 famosissima
733 437 745 458 ,
781 401 857 446 sed
875 402 1019 447 notior
1037 403 1196 447 Christi
1219 404 1462 449 misericor-

71 474 245 518 dissima
268 472 418 531 gratia.
446 472 558 517 Hinc
586 481 628 516 et
646 472 737 532 ipse
769 472 1010 516 secundum
1040 473 1304 532 praemissam
1337 473 1391 519 de
1420 491 1463 519 se

71 544 347 604 prophetiam
377 563 384 587 z
415 562 430 582 «
456 546 604 602 Lupus
629 558 780 603 rapax,
810 559 938 587 mane
955 544 1146 603 rapiens,
1174 554 1217 588 et
1235 545 1290 589 ad
1310 561 1464 605 vespe-

75 633 98 656 »
133 629 228 658 rum
245 614 444 658 dividens
459 615 614 668 escas²‚
647 634 662 655 >›
688 613 734 658 id
758 623 848 669 est,
882 615 1001 674 prius
1023 615 1192 674 rapiens
1214 625 1466 674 persecutor

73 686 129 730 ad
145 695 356 739 mortem,
395 693 542 743 postea
564 700 741 744 pascens
762 684 1022 745 praedicator
1036 685 1250 730 advitam.
1273 688 1329 731 Hi
1343 697 1466 732 erant

72 771 124 800 ex
156 755 234 799 illo
268 754 434 815 populo
463 755 692 799 liaereditas
730 754 821 800 Dei.
847 755 973 800 Unde
1001 766 1043 800 et
1068 757 1126 800 ait
1147 757 1238 816 ipse
1260 759 1466 802 minimus

60 824 428 886 'Apostolorum³‚
465 825 618 869 doctor
641 826 846 870 Gentium
872 845 880 870 ι
911 846 926 865 «
952 826 1056 870 Dico
1079 842 1182 885 ergo
1206 847 1215 872 :
1239 828 1466 887 Numquid

74 917 92 938 »
128 896 287 956 repulit
309 899 420 940 Deus
434 896 608 955 plebem
630 898 783 940 suam?
806 897 944 941 Absit.
970 900 1080 942 Nam
1102 907 1145 942 et
1169 913 1248 958 ego
1271 898 1463 942 Israelita

74 988 92 1009 »
127 982 223 1011 sum
238 967 460 1010 exsemine
472 968 618 1021 Israel,
631 967 684 1010 de
698 967 813 1011 tribu
824 968 1062 1027 Benjamin.
1076 970 1172 1013 Non
1188 968 1345 1028 repulit
1358 974 1464 1013 Deus

74 1059 92 1080 »
126 1038 301 1098 plebem
325 1054 447 1082 suam
464 1073 474 1093 ,
511 1054 644 1099 quam
664 1039 879 1098 praescivit
897 1041 928 1083 4.
957 1062 973 1081 »
1002 1042 1106 1084 Haec
1134 1040 1257 1099 plebs
1287 1056 1387 1100 quae
1412 1056 1463 1084 ex

69 1110 143 1156 illa
163 1119 292 1169 gente
313 1111 472 1155 Christi
495 1112 665 1170 corpori
680 1112 877 1166 accessit,
909 1111 1138 1156 haereditas
1160 1113 1237 1156 Dei
1260 1121 1337 1156 est.
1356 1115 1464 1158 Nam

69 1182 191 1243 quod
223 1182 283 1226 ait
317 1182 550 1241 Apostolus
578 1202 586 1227 :
615 1185 751 1227 «Non
783 1182 944 1242 repulit
982 1185 1095 1227 Deus
1129 1183 1302 1243 plebem
1342 1199 1463 1228 suam

71 1271 93 1295 »
127 1268 256 1314 quam
297 1253 541 1313 praescivit,
571 1253 674 1296 »illi
708 1253 880 1297 Psalmo
904 1254 1058 1314 utique
1084 1253 1344 1313 respondet,
1386 1254 1465 1298 ubi

69 1324 279 1383 scriptum
313 1333 376 1368 est
400 1343 408 1368 :
440 1342 457 1363 «
481 1324 697 1377 Quoniam
720 1340 810 1368 non
834 1323 1014 1383 repellet
1044 1325 1252 1369 Dominus
1289 1324 1464 1384 plebem

71 1412 93 1437 »
127 1410 263 1438 suam.
291 1414 309 1435 »
342 1395 410 1438 Ibi
438 1403 584 1438 autem
620 1395 818 1454 sequitur
844 1414 852 1439 ε
884 1414 903 1437 «
934 1397 991 1439 Et
1016 1394 1316 1440 haereditatem
1341 1411 1463 1439 suam

75 1485 92 1507 »
127 1481 216 1510 non
240 1465 567 1525 derelinquet52
594 1486 610 1506 »
637 1466 714 1509 ubi
735 1464 962 1509 evidenter
997 1475 1176 1525 apparet
1209 1465 1340 1510 talem
1364 1465 1460 1525 ple-

69 1537 170 1581 bem
193 1551 282 1580 esse
303 1536 604 1580 haereditatem
622 1536 714 1580 Dei.
733 1536 916 1580 Utenim
937 1536 1022 1581 hoc
1036 1535 1198 1581 diceret
1209 1536 1459 1597 ApostOIUS‚

69 1624 200 1668 supra
217 1617 638 1653 commemoraverat
656 1608 962 1667 propheticum
977 1608 1275 1653 testimonium
1293 1608 1347 1652 de
1360 1624 1466 1668 prae-

71 1681 270 1725 nuntiata
301 1678 449 1724 futura
478 1679 784 1723 incredulitate
824 1678 974 1739 populi
1003 1679 1136 1724 Israel
1171 1699 1179 1725 :
1210 1698 1228 1720 «
1254 1682 1361 1724 Tota
1395 1679 1465 1723 die

76 1772 94 1794 »
130 1750 315 1811 expandi
342 1766 496 1794 manus
534 1766 650 1794 meas
680 1750 735 1795 ad
770 1750 986 1810 populum
1019 1767 1108 1795 non
1141 1751 1391 1795 credentem
1423 1760 1466 1794 et

76 1843 94 1865 »
130 1821 498 1867 contradicentem
518 1824 549 1866 ⁶.
572 1840 591 1863 »
619 1821 700 1865 Hic
717 1837 820 1880 ergo
842 1837 896 1866 ne
918 1823 1148 1882 quisquam
1171 1821 1285 1865 male
1307 1821 1466 1865 intelli-

73 1909 176 1953 gens
191 1928 201 1947 ‚
226 1893 479 1937 universum
501 1891 622 1936 illum
647 1891 862 1952 populum
883 1893 1064 1937 crimine
1084 1892 1400 1937 incredulitatis
1420 1902 1464 1937 et

72 1963 426 2009 contradictionis
449 1963 683 2007 arbitretur
705 1979 795 2008 esse
818 1962 1097 2017 damnatum,
1123 1964 1333 2008 continuo
1355 1962 1463 2007 sub-

66 2036 172 2097 jecit
191 2054 201 2080 ;
226 2053 243 2075 «
270 2034 376 2079 Dico
398 2049 501 2093 ergo
528 2053 536 2078 ε
563 2034 788 2094 Numquid
810 2033 970 2093 repulit
992 2033 1289 2093 Deusplebem
1312 2035 1465 2078 suam?

78 2127 96 2149 »
121 2107 261 2152 Absit.
276 2108 387 2151 Nam
401 2115 443 2150 et
456 2120 536 2165 ego
548 2104 740 2150 Israelita
752 2120 847 2149 sum
866 2121 918 2149 ex
942 2120 1099 2164 genere
1113 2104 1260 2159 Israel,
1275 2104 1330 2149 de
1345 2104 1465 2149 tribu

78 2197 97 2220 »
131 2177 373 2238 Benjamin.
402 2197 419 2218 »
443 2176 523 2221 Hic
544 2176 733 2221 ostendit
755 2191 886 2236 quam
908 2175 1080 2235 plebem
1104 2175 1286 2230 dixerit,
1311 2176 1465 2235 utique

73 2247 226 2309 populi
258 2247 437 2307 prioris,
476 2262 610 2307 quam
645 2247 680 2291 si
708 2256 844 2291 totam
878 2249 993 2291 Deus
1026 2246 1297 2306 reprobasset
1334 2255 1466 2306 atque

75 2319 320 2364 damnasset
334 2355 344 2374 ,
371 2335 460 2363 non
477 2319 631 2379 utique
651 2318 742 2378 ipse
764 2318 924 2363 Christi
942 2327 1051 2362 esset
1067 2316 1317 2377 Apostolus,
1331 2320 1468 2360 Israe-

76 2389 153 2436 lita
176 2406 229 2434 ex
241 2390 404 2434 semine
417 2390 654 2440 Abraham,
667 2389 721 2433 de
731 2389 848 2433 tribu
866 2389 1308 2450 Benjamin.Adhibet
1326 2398 1470 2432 autem

77 2460 204 2506 valde
222 2461 512 2506 necessarium
535 2460 831 2505 testimonium
850 2496 860 2515 ,
882 2460 1028 2505 dicens
1049 2480 1057 2504 ;
1085 2479 1104 2501 «
1131 2464 1200 2505 An
1222 2459 1392 2503 nescitis
1424 2459 1469 2501 in

128 2566 136 2580 ¹
165 2558 233 2591 Gal.
255 2569 277 2597 1,
297 2567 350 2590 22.
376 2576 416 2580 ——-
443 2565 455 2580 ²
481 2560 561 2589 Gen.
579 2570 662 2598 xm,
683 2569 735 2599 27.
760 2575 796 2579 —-
818 2556 863 2588 31
895 2560 967 2589 Cor.
986 2569 1039 2596 ur,
1059 2569 1091 2599 9.
1113 2555 1182 2585 -4
1207 2559 1297 2588 Rom.
1319 2568 1365 2593 xr,
1386 2567 1413 2594 r,
1434 2564 1464 2585 ἱ).

81 2631 122 2636 —-
141 2613 154 2635 5
176 2615 257 2645 {kat
288 2625 372 2649 xciii,
394 2614 443 2655 ¹4·
465 2632 504 2637 -
521 2612 536 2635 ὅ
557 2617 644 2645 nom.
666 2626 697 2650 x,
724 2623 779 2650 21,
801 2619 831 2643 et
852 2616 920 2644 lsai.
943 2624 1063 2650 1.xv,'!,
