1926 3339
405 279 645 310 ENARRATIO
677 282 722 310 m
755 281 958 310 PsALMuM
992 281 1086 310 xcv.
1351 276 1434 317 433

58 366 78 389 »
115 346 216 400 Quis
234 346 459 402 Dominus,
488 365 508 388 »
534 346 616 390 nisi
632 349 755 390 Jesus
777 347 973 391 Christus
989 381 1000 401 ‚
1025 366 1044 389 «
1069 350 1253 406 Magnus
1277 360 1319 394 θῖ
1337 352 1436 396 lau-

59 437 78 459 »
113 416 267 461 dabilis
289 417 447 461 nimis?
467 435 486 458 »
510 417 651 462 Nostis
672 426 787 461 certe
809 417 910 477 quia
929 418 1061 462 homo
1084 420 1310 478 apparuit3
1335 438 1437 466 nos-

53 488 106 532 tis
128 497 243 532 certe
265 488 367 548 quia
384 488 428 530 in
450 497 575 532 utero
598 487 789 532 foeminae
812 498 1048 548 conceptus
1073 499 1157 544 est,
1184 491 1315 534 nostis
1337 493 1438 551 quia

54 573 104 602 ex
125 567 249 602 utero
273 567 399 602 natus
422 567 500 613 est,
526 559 660 603 nostis
684 559 785 619 quia
805 559 990 603 lactatus
1011 568 1089 614 θεῖ,
1115 560 1216 620 quia
1240 562 1440 606 manibus

53 638 247 688 portatus
261 637 339 683 est,
365 629 466 689 quia
490 630 787 684 circumcisus,
813 630 915 689 quia
936 631 1072 674 hostia
1098 646 1175 690 pro
1196 631 1271 675 iilo
1294 632 1440 677 oblata

53 708 136 754 est,
168 700 270 759 quia
304 700 461 755 crevit3
496 709 714 758 postremo
763 701 894 744 nostis
933 700 1034 760 quia
1061 701 1327 760 expalmatus
1357 713 1435 758 θεῖ,

52 778 311 828 consputus,
348 770 479 828 spinis
507 779 754 825 coronatus,
779 770 1008 814 crucifixus
1037 780 1115 826 est,
1141 782 1338 816 mortuus
1359 783 1436 829 θεῖ,

52 839 196 884 lancea
220 856 446 899 percussus
473 850 563 898 θεῖ,
594 841 726 885 nostis
749 842 848 900 quia
881 842 974 885 haee
999 842 1145 885 omnia
1172 859 1318 901 passus
1340 854 1404 889 est
1429 864 1438 888 :

58 929 79 952 1(
111 913 299 969 Magnus
328 920 391 954 est
425 920 469 955 et
493 910 725 954 laudabilis
755 911 895 954 nimis.
932 930 951 951 »
986 910 1129 956 Nolite
1163 923 1442 957 contemnere

51 995 251 1040 parvum,
272 979 502 1039 intelligite
521 996 745 1039 magnum.
769 984 930 1025 Parvus
947 980 1086 1025 tactus
1109 991 1186 1035 est,
1204 984 1307 1043 quia
1321 984 1446 1043 parvi
1472 994 1474 997 '

51 1051 177 1095 eratis
206 1069 214 1095 :
245 1051 511 1108 intelligatur
546 1067 758 1110 magnus,
785 1061 827 1095 et
854 1053 898 1096 in
931 1051 1005 1096 illo
1039 1054 1187 1112 magni
1213 1054 1343 1098 eritis.
1373 1056 1442 1100 Sic

52 1122 167 1166 enim
190 1121 432 1166 aedificatur
456 1122 628 1177 domus,
645 1123 704 1166 sic
722 1123 951 1181 eriguntur
965 1122 1098 1167 moles
1114 1124 1158 1167 in
1172 1124 1263 1184 ipsa
1281 1124 1412 1170 domo
1431 1146 1439 1171 :

53 1203 253 1238 crescunt
286 1192 450 1252 lapides
489 1194 565 1253 qui
607 1193 829 1238 ducuntur
873 1194 927 1237 ad
961 1195 1210 1239 aedificium.
1254 1197 1442 1241 Crescite

52 1279 176 1323 ergo,
211 1262 443 1322 intelligite
470 1264 693 1308 Christum
723 1279 929 1322 magnum
962 1284 970 1308 z
1006 1274 1050 1309 θῖ
1079 1281 1236 1324 parvus
1261 1282 1443 1324 maguus

51 1345 130 1391 θεῖ,
154 1350 338 1393 magnus
365 1335 508 1379 nimis.
538 1339 570 1379 F
575 1335 700 1380 inivit
723 1336 855 1379 verba
882 1355 890 1380 :
920 1335 1096 1380 volebat
1128 1336 1269 1381 dicere
1301 1355 1443 1398 quan·-

51 1417 143 1451 tum
168 1422 376 1465 magnus3
397 1407 475 1450 etsi
492 1416 580 1451 tota
599 1407 669 1450 die
687 1407 871 1461 diceret,
895 1411 1096 1466 Magnus,
1115 1423 1311 1466 magnus,
1336 1410 1444 1470 quid

51 1478 242 1522 diceret?
268 1480 374 1522 Tota
398 1477 467 1521 die
486 1477 649 1531 dicens,
671 1480 870 1536 Magnus,
896 1478 1039 1521 finiret
1058 1478 1316 1537 aliquand03
1340 1480 1444 1540 quia

50 1549 201 1593 finitur
224 1548 314 1592 dies
343 1567 351 1592 :
382 1548 639 1606 magnitudo
666 1547 781 1591 illius
803 1555 903 1594 ante
924 1547 1015 1591 dies
1031 1583 1041 1599 ,
1067 1547 1179 1592 ultra
1201 1549 1318 1604 dies,
1351 1552 1443 1595 sine

51 1619 136 1664 die.
163 1623 279 1678 Ergo
297 1618 406 1680 quid
427 1618 620 1663 diceret?
639 1638 657 1660 «
684 1619 900 1671 Quoniam
926 1618 1138 1663 Dominus
1156 1619 1444 1666 etlaudabilis

54 1709 74 1732 »
110 1691 251 1734 nimis.
277 1709 296 1730 »
325 1689 443 1742 Quid
477 1690 593 1733 enim
621 1690 792 1733 dictura
821 1699 886 1733 est
919 1688 1064 1746 lingua
1094 1705 1226 1748 parva
1261 1692 1315 1734 ad
1347 1692 1443 1735 lau-

53 1760 248 1805 dandum
265 1761 506 1818 magnum?
524 1758 734 1813 Dicendo,
764 1778 783 1799 «
801 1759 935 1803 Nimis
951 1793 961 1813 ‚
989 1777 1009 1799 »
1037 1759 1177 1803 emisit
1203 1776 1349 1804 vocem
1368 1797 1378 1815 ,
1400 1772 1443 1806 ct

52 1830 172 1875 dedit
195 1830 445 1888 cogitationi
463 1828 584 1889 quod
606 1829 742 1888 sapiat
760 1851 770 1886 3
796 1838 1005 1889 tanquam
1027 1829 1173 1874 dicens
1191 1850 1199 1874 :
1222 1831 1348 1884 Quod
1370 1848 1441 1876 εο-

11 1927 22 1939 ·
51 1917 154 1946 nare
184 1917 273 1946 non
303 1916 499 1961 possum,
527 1910 577 1944 tu
603 1899 768 1957 cogita,
801 1909 843 1943 et
870 1915 970 1943 cum
992 1899 1262 1958 cogitaveris,
1288 1917 1442 1960 parum

39 1968 146 2018 erit.
168 1973 295 2026 Quod
314 1973 517 2031 cogitatio
539 1971 703 2016 nullius
725 1970 910 2029 explicat
928 1970 1101 2029 ‚lingua
1123 1971 1302 2031 alicujus
1316 1974 1445 2032 expli-

53 2046 181 2089 cat?«‘
191 2046 376 2102 Magnus
390 2042 600 2086 Dominus
613 2051 656 2085 et
667 2040 897 2085 laudabilis
910 2040 1080 2084 nimis.»
1102 2044 1197 2100 Ipse
1219 2042 1439 2100 laudetur,

51 2115 141 2174 ipse
155 2113 430 2173 praedicetur,
442 2113 534 2172 ejus
552 2110 686 2169 gloria
697 2111 939 2165 nuntietur,
954 2120 996 2154 et
1013 2110 1255 2156 [edificatur
1267 2113 1439 2158 domus.

110 2187 163 2228 V.
194 2203 215 2226 «
241 2182 459 2227 Terribilis
481 2191 545 2226 est
572 2197 701 2240 super
724 2196 872 2225 omnes
897 2181 1015 2224 deos.
1044 2199 1063 2218 u
1092 2183 1203 2225 Sunt
1230 2183 1346 2227 enim
1381 2184 1440 2228 dii

53 2271 182 2316 super
197 2270 306 2316 quos
330 2255 384 2298 sit
406 2252 607 2297 terribilis
633 2252 731 2296 ille?
751 2252 986 2296 Videamus
1013 2268 1122 2312 quos
1145 2252 1283 2308 dicat,
1315 2265 1358 2299 et
1380 2256 1441 2299 vi-

53 2326 254 2371 debimus
269 2340 403 2386 quare
421 2323 550 2368 dicat.
578 2323 759 2367 Interim
782 2332 1017 2383 antequam
1037 2323 1168 2378 dicat,
1185 2325 1436 2382 charissimi,

53 2397 278 2442 advertite.
307 2394 385 2439 Ille
415 2395 490 2454 qui
522 2394 644 2454 quasi
667 2393 841 2438 territus
872 2392 1044 2437 videtur
1073 2393 1186 2437 inter
1217 2395 1437 2452 homines,

57 2487 78 2510 «
113 2466 331 2511 Terribilis
353 2475 416 2510 est
444 2480 572 2524 super
608 2468 757 2509 omnes
783 2465 899 2508 deos.
931 2483 950 2504 >a
978 2465 1203 2524 Numquid
1230 2482 1319 2510 non
1351 2467 1441 2511 fre-

54 2546 262 2583 muerunt
288 2538 466 2596 gentes?
482 2534 708 2596 Numquid
729 2551 815 2580 non
840 2534 991 2594 populi
1008 2535 1204 2581 meditati
1222 2546 1324 2580 sunt
1345 2538 1439 2582 ina-

215 2619 353 2650 cxvn.
1020 2625 1025 2627 Α
1308 2608 1359 2647 28
