1926 3339
0 0 25 240 l

8 260 11 288 r

8 315 11 353 t

7 369 11 400 ι
33 355 174 400 meriti
195 356 306 400 servi
323 356 400 400 Dei
422 371 583 401 nomen
606 356 851 401 adhibitum
870 367 960 413 est,
985 373 1036 402 ex
1050 375 1137 418 quo
1159 361 1419 420 dirigeretur

6 425 212 485 plegentis
242 425 313 471 vel
345 426 558 471 audientis
591 427 790 472 intentio.
827 447 846 469 «
874 431 906 472 F
912 437 1032 473 actus
1061 444 1104 473 es
1133 445 1234 488 ergo
1268 434 1415 488 nobis,

6 524 9 553 ,
37 515 57 538 »
91 496 258 556 inquit,
294 497 502 553 Domine,
541 496 760 556 refugium
783 497 830 542 in
862 501 1139 557 generatione
1167 510 1211 545 et
1241 517 1421 560 genera-

6 560 9 609 l
37 584 58 608 ›)
92 566 225 610 tione.
256 584 275 607 )›

5 620 9 691 l
93 640 173 681 III.
201 637 334 691 Quale
358 647 503 682 autem
526 638 744 697 refugium
765 639 907 685 factus
935 642 1003 697 sit,
1028 643 1236 703 quoniam
1258 643 1421 689 scilicet

4 727 8 753 ε
35 709 159 753 nobis
179 709 311 769 coepit
326 726 414 754 esse
433 710 554 770 quod
576 728 665 756 non
681 721 788 766 erat,
814 712 859 756 id
876 723 953 768 est,
976 713 1211 773 refugium,
1236 732 1325 760 non
1343 732 1422 760 au-

37 789 122 824 tem
143 779 233 839 ipse
257 797 347 825 non
369 791 459 825 erat
483 791 715 842 antequam
734 783 860 827 nobis
872 793 981 828 esset
996 784 1231 842 refugium,
1249 796 1421 831 secutus

4 846 8 901 ᾖ
36 849 258 911 adjunxit,
298 870 318 894 υ.
351 853 473 896 Prius
507 868 640 913 quam
679 863 849 897 montes
881 854 1061 908 fierent,
1089 864 1132 898 et
1161 854 1422 901 formaretur

3 945 6 955 ι
39 940 59 964 »
93 931 205 966 terra
227 931 269 965 et
295 923 408 966 orbis
429 932 555 967 terrae
574 959 584 977 ,
623 934 665 968 ct
693 941 716 968 a
738 924 897 969 saeculo
916 941 1055 985 usque
1077 926 1122 969 in
1144 926 1354 971 saeculum
1373 937 1423 972 tu

2 1020 5 1047 2
40 1010 60 1034 »
94 1008 138 1036 es
153 995 182 1035 ¹.
212 1011 231 1033 »
260 995 322 1037 Tu
342 1009 444 1052 ergo
462 993 721 1054 quisemper
744 1010 811 1049 es,
833 1004 876 1038 et
899 1004 1133 1055 antequam
1149 1011 1354 1052 essemus,
1380 1007 1423 1041 et

2 1058 6 1116 ἰ
38 1071 271 1123 antequam
296 1062 488 1107 mundus
510 1073 639 1119 esset,
666 1063 884 1123 refugium
903 1081 953 1108 ex
973 1082 1060 1126 quo
1089 1066 1143 1109 ad
1166 1075 1208 1110 te
1229 1068 1424 1112 conversi

2 1147 6 1199 ᾗ
36 1150 180 1179 sumus
197 1133 337 1180 factus
354 1150 396 1179 es
419 1135 560 1179 nobis.
581 1139 679 1181 Non
696 1137 803 1180 mihi
825 1146 969 1181 autem
993 1136 1166 1182 videtur
1184 1148 1423 1199 utcumque

1 1228 4 1245 ι
2 1205 368 1270 intelligendum
389 1205 511 1267 quod
538 1208 624 1262 ait,
661 1225 678 1247 «
707 1207 830 1251 Prius
860 1224 991 1267 quam
1014 1218 1182 1253 montes
1206 1210 1359 1254 flerent
1381 1219 1424 1254 et

1 1305 3 1311 ι
38 1295 58 1319 »
94 1275 353 1322 formaretur
368 1288 517 1323 terra:
541 1297 561 1319 »
582 1277 668 1333 vel,
689 1278 800 1323 sicut
823 1278 895 1322 alii
917 1279 1085 1324 codices
1107 1281 1270 1324 habent
1278 1281 1426 1341 ,quod

0 1340 4 1368 ¹
36 1347 90 1392 de
111 1364 201 1394 uno
222 1349 358 1394 verbo
381 1365 522 1409 graeco
543 1365 789 1409 expressum
813 1360 902 1405 est,
930 1370 949 1391 «
969 1351 1226 1409 Fingeretur
1244 1362 1371 1396 terra.
1401 1371 1420 1393 »

0 1433 4 1487 Ι
36 1422 206 1465 Montes
228 1421 392 1481 quippe
413 1431 555 1482 partes
573 1431 699 1466 terrae
721 1432 822 1466 sunt
839 1422 1025 1467 altiores.
1047 1426 1104 1467 Et
1127 1424 1280 1484 utique
1299 1424 1332 1468 si
1350 1440 1426 1468 an-

0 1495 4 1538 Ι
37 1501 215 1552 tequam
240 1491 502 1537 formaretur
536 1502 650 1537 terra
670 1497 788 1538 Deus
817 1503 910 1548 est,
938 1510 960 1537 a
996 1510 1084 1554 quo
1107 1504 1219 1538 terra
1242 1494 1427 1539 formata

39 1572 133 1608 est:
158 1562 266 1623 quid
287 1578 496 1622 magnum
520 1562 575 1607 de
595 1563 820 1608 montibus
841 1529 911 1607 vel
933 1564 1203 1624 quibuslibet
1223 1565 1312 1609 aliis
1337 1567 1429 1626 ejus

0 1646 1 1676 1
39 1634 235 1695 partibus
261 1633 447 1689 dicitur,
471 1650 574 1679 cum
609 1634 663 1679 sit
692 1637 804 1679 Deus
831 1651 921 1679 non
946 1634 1088 1679 solum
1117 1645 1217 1679 ante
1240 1645 1425 1690 terram,

0 1759 1 1762 Ἴ
40 1703 116 1750 sed
139 1713 182 1749 et
204 1713 305 1749 ante
327 1704 490 1749 coelum
508 1714 552 1749 et
573 1713 746 1760 terram,
772 1714 815 1748 et
845 1715 946 1749 ante
969 1721 1143 1750 omnem
1161 1706 1431 1765 corporalem

0 1829 1 1835 ¹
41 1775 365 1836 spiritalemque
387 1777 658 1820 creaturam?
679 1775 762 1821 Sed
780 1776 988 1819 nimirum
1013 1777 1212 1820 universa
1235 1787 1431 1821 creatura

41 1846 260 1891 rationalis
282 1847 364 1891 hae
398 1846 645 1891 differentia
670 1846 849 1891 fortasse
873 1847 1074 1891 distincta
1099 1856 1186 1901 est,
1219 1858 1268 1891 ut
1302 1863 1431 1891 mon—

0 1966 1 1975 ,
42 1916 152 1962 tium
182 1917 360 1962 nomine
402 1917 702 1977 significentur
743 1917 1020 1962 celsitudines
1056 1917 1322 1976 Angelorum
1345 1953 1354 1972 ,
1390 1927 1433 1962 et

0 2023 1 2026 η
43 1997 168 2033 terrae
189 1989 366 2033 nomine
391 1987 614 2032 humilitas
635 1989 879 2032 hominum.
916 1991 972 2033 Et
995 1987 1093 2032 ideo
1125 1990 1320 2049 quamvis
1339 2005 1434 2032 om-

0 2066 1 2099 ]
44 2058 116 2103 nia
137 2075 237 2120 quae
260 2068 401 2103 creata
429 2068 547 2113 sunt,
576 2060 919 2116 nonincongrue
940 2059 1009 2103 vel
1030 2058 1141 2103 facta
1158 2056 1228 2102 vel
1250 2057 1435 2103 formata

46 2130 248 2176 dicantur
269 2150 277 2176 ι
303 2140 448 2175 tamen
470 2130 504 2175 si
525 2131 762 2175 verborum
778 2131 961 2175 istorum
984 2140 1046 2174 est
1067 2129 1156 2174 ulla
1174 2131 1430 2190 proprietas,

0 2198 1 2248 ἶ
48 2201 155 2246 facti
172 2210 273 2246 sunt
286 2201 458 2261 Angeii,
475 2202 666 2262 quicum
689 2203 735 2245 in
753 2203 843 2262 ejus
856 2201 1104 2245 coelestibus
1123 2216 1434 2244 enumeraren-

48 2281 120 2317 tur
146 2273 373 2333 operibus,
410 2274 469 2318 ita
500 2273 769 2317 enumeratio
804 2273 894 2332 ipsa
930 2271 1134 2316 conclusa
1165 2281 1253 2326 est,
1284 2291 1303 2313 «
1339 2275 1436 2331 Ipse

51 2363 72 2386 »
107 2343 236 2400 dixit,
262 2354 306 2389 et
327 2343 441 2389 facta
461 2354 588 2403 sunt3
616 2344 708 2404 ipse
737 2344 976 2396 mandavit,
1006 2353 1049 2387 et
1071 2352 1213 2387 creata
1235 2347 1381 2396 sunt2.
1410 2361 1430 2383 n

52 2414 176 2460 Unde
205 2424 350 2459 autem
370 2416 502 2460 homo
525 2414 764 2459 secundum
795 2431 951 2474 corpus
972 2415 1237 2469 fieret,terra
1252 2412 1436 2458 formata

51 2496 128 2530 est.
153 2489 263 2531 Nam
295 2487 378 2530 hoc
417 2487 548 2530 verbo
573 2487 794 2545 Scriptura
827 2487 980 2540 utitur,
1000 2486 1078 2529 ubi
1108 2485 1306 2543 legimus,
1347 2483 1432 2538 vel,

57 2577 74 2598 «
94 2558 358 2602 FinxitDeus
370 2579 380 2616 3
392 2580 408 2599 »
426 2558 509 2609 vel,
525 2578 543 2600 «
563 2559 784 2604 Formavit
801 2561 914 2602 Deus
926 2557 1149 2603 hominem
1163 2556 1217 2600 de
1229 2556 1334 2601 limo
1358 2565 1439 2600 ter-

103 2651 110 2665 ἱ
132 2643 213 2675 psal.
235 2641 413 2685 Lxxxrx,}2.
434 2660 474 2664 —
497 2650 508 2665 ²
527 2643 574 2675 Id.
590 2653 714 2682 carvin,
735 2642 765 2674 5.

358 291 599 320 ENARRATIO
632 295 675 320 [Ν
708 293 911 320 rsALMtM
944 294 1111 321 Lxxxix.
1335 290 1416 327 985
