1926 3339
449 305 534 347 248
881 318 915 347 s.
951 318 1181 351 Amissum
1211 320 1392 349 Emscom

449 494 661 511 mmm
664 494 1226 512 &wlmmmuwvlm

921 639 1299 690 ENARRATIO
1338 642 1358 688 Ι

764 803 824 841 ΙΝ
863 800 1166 843 PSALMUM
1210 799 1530 839 LXXXVIII.

1035 944 1204 981 SERMO
1232 945 1289 980 1¹.

872 1083 934 1125 De
956 1080 1092 1140 prima
1113 1089 1234 1142 parte
1257 1078 1430 1124 Psalmi.

514 1229 550 1272 I.
573 1229 787 1270 PSALMUM
811 1226 958 1282 istum,
982 1226 1037 1270 de
1057 1242 1146 1286 quo
1167 1225 1289 1287 loqui
1307 1226 1611 1286 proposuimus
1634 1224 1844 1270 Charitati

454 1300 634 1352 Vestrae,
660 1297 852 1341 donante
875 1297 1076 1353 Domino,
1101 1297 1282 1357 accipite
1303 1297 1358 1342 de
1380 1313 1454 1357 spe
1476 1312 1606 1358 quam
1632 1297 1844 1340 habemus
1892 1323 1895 1358 ἑ

456 1368 502 1411 in
521 1368 693 1412 Christo
715 1370 818 1412 Jesu
840 1369 1027 1413 Domino
1050 1378 1197 1414 nostro
1226 1388 1234 1413 ε
1260 1378 1302 1412 et
1339 1369 1487 1424 erigite
1515 1368 1705 1422 animos,
1741 1367 1845 1427 quia
1892 1378 1895 1405 ῖ

455 1436 529 1483 illc
552 1439 626 1498 qui
648 1439 870 1498 promisit,
906 1439 966 1482 ita
998 1448 1154 1483 caetera
1184 1438 1480 1497 completurus
1513 1447 1604 1493 est,
1637 1446 1686 1481 ut
1707 1437 1846 1481 multa

457 1508 706 1568 complevit.
728 1512 810 1554 Dat
823 1509 938 1553 enim
954 1509 1077 1553 nobis
1095 1509 1150 1554 ad
1171 1525 1271 1553 eum
1287 1510 1509 1564 fiduciam,
1530 1524 1619 1553 non
1641 1508 1846 1551 meritum
1893 1555 1896 1570 ἱ

456 1588 653 1623 nostrum
673 1614 684 1634 ,
719 1579 796 1623 sed
827 1578 942 1623 illius
969 1578 1276 1624 misericordia.
1314 1581 1372 1623 Et
1393 1579 1483 1637 ipse
1515 1587 1605 1633 est,
1631 1587 1847 1637 quantum
1894 1579 1896 1584 ’

458 1649 668 1704 arbitror,
698 1669 718 1692 «
745 1648 996 1694 Intellectus
1026 1651 1190 1695 AEthan
1221 1649 1424 1694 Israelitae
1439 1652 1503 1707 (5)
1532 1669 1541 1693 :
1572 1667 1592 1690 »
1619 1647 1736 1692 unde
1767 1649 1848 1691 iste
1894 1686 1897 1701 ,

459 1719 654 1764 Psalmus
676 1719 854 1763 titulum
878 1720 1058 1779 accepit.
1092 1720 1262 1764 Videris
1286 1720 1401 1763 enim
1429 1719 1523 1779 quis
1540 1720 1671 1763 homo
1697 1718 1844 1773 fuerit,
1894 1774 1897 1782 ι

459 1791 535 1851 qui
558 1791 796 1834 vocabatur
817 1791 980 1834 AEthan
1012 1811 1021 1836 2
1058 1791 1359 1850 interpretatio
1382 1800 1528 1834 tamen
1550 1789 1738 1833 nominis
1763 1789 1849 1832 hu-
1895 1786 1898 1815 ²

453 1863 524 1922 jus
547 1862 794 1905 Robustum
825 1861 1002 1905 indicat.
1036 1864 1093 1905 Et
1114 1877 1242 1905 nemo
1264 1861 1308 1904 in
1341 1861 1424 1905 hoc
1454 1860 1612 1904 saeculo
1645 1860 1850 1904 robustus

457 1941 521 1976 est
537 1967 548 1987 ‚
580 1932 661 1975 nisi
688 1932 733 1975 in
765 1947 839 1990 spe
863 1931 1155 1991 promissionis
1180 1932 1272 1975 Dei.
1309 1934 1532 1985 Quantum
1553 1931 1667 1974 enim
1693 1930 1849 1974 attinet
1896 1924 1898 1974 Ϊ

458 2002 515 2046 ad
531 2002 683 2045 merita
705 2011 867 2056 nostra,
893 2002 1054 2045 infirmi
1075 2017 1224 2046 sumus
1251 2022 1260 2046 ;
1286 2011 1500 2062 quantum
1523 2001 1578 2044 ad
1606 2002 1697 2060 ejus
1718 2000 1848 2044 mise-
1896 2034 1899 2062 ἱ

457 2072 705 2127 riom-diam,
737 2072 904 2116 robusti
928 2088 1091 2116 sumus.
1122 2075 1276 2132 Itaque
1304 2073 1384 2116 iste
1411 2072 1608 2116 infirmus
1633 2072 1678 2115 in
1700 2086 1760 2127 se,
1782 2086 1850 2116 ro-

457 2142 612 2187 bustus
635 2143 680 2186 in
704 2141 998 2186 misericordia
1022 2143 1114 2196 Dei,
1139 2141 1242 2186 inde
1267 2142 1416 2202 coepit.
1897 2184 1900 2194 ,

517 2216 577 2257 ΙΙ.
598 2233 617 2254 α
636 2212 950 2257 Misericordias
973 2221 1084 2268 tuas,
1105 2213 1303 2267 Domine,
1329 2213 1374 2256 in
1397 2221 1611 2256 aeternum
1627 2211 1815 2257 cantabo
1835 2231 1845 2257 :
1897 2217 1901 2273 ξ

458 2302 478 2326 >›
514 2284 560 2327 in
584 2283 908 2343 generationem
925 2292 969 2327 et
985 2284 1304 2340 generationem
1325 2283 1598 2327 annuntiabo
1617 2283 1849 2327 veritatem
1898 2295 1902 2342 ᾗ

459 2373 479 2395 »
517 2364 637 2399 tuam
654 2354 700 2397 in
715 2370 788 2398 ore
810 2357 942 2398 meo‘2.
966 2371 986 2394 »
1012 2354 1321 2414 Obsequantur
1339 2354 1549 2406 membra,
1573 2353 1733 2413 inquit,
1752 2368 1850 2398 mea
1899 2371 1901 2374 ·

457 2424 644 2468 Domino
666 2440 763 2469 meo
791 2444 800 2469 ε
825 2424 998 2484 loquor,
1024 2423 1100 2467 sed
1123 2433 1195 2467 tua
1217 2423 1375 2484 loquor
1401 2444 1409 2468 ;
1431 2443 1451 2465 «
1474 2423 1758 2468 Annuntiabo
1779 2438 1849 2467 ve-
1898 2451 1903 2478 ς

457 2514 477 2537 »
514 2496 687 2540 ritatem
715 2505 837 2539 tuam
869 2495 913 2538 in
949 2510 1023 2539 ore
1050 2511 1163 2539 meo.
1187 2514 1207 2536 »
1237 2497 1279 2540 Si
1304 2511 1392 2540 non
1416 2496 1661 2555 obsequor,
1697 2509 1846 2539 servus
1898 2487 1903 2529 ἓ

499 2611 509 2627 ¹
527 2604 661 2636 Habitus
680 2608 728 2635 est
745 2604 804 2636 iste
821 2605 932 2635 Sermo
947 2604 1111 2636 matutinis
1134 2604 1219 2635 horis
1239 2605 1269 2636 in
1289 2606 1461 2645 Martyrum
1478 2604 1687 2645 quorumdam
1704 2601 1840 2635 celebri—

456 2663 536 2692 tate.
557 2677 598 2682 —
619 2667 631 2682 ²
651 2659 730 2691 psal.
753 2670 906 2697 mxxviii,
922 2667 953 2689 2.

1440 494 1647 510 mmm
1651 493 1830 510 MMMW
1886 507 1887 511 ,
