1926 3339
437 286 678 318 ENARRATIO
709 289 755 316 IN
787 285 989 316 PsALMUM
1021 289 1117 316 xcv.
1367 278 1447 318 441

75 355 129 400 de
146 355 346 411 oleastro,
367 363 410 399 et
428 355 575 399 inserti
592 355 638 398 in
661 352 813 398 oliva1.
839 372 860 396 «
887 356 1009 397 Tunc
1030 352 1292 398 exultabunt
1308 355 1454 400 omnia

75 443 96 468 n
131 425 246 485 ligna
268 426 487 484 sylvarum
507 445 515 470 z
533 425 634 485 quia
649 424 839 484 praecisae
853 433 955 468 sunt
970 424 1164 482 ingentes
1187 424 1360 468 arbores
1382 440 1452 469 ce-

73 495 210 541 drinae
233 506 276 540 et
301 497 593 555 cyparissinae,
620 505 664 540 et
684 494 968 555 imputribilia
992 495 1107 553 ligna
1125 494 1330 539 translata
1352 504 1454 539 sunt

73 566 128 612 ad
149 567 478 611 aedificationem
503 567 698 611 domus².
725 566 860 625 Ligna
875 565 1095 623 sylvarum
1115 573 1252 620 erant,
1275 565 1351 609 sed
1373 581 1453 609 an-

71 646 248 697 tequam
265 638 378 681 irent
392 638 437 680 in
459 637 692 681 aedificium
719 656 728 681 2
751 636 869 695 ligna
883 635 1103 694 sylvarum
1121 645 1258 691 erant,
1285 636 1360 680 sed
1376 651 1455 680 an-

16 712 17 715 ’
70 717 249 768 tequam
267 708 423 753 olivam
442 717 657 768 parerent.

129 781 250 823 XIV.
282 799 298 818 «
329 782 450 823 Tunc
478 778 739 822 exultabunt
766 777 910 822 omnia
934 776 1051 836 ligna
1073 778 1295 835 sylvarum
1318 812 1329 832 ‚
1355 785 1456 821 ante

73 866 94 890 n
130 849 286 892 faeiem
304 849 491 903 Domini,
518 850 724 908 quoniam
736 848 869 902 venit,
893 848 1099 907 quoniam
1123 848 1244 891 venit
1259 846 1456 906 judicare

74 936 95 960 »
131 921 331 963 terram-3.
357 938 377 960 »
407 921 553 963 Primo
572 920 712 973 venit,
739 928 782 962 et
802 928 950 978 postea
977 926 1187 961 venturus
1208 927 1285 961 est.
1312 917 1457 961 Primo

71 990 244 1035 venitin
260 990 451 1034 Ecclesia
467 991 601 1034 suain
618 990 824 1033 nubibus.
846 993 951 1042 Quae
969 998 1071 1033 sunt
1087 989 1227 1033 nubes
1243 993 1341 1049 quae
1358 1003 1458 1032 eum

70 1063 385 1121 portaverunt?
418 1061 613 1121 Apostoli
637 1060 943 1121 praedieantes,
975 1061 1030 1104 de
1059 1060 1221 1120 quibus
1256 1059 1457 1114 audistis,

69 1147 169 1177 cum
191 1133 409 1191 legeretur
427 1132 685 1192 Apostolus:
704 1151 722 1173 «
739 1132 990 1190 Legafflone,
1008 1131 1166 1192 inquit,
1193 1146 1272 1190 pro
1287 1130 1460 1175 Christo

71 1222 92 1245 »
128 1203 370 1261 fungimur,
397 1204 668 1248 obsecrantes
691 1219 770 1263 pro
793 1204 966 1248 Christo
989 1201 1256 1246 reconciliari
1278 1207 1363 1245 Deo
1379 1201 1409 1244 ⁴.
1437 1218 1456 1241 »

69 1277 179 1334 Ipsae
197 1284 299 1318 sunt
316 1275 454 1319 nubes
469 1276 513 1318 in
533 1275 691 1335 quibus
708 1274 1039 1334 venit‚exeepto
1061 1273 1252 1318 adventu
1266 1288 1343 1317 suo
1362 1287 1462 1331 pos-

71 1346 244 1400 teriore,
266 1362 355 1406 quo
378 1350 588 1390 venturus
611 1355 674 1390 est
684 1345 882 1406 judicare
898 1347 1017 1389 vivos
1036 1355 1079 1389 et
1100 1354 1310 1389 mortuos.
1330 1343 1462 1387 Venit

67 1417 209 1476 primo
227 1417 271 1460 in
294 1417 503 1461 nubibus.
532 1420 635 1461 Haec
657 1417 800 1476 primo
822 1432 906 1460 vox
926 1417 1060 1475 ipsius
1081 1415 1227 1460 sonuit
1244 1415 1288 1458 in
1312 1417 1460 1458 Evan-

69 1486 181 1545 gelio
210 1506 218 1531 ε
249 1506 268 1528 «
295 1490 331 1530 Α
354 1487 485 1531 modo
515 1486 716 1530 videbitis
740 1486 899 1530 Filium
924 1486 1113 1530 hominis
1135 1485 1382 1529 venientem
1415 1484 1462 1527 in

73 1578 92 1599 »
128 1558 364 1602 nubibus-⁵.
399 1577 419 1598 n
448 1559 562 1611 Quid
590 1567 678 1612 est,
721 1577 740 1600 «
771 1561 808 1601 Α
838 1558 995 1602 modo?
1024 1578 1041 1598 »
1066 1560 1221 1602 Nonne
1254 1555 1461 1599 Dominus

67 1638 216 1688 postea
234 1637 444 1672 venturus
467 1637 545 1683 est,
567 1627 745 1688 quando
768 1643 812 1671 se
829 1627 1041 1687 plangent
1055 1642 1203 1671 omnes
1221 1626 1360 1670 tribus
1378 1634 1463 1668 ter-

66 1687 299 1742 rae?'Prius
321 1699 439 1742 venit
461 1699 506 1741 in
528 1698 889 1757 praedicatoribus
911 1697 1013 1751 suis,
1041 1707 1083 1741 et
1104 1696 1301 1756 implevit
1318 1705 1461 1739 totum

67 1770 219 1813 orbem
241 1779 470 1812 terrarum.
499 1771 596 1812 Non
619 1769 864 1812 resistamus
887 1768 1028 1826 primo
1049 1767 1272 1821 adventui,
1299 1776 1349 1810 ut
1370 1781 1461 1810 non

67 1856 399 1900 expavescamus
441 1839 696 1884 secundum.
736 1842 792 1883 Et
823 1855 888 1882 vae
917 1848 1024 1883 {une
1057 1837 1386 1897 praegnantibus
1417 1846 1461 1881 et

70 1929 91 1952 »
126 1912 480 1955 mammantibus.
509 1929 529 1951 »
557 1910 747 1955 Audistis
785 1910 918 1953 modo
956 1910 1003 1952 in
1036 1908 1308 1966 Evangelio:
1336 1909 1459 1952 «Ca-

70 2000 90 2023 »
125 1991 237 2037 vete,
264 1983 365 2042 quia
395 1981 566 2025 nescitis
590 1997 676 2041 qua
709 1981 815 2024 hora
841 1979 1029 2023 veniatss.
1056 1997 1076 2019 »
1112 1982 1163 2022 In
1186 1979 1324 2036 figura
1344 1976 1460 2022 dieta

68 2062 184 2097 sunt.
206 2057 310 2106 Quae
328 2062 429 2097 sunt
449 2061 741 2113 prsegnantes,
768 2060 811 2095 et
824 2067 922 2110 quae
941 2059 1043 2094 sunt
1064 2049 1300 2094 lactantes?
1318 2053 1461 2107 Praeg-

68 2133 220 2168 nantes
259 2125 414 2168 animae
453 2124 676 2178 dicuntur,
710 2138 809 2182 quse
836 2122 1001 2164 habent
1038 2136 1159 2180 spem
1198 2121 1242 2182 5,ss
1281 2120 1455 2164 saeculo.

70 2199 175 2248 Quae
199 2204 341 2239 autem
366 2194 535 2254 adeptae
555 2203 657 2238 sunt
670 2195 761 2253 jam
776 2191 897 2253 quod
913 2194 1161 2252 sperabant,
1187 2206 1267 2250 pro
1289 2191 1459 2234 laetan-

69 2265 186 2309 tibus
223 2275 325 2310 sunt
357 2266 522 2325 positae.
562 2265 721 2309 Verbia
755 2265 888 2322 gratia
921 2283 929 2307 ι
960 2278 1103 2306 emere
1144 2261 1240 2306 vult
1260 2261 1456 2320 ·villam;

68 2351 297 2396 praegnans
320 2346 408 2391 est,
435 2335 632 2380 nondum
657 2335 771 2378 enim
798 2333 963 2378 factum
981 2342 1060 2388 est,
1087 2341 1227 2376 tumet
1249 2342 1398 2376 uterus
1415 2332 1460 2375 in

71 2422 145 2465 spe
178 2426 186 2450 :
220 2407 348 2463 emit3
381 2406 563 2465 peperit,
589 2406 697 2449 adeo
720 2405 853 2449 laetat
881 2403 1001 2465 quod
1023 2404 1142 2447 emit.
1175 2422 1193 2444 «
1218 2405 1295 2446 Vae
1318 2418 1461 2462 praeg-

74 2496 93 2518 υ
130 2477 335 2521 nantibus
358 2486 401 2521 et
429 2476 768 2520 mammantibus
802 2496 811 2520 :
843 2495 863 2517 >›
889 2492 954 2520 vae
982 2476 1057 2535 qui
1085 2474 1251 2518 habent
1273 2489 1389 2533 spem
1415 2474 1459 2516 in

120 2581 128 2596 ¹
150 2576 241 2606 Rom.
263 2586 305 2615 xn,
327 2585 378 2616 ¹7·
396 2592 439 2597 ·—
456 2581 468 2597 2
491 2574 506 2604 ’ὖ
523 2577 599 2614 Rog.
621 2585 652 2614 v,
668 2574 701 2606 6.
718 2591 760 2596 —-
782 2572 889 2605 3Psal.
906 2584 979 2614 xcv,
1000 2573 1049 2604 13,
1067 2589 1108 2594 —
1127 2571 1143 2601 4
1162 2581 1180 2603 2
1196 2573 1266 2604 Cor.
1287 2582 1318 2612 v,
1339 2581 1391 2602 ρο.
1413 2586 1453 2592 -
1473 2602 1480 2607 ,

75 2627 89 2651 5
114 2631 209 2661 Marc.
235 2641 300 2671 xm,
322 2631 374 2662 26.
394 2647 435 2653 —
454 2628 561 2661 6ΙΙήμΙ.
587 2640 623 2671 ¹7
641 2633 673 2661 et
695 2629 746 2661 33.
