1926 3339
493 357 574 395 308
913 362 947 390 s.
984 363 1214 391 Aueusfnm
1247 364 1426 390 Emscom

489 431 681 477 hementi
699 429 1014 490 persecutione,
1040 438 1084 472 et
1105 427 1265 472 faciens
1287 442 1466 486 magnos
1490 435 1619 471 aestus
1638 427 1767 470 etiam
1783 425 1874 469 for-
1921 454 1924 482 ξ

488 503 623 547 tibus.
647 500 807 546 Audite
829 500 944 543 enim
974 498 1081 558 quid
1105 508 1303 543 secutum
1325 500 1408 542 sit?
1431 501 1544 543 Cum
1565 496 1772 542 vidissent
1788 494 1873 537 ini·

487 575 588 618 mici
609 571 729 634 quod
750 570 877 614 multi
898 569 1153 614 festinarent
1166 570 1219 613 ad
1237 570 1511 627 martyrium,
1532 577 1575 612 et
1593 575 1714 611 tanto
1730 564 1874 625 plures
1920 599 1922 619 3

487 644 713 689 crederent
734 641 780 684 in
806 640 1027 685 Christum
1044 674 1055 693 ‚
1081 648 1246 698 quanto
1271 639 1417 698 plures
1439 639 1732 698 patiebantur,
1760 634 1875 679 dixe·
1920 678 1921 683 ,

487 723 589 759 runt
617 712 735 771 apud
759 726 825 765 se,
851 711 937 755 Nos
965 710 1147 754 occisuri
1173 725 1322 753 sumus
1345 725 1480 768 genus
1511 709 1752 752 humanum
1774 739 1785 761 ,
1810 713 1876 750 tot

486 783 619 828 millia
642 797 742 842 quae
763 779 949 825 credunt
970 780 1016 823 in
1053 780 1136 824 hoe
1162 780 1338 823 nomine
1365 800 1373 824 :
1399 780 1433 824 si
1462 778 1746 824 occiderimus
1778 791 1875 821 om-
1918 803 1921 838 g

485 871 576 910 nes,
602 868 737 914 prope
760 850 907 895 nullus
939 851 985 894 in
1007 860 1120 895 terra
1145 851 1401 895 remanebit.
1429 852 1575 911 Coepit
1601 849 1766 894 fervere
1792 847 1871 903 sol,
1918 855 1921 903 j

484 927 619 986 eoepit
650 923 815 970 fervere
844 932 988 967 aestus.
1021 923 1182 967 Audite
1219 923 1335 967 enim
1359 922 1466 983 quid
1491 922 1725 982 jusserint:
1759 924 1876 973 Quo-

486 996 618 1042 modo
660 1004 786 1039 antea
823 995 1040 1054 jusserant
1075 1013 1084 1038 ε
1118 993 1391 1053 Quicumque
1422 992 1642 1037 confessus
1672 1007 1715 1036 se
1744 989 1877 1035 fuerit
1916 1009 1919 1035 2

486 1067 805 1121 Christianum,
852 1064 1032 1109 feriatur
1060 1084 1068 1109 :
1094 1066 1319 1125 jusserunt
1360 1074 1508 1124 postea
1550 1083 1559 1108 ι
1604 1062 1876 1121 Quicumque
1916 1096 1918 1118 2

486 1137 707 1183 confessus
741 1152 785 1180 se
814 1135 948 1179 fuerit
976 1136 1292 1190 Christianum,
1319 1144 1607 1195 torqueatur,
1649 1143 1692 1177 et
1722 1132 1877 1176 tandiu
1915 1182 1917 1190 A

484 1216 757 1269 torqueatur,
785 1205 925 1250 donec
945 1215 1074 1264 neget
1089 1221 1132 1249 se
1149 1221 1238 1249 esse
1255 1206 1593 1250 Christianum&
1617 1206 1877 1262 Comparate
1915 1221 1918 1228 ·

485 1279 683 1336 sagittam
706 1276 925 1321 volantem
951 1291 1027 1335 per
1045 1275 1161 1319 diem
1177 1311 1188 1331 ,
1213 1284 1256 1319 et
1277 1275 1545 1320 daemonium
1567 1273 1872 1318 meridianum.
1914 1314 1916 1318 ,

488 1349 651 1406 Sagitta
664 1346 813 1391 volans
827 1361 902 1405 per
918 1345 1033 1390 diem
1060 1345 1169 1405 quid
1192 1345 1316 1389 erat?
1338 1346 1423 1399 Qui
1438 1361 1481 1390 se
1503 1344 1724 1390 confessus
1746 1343 1878 1387 fuerit
1912 1360 1915 1389 5

485 1418 804 1472 Christianum,
838 1414 1032 1460 feriatur.
1059 1415 1165 1468 Quis
1192 1415 1332 1460 fidelis
1356 1431 1452 1461 eam
1479 1416 1629 1460 mortis
1658 1413 1877 1460 celeritate

485 1504 575 1535 non
603 1487 871 1532 declinaret?
898 1485 1015 1530 Illud
1043 1495 1188 1530 autem
1217 1505 1225 1531 ε
1261 1487 1304 1531 Si
1336 1502 1380 1531 se
1411 1487 1645 1531 confitetur
1678 1485 1902 1531 Christia-·

485 1575 609 1615 num,
638 1574 728 1604 non
750 1557 998 1615 occidatur,
1020 1556 1096 1601 sed
1125 1566 1378 1622 torqueatur
1394 1593 1405 1613 ,
1431 1557 1570 1602 donec
1598 1566 1751 1616 neget,
1778 1557 1812 1600 si
1834 1571 1878 1600 se
1909 1571 1912 1591 ε’

485 1630 723 1690 negaverit,
743 1628 987 1673 dimittatur
1008 1648 1016 1673 :
1038 1628 1305 1672 daemonium
1320 1628 1609 1673 meridianum
1627 1637 1732 1672 erat.
1747 1626 1878 1673 Multi

485 1719 588 1762 ergo
611 1718 699 1746 non
720 1709 927 1759 negantes
947 1701 992 1743 in
1023 1701 1247 1744 tormentis
1269 1698 1533 1744 deficiebant
1554 1720 1563 1745 ι
1584 1699 1739 1744 tandiu
1761 1699 1878 1743 enim

486 1773 806 1833 torquebantur
821 1805 831 1825 ,
856 1770 995 1815 donec
1018 1780 1240 1828 negarent.
1269 1771 1648 1815 Perseverantibus
1667 1779 1812 1814 autem
1833 1770 1878 1814 in

485 1859 576 1888 non
600 1841 802 1901 negando
830 1841 1080 1895 Christum,
1107 1839 1216 1901 quid
1244 1840 1438 1886 facturus
1465 1851 1556 1886 erat
1573 1840 1757 1899 gladius,
1788 1856 1877 1885 uno

485 1917 576 1960 ictu
599 1912 838 1959 occidendo
860 1927 1018 1972 eorpus
1034 1948 1045 1968 ,
1070 1912 1258 1956 animam
1283 1913 1337 1957 ad
1361 1916 1499 1958 Deum
1517 1912 1761 1957 mittendo?
1784 1915 1877 1957 Hoc

487 1985 708 2030 faciebant
729 1993 773 2028 et
794 1983 1000 2028 diuturna
1017 1992 1247 2028 tormenta.
1278 1983 1362 2029 Sed
1388 1985 1484 2045 quis
1506 1983 1682 2028 tandem
1708 1984 1877 2028 inveni-
1904 1995 1907 2036 ῥ

487 2066 623 2111 retur,
647 2055 721 2116 qui
735 2054 912 2098 duraret
929 2053 1133 2099 adversus
1155 2063 1298 2098 tantos
1315 2063 1358 2098 et
1375 2064 1463 2098 tam
1476 2053 1629 2113 longos
1642 2055 1878 2098 cruciatus?
1903 2070 1907 2097 s

487 2126 616 2171 Multi
638 2124 892 2169 defecerunt
919 2144 927 2169 :
949 2134 992 2169 et
1009 2124 1155 2179 eredo,
1174 2123 1237 2168 illi
1251 2123 1521 2179 defecerunt,
1543 2126 1620 2184 qui
1643 2125 1697 2168 de
1707 2140 1752 2169 se
1766 2140 1879 2184 prae-
1924 2162 1926 2164 .

487 2205 781 2256 sumpserunt,
806 2195 881 2255 qui
895 2210 984 2239 non
1005 2195 1264 2238 habitabant
1283 2196 1327 2239 in
1350 2194 1565 2254 adjutorio
1587 2195 1809 2250 Altissimi,
1834 2204 1880 2239 et-
1901 2219 1904 2226 ν

487 2270 532 2313 in
552 2268 820 2327 protectione
848 2265 925 2310 Dei
947 2265 1047 2310 coeli
1073 2284 1083 2312 :
1108 2266 1184 2326 qui
1206 2282 1294 2310 non
1317 2265 1522 2310 dixerunt
1543 2266 1745 2322 Domino,
1773 2269 1876 2311 Sus·
1900 2273 1904 2309 ἓ

487 2349 636 2400 ceptor
659 2354 781 2382 meus
804 2353 846 2381 es
867 2357 875 2382 ε
902 2337 976 2397 qui
997 2353 1086 2381 non
1105 2337 1186 2381 sub
1211 2337 1367 2381 umbra
1385 2338 1552 2381 alarum
1573 2340 1665 2398 ejus
1683 2353 1877 2398 sperave·
1900 2327 1904 2377 ,³

487 2421 616 2465 runt,
647 2409 722 2454 sed
748 2409 912 2453 viribus
933 2409 1018 2452 suis
1044 2409 1236 2452 multum
1264 2408 1496 2454 dederunt.
1523 2410 1685 2470 Dejecti
1720 2418 1820 2454 sunt
1852 2426 1877 2455 a
1899 2431 1902 2470 ᾗ

487 2486 577 2527 Deo
594 2517 604 2536 ,
625 2491 675 2524 ut
693 2478 938 2524 ostenderet
958 2479 1041 2523 illis
1064 2479 1166 2539 quia
1191 2480 1280 2539 ipse
1301 2481 1494 2539 protegit
1508 2516 1519 2535 ‚
1546 2481 1635 2540 ipse
1663 2488 1876 2539 temperat
1896 2493 1901 2539 j

485 2553 768 2606 tentationes,
804 2551 896 2609 ipse
918 2559 1090 2594 tantum
1111 2550 1259 2594 venire
1288 2551 1527 2610 permittit,
1553 2560 1765 2611 quantum
1793 2566 1900 2610 P0·{

489 2633 569 2668 test
590 2622 703 2667 ferre
725 2623 794 2666 cui
813 2621 944 2666 venit.

536 2717 542 2732 ¹
566 2710 642 2740 Vide
661 2707 885 2740 Tertullianum
907 2707 936 2738 in
957 2706 1163 2748 Apologetico
1182 2731 1188 2747 7
1209 2718 1237 2737 c,
1258 2714 1287 2737 2.
