1926 3339
387 308 627 338 ENAnnArio
660 310 705 337 m
737 307 941 337 PsALMUM
975 308 1138 335 Lxxxu.
1361 298 1441 336 137

112 378 192 420 XI.
228 376 312 422 Sed
334 374 440 435 quid
458 375 683 434 sequitur?
705 393 724 416 «
744 377 857 419 Deus
880 389 1001 418 meus
1018 409 1028 428 ‚
1047 388 1162 433 pone
1179 371 1274 417 illos
1297 383 1348 417 ut
1370 389 1442 418 ro-

57 465 78 489 »
113 455 202 490 tam
221 448 251 489 ¹.
282 464 302 487 »
337 445 659 490 Convenienter
690 442 868 504 quidem
903 443 1138 503 accipitur,
1173 452 1224 487 ut
1246 458 1335 487 non
1357 444 1443 487 sint

54 515 100 560 in
118 531 169 560 eo
191 514 311 575 quod
328 515 519 572 cogitant
539 513 712 558 stabiles
734 533 742 558 z
770 522 1069 558 verumtamen
1090 513 1221 556 etiam
1245 513 1303 556 sic
1327 522 1442 556 recte

54 601 178 646 posse
210 585 395 643 intelligi
434 586 652 640 existimo,
683 603 701 626 t<
739 588 858 629 Pone
881 583 977 629 illos
1002 593 1052 627 ut
1074 593 1235 638 rotam,
1270 601 1290 623 »
1321 584 1442 643 quod

53 666 144 701 rota
164 671 213 700 ex
230 657 296 700 his
318 672 417 715 quae
440 665 555 700 retro
578 665 679 700 sunt
701 655 937 711 extollitur,
952 672 1002 700 cx
1021 657 1085 700 his
1105 671 1204 716 quae
1224 664 1323 699 ante
1340 663 1443 698 sunt

53 726 253 787 dejicitur
275 746 283 770 ε
315 727 373 770 sic
396 727 510 771 fiunt
537 743 686 771 omnes
722 727 886 770 inimici
914 725 1067 786 populi
1090 727 1182 770 Dei.
1207 727 1305 785 Non
1328 725 1442 768 enim

54 798 148 841 haec
170 797 356 856 optatio,
378 797 452 841 sed
475 798 750 857 prophetatio
769 806 846 840 est.
869 796 1081 857 Adjungit
1102 797 1231 840 etiam
1255 815 1262 840 :
1284 815 1302 837 «
1325 795 1444 840 Sicut

57 885 77 908 »
112 866 317 927 stipulam
341 877 441 911 ante
462 866 616 911 facicm
635 867 807 910 venti.»
831 867 1004 910 Faciem
1029 865 1133 910 dicit
1151 865 1439 925 praesentiam.

54 939 163 982 Nam
183 953 282 997 quae
304 936 434 981 facies
454 947 518 982 est
538 937 658 981 venti
676 972 687 992 ,
715 937 787 981 cui
805 936 927 980 nulla
952 936 1207 980 liniamenta
1230 943 1332 978 sunt
1353 950 1446 979 cor-

54 1007 169 1068 poris
188 1029 198 1066 3
223 1023 323 1052 cum
346 1009 399 1052 sit
418 1017 577 1062 motus,
602 1008 648 1051 id
670 1017 755 1064 est,
783 1008 906 1068 quasi
928 1007 1087 1051 fluctus
1105 1006 1242 1050 aeris?
1260 1006 1444 1050 Ponitur

56 1087 201 1123 autem
236 1094 315 1138 pro
354 1078 594 1123 tentatione
615 1114 626 1134 ,
666 1094 753 1139 qua
793 1077 905 1123 levia
949 1086 993 1122 et
1026 1077 1169 1122 inania
1206 1076 1338 1122 corda
1371 1092 1444 1122 ra-

56 1151 253 1210 piuntur.

112 1224 213 1266 XII.
239 1221 476 1266 Levitatem
505 1237 657 1281 porro,
683 1237 767 1282 qua
786 1220 912 1266 facile
935 1220 1206 1266 consentitur
1228 1218 1283 1263 ad
1306 1218 1442 1274 mala,

56 1293 193 1351 gravis
213 1292 410 1352 sequitur
431 1293 645 1336 cruciatus
672 1311 681 1335 :
706 1292 825 1335 unde
848 1291 1051 1350 deinceps
1069 1290 1228 1334 dicitur
1249 1308 1258 1334 :
1289 1309 1307 1330 «
1327 1290 1447 1334 Sicut

58 1381 79 1405 ³>
113 1363 221 1420 ignis
254 1363 330 1423 qui
361 1363 580 1407 comburit
602 1362 794 1420 sylvam,
826 1362 939 1406 sicut
973 1361 1147 1404 flamma
1183 1359 1446 1404 comburens

58 1451 79 1474 >›
115 1442 284 1477 montes
306 1453 314 1478 :
339 1433 395 1477 ita
421 1433 689 1493 persequeris
711 1432 807 1476 illos
829 1433 874 1475 in
907 1439 1163 1490 tempestate
1192 1439 1267 1474 tua
1284 1466 1294 1484 ,
1330 1439 1374 1474 et
1400 1430 1445 1473 in

58 1521 79 1544 »
113 1504 175 1546 ira
198 1512 271 1547 tua
293 1504 575 1547 conturbabis
598 1519 668 1548 eos
683 1506 715 1546 ².
747 1521 768 1544 υ
797 1502 973 1560 Sylvam
996 1502 1102 1546 dixit
1120 1510 1298 1561 propter
1319 1501 1445 1544 steri-

55 1572 220 1617 litatem
238 1609 248 1628 ,
274 1583 442 1618 montes
475 1583 652 1633 propter
677 1573 908 1617 elationem
935 1592 943 1617 :
970 1570 1076 1615 tales
1099 1572 1216 1615 enim
1239 1580 1341 1615 sunt
1362 1571 1447 1613 ini-

55 1643 154 1688 mici
174 1643 324 1703 populi
352 1645 458 1699 Dei,
486 1645 633 1688 inanes
660 1644 865 1704 justitiae,
894 1643 1013 1703 pleni
1043 1642 1258 1702 superbia.
1295 1644 1446 1700 Ignem

54 1730 156 1759 vero
179 1725 222 1759 et
244 1716 463 1759 flammam
483 1715 654 1770 (licens,
675 1716 759 1759 hoc
779 1713 897 1758 idem
920 1713 1003 1758 alio
1027 1714 1203 1758 nomine
1226 1713 1444 1773 repetivit,

55 1801 143 1845 quo
167 1785 349 1845 intelligi
377 1786 518 1830 voluit
549 1786 823 1846 judicantem
849 1795 981 1845 atque
1008 1784 1264 1844 punientem
1287 1787 1443 1828 Deum.

56 1857 185 1910 Quod
207 1866 350 1901 autem
375 1858 434 1901 ait
452 1877 460 1902 z
490 1877 510 1900 «
532 1861 583 1901 In
600 1866 856 1917 tempestate
872 1866 947 1900 tua
966 1877 978 1914 3
1006 1875 1026 1897 »
1052 1857 1135 1901 hoc
1157 1855 1272 1900 idem
1296 1870 1449 1900 conse-

56 1937 241 1987 quenter
272 1928 469 1987 exposuit
490 1927 669 1972 dicens:
699 1947 718 1969 ‹<
746 1931 797 1972 In
825 1928 886 1971 ira
918 1937 992 1971 tua
1016 1946 1025 1972 ε
1059 1945 1079 1968 »
1112 1936 1155 1971 et
1176 1926 1297 1987 quod
1318 1942 1448 1986 supra

57 1998 186 2042 dixit:
207 2017 225 2039 «
244 1999 518 2059 Persequeris
537 2014 631 2056 eos3
648 2017 668 2039 »
689 1999 774 2042 hoc
792 2008 956 2057 postea,
977 2018 995 2040 «
1012 1997 1308 2042 Conturbabis
1327 2012 1444 2041 eos.»

56 2069 380 2113 Meminerimus
415 2085 515 2113 sane
543 2069 649 2113 iram
674 2069 751 2112 Dei
781 2069 872 2112 sine
908 2068 998 2112 ulla
1028 2068 1257 2112 affectione
1286 2068 1448 2112 turbu-

56 2138 173 2183 lenta
190 2139 450 2199 intelligere.
477 2143 544 2184 Ira
563 2140 727 2200 quippe
751 2140 841 2199 ejus
871 2138 1031 2183 dicitur
1049 2174 1059 2193 ,
1086 2139 1195 2183 ratio
1214 2140 1329 2199 justa
1352 2139 1450 2182 vin-

57 2211 183 2254 dictae
209 2230 218 2255 :
249 2220 458 2272 tanquam
481 2212 513 2254 si
542 2211 611 2255 lex
637 2211 806 2255 dicatur
834 2210 979 2265 irasci,
1015 2225 1116 2254 cum
1151 2209 1336 2254 ministri
1358 2211 1449 2270 ejus

57 2280 298 2324 secundum
321 2297 414 2325 eam
438 2281 645 2325 commoti
673 2280 912 2325 vindicant.

115 2352 239 2394 XIII.
277 2371 296 2392 «
328 2351 467 2411 Imple
489 2387 499 2406 ,
542 2351 717 2411 inquit,
753 2351 884 2396 facies
917 2366 1067 2395 eorum
1104 2350 1370 2409 ignominia,
1408 2359 1451 2395 et

61 2438 80 2461 n
101 2431 301 2480 quaerent
324 2437 484 2466 nomen
510 2431 660 2477 tuum,
684 2422 882 2466 Domine.
905 2424 1036 2466 »Hoc
1061 2437 1163 2466 sanc
1180 2420 1264 2465 illis
1283 2421 1450 2465 bonum

58 2499 101 2535 et
119 2492 310 2550 optabile
329 2493 617 2551 prophetatur
635 2512 643 2536 :
661 2508 741 2536 nec
762 2493 1120 2551 prophetaretur,
1147 2492 1227 2535 nisi
1249 2501 1389 2535 essent.
1405 2492 1451 2534 in

58 2575 106 2605 ea
135 2562 342 2607 societate
364 2562 638 2607 inimicorum
669 2562 821 2622 populi
846 2563 919 2606 Dei
942 2563 1072 2607 etiam
1102 2562 1207 2607 tales
1228 2562 1447 2615 homines,

111 2654 117 2668 ¹
143 2646 224 2678 Psal.
245 2657 366 2687 mun,
389 2647 440 2688 ¹5,
470 2647 518 2678 16.
537 2664 577 2669 -—
599 2653 611 2668 ²
631 2646 713 2677 ibid.
733 2657 784 2687 ¹7·
