1926 3339
0 227 9 322 'ff

0 363 7 411 ³3

0 479 5 511 ’ἕ

0 512 5 534 ι

392 299 633 328 ΕΝΛηκΑτῐο
667 301 710 328 m
744 299 946 328 PsALMUM
979 302 1097 328 xenii
1368 293 1450 331 303

69 369 231 424 titiam,
257 366 453 412 nondum
478 367 692 426 judicant.
731 367 876 411 Primo
904 376 967 411 est
995 366 1111 411 enim
1143 367 1304 411 habere
1322 370 1451 428 justi-

2 434 4 462 ³
68 440 190 494 tiam,
215 448 258 484 et
284 448 429 498 postea
454 438 664 497 judicare.
700 438 845 482 Primo
863 438 1026 497 patitur
1045 437 1180 481 malos
1200 472 1210 490 ‚
1241 447 1284 481 et
1306 449 1452 496 postea

0 551 2 555 .
61 509 230 572 judicat
265 509 415 553 malos.
453 508 587 553 Modo
610 508 776 568 justitia
809 509 882 563 sit,
916 516 1063 568 postea
1094 517 1372 552 convertetur
1408 510 1453 553 in

1 572 4 611 ἓ
64 579 294 641 judicium.
332 582 387 624 Et
426 578 581 623 tandiu
614 579 779 639 patitur
811 579 1008 624 homines
1052 578 1209 634 malos,
1255 580 1454 639 quandiu

0 664 2 676 ²
67 652 163 697 vult
184 655 298 696 Deus
315 687 326 700 .,
353 651 658 712 quandiuillos
680 649 868 711 perferet
890 650 1078 695 Ecclesia
1101 651 1194 707 Dei,
1220 660 1270 695 ut
1283 651 1455 695 erudia—

0 766 1 781 ,
66 732 140 768 tur
161 739 239 783 per
266 722 474 767 malitiam
497 723 706 782 ipsorum.
732 726 830 768 Non
852 732 997 767 tamen
1029 722 1208 782 repellet
1230 726 1344 767 Deus
1366 723 1455 783 ple-

0 793 1 819 ³
63 795 165 839 bem
186 810 324 849 suam,
350 814 368 836 «
395 797 633 855 Quousque
643 794 811 854 justitia
828 803 1108 839 convertatur
1128 794 1175 837 in
1203 793 1417 853 judicium
1441 813 1450 839 ε

69 884 91 907 ))
126 874 170 909 et
191 866 267 925 qui
287 865 452 909 habent
473 880 568 909 eam
585 900 594 918 ‚
613 880 763 908 omnes
783 874 902 909 recto
918 874 1018 908 sunt
1035 863 1179 908 corde.
1209 883 1228 904 η
1250 865 1331 917 Qui
1353 874 1455 909 sunt

72 955 90 976 «
126 944 245 980 recto
269 935 430 980 corde?
456 954 475 976 »
502 935 588 988 Qui
608 936 692 979 hoc
712 934 869 979 volunt
891 933 1012 995 quod
1033 937 1147 978 Deus
1176 934 1286 978 vult.
1312 935 1455 978 Parcit

66 1006 393 1066 peccatoribus,
427 1014 475 1049 tu
504 1005 566 1048 vis
594 1014 644 1048 ut
665 1006 755 1064 jam
781 1004 935 1063 perdat
974 1013 1237 1064 peccatores.
1283 1003 1455 1048 Distorti

67 1075 207 1120 cordis
224 1092 268 1120 es
293 1085 335 1119 et
357 1091 502 1135 pravae
518 1075 772 1130 voluntatis,
793 1075 972 1135 quando
995 1074 1114 1119 aliud
1129 1075 1206 1129 vis,
1223 1073 1342 1118 aliud
1362 1073 1456 1118 vult

67 1149 195 1192 Deus.
217 1146 324 1190 Vult
349 1156 491 1190 autem
516 1149 631 1190 Deus
654 1162 830 1206 parcere
850 1145 998 1201 malis,
1024 1155 1073 1189 tu
1095 1161 1184 1188 non
1215 1145 1278 1189 vis
1300 1146 1417 1204 parci
1443 1164 1451 1189 ε

67 1218 233 1278 patiens
255 1227 319 1261 est
341 1221 455 1262 Deus
474 1218 800 1277 peccatoribus,
832 1226 879 1261 tu
903 1233 992 1261 non
1014 1217 1076 1261 vis
1100 1215 1282 1260 tolerare
1292 1232 1454 1276 pecca-

67 1297 196 1333 tores.
226 1289 309 1333 Sed
333 1298 383 1332 ut
403 1289 547 1333 dicere
575 1303 811 1348 coeperam,
845 1287 963 1332 aliud
986 1289 1048 1332 vis
1072 1297 1135 1342 tu,
1173 1286 1291 1331 aliud
1311 1293 1420 1331 Deus
1443 1307 1451 1331 :

66 1368 272 1404 converte
297 1375 371 1404 cor
394 1369 519 1403 tunm
535 1395 545 1414 ,
571 1369 614 1403 et
634 1359 769 1417 dirige
791 1358 846 1403 ad
870 1362 1025 1404 Deum.
1059 1359 1165 1412 Quia
1186 1367 1229 1402 et
1244 1359 1455 1402 Dominus

67 1429 249 1473 infirmis
263 1445 510 1489 compassus
528 1439 604 1473 est.
627 1429 747 1473 Vidit
766 1430 810 1473 in
826 1445 1007 1488 corpore
1024 1445 1117 1483 suo,
1143 1429 1186 1473 id
1203 1437 1281 1483 est,
1305 1429 1346 1471 in
1368 1431 1455 1472 Ec-

67 1500 195 1545 clesia
238 1516 315 1545 sua
353 1501 563 1555 infirmos,
600 1501 676 1560 qui
703 1501 844 1559 primo
870 1499 1142 1545 voluntatem
1180 1515 1300 1543 suam
1334 1501 1455 1559 sequi

68 1580 312 1628 tentarent3
337 1571 411 1615 sed
443 1587 543 1615 cum
566 1570 764 1615 viderent
785 1571 1054 1615 voluntatem
1080 1570 1158 1615 Dei
1188 1570 1314 1614 aliam
1348 1585 1454 1625 esse,

68 1641 303 1700 dirigerent
321 1658 366 1686 se
387 1650 430 1686 et
454 1658 527 1686 cor
549 1657 676 1686 suum
700 1641 755 1685 ad
776 1641 1094 1701 suscipiendam
1123 1650 1166 1684 et
1189 1641 1456 1701 sequendam

67 1712 338 1757 voluntatem
361 1713 455 1757 Dei.
477 1715 540 1757 Ne
556 1712 827 1756 voluntatem
853 1713 930 1757 Dei
950 1712 1056 1756 velis
1079 1721 1282 1772 torquere
1301 1711 1353 1755 ad
1377 1727 1457 1756 vo·-

67 1783 280 1827 iuntatem
303 1792 437 1837 tuam,
464 1782 538 1826 sed
562 1791 682 1826 tuam
700 1784 868 1841 corrige
887 1782 942 1826 ad
964 1782 1234 1827 voluntatem
1253 1783 1345 1826 Dei.
1368 1785 1458 1826 Vo-

68 1854 214 1898 luntas
234 1855 311 1898 Dei
333 1854 391 1898 sie
415 1863 479 1898 est
496 1853 719 1914 quomodo
741 1853 887 1912 regula
907 1874 914 1898 :
932 1869 1046 1909 ecce,
1068 1863 1189 1913 puta,
1215 1854 1374 1897 torsisti
1398 1869 1458 1896 re-

71 1924 233 1983 gulam,
258 1923 377 1968 unde
397 1924 532 1968 habes
562 1924 746 1982 corrigi?
781 1924 859 1968 Illa
898 1934 1043 1968 autem
1077 1925 1242 1982 integra
1270 1932 1419 1968 manet
1446 1943 1454 1968 :

70 1994 220 2054 regula
242 2005 306 2039 est
327 1995 443 2038 enim
465 1994 852 2040 incommutabilis.
890 1995 1095 2048 Quandiu
1112 1996 1280 2054 integra
1305 2004 1369 2038 est
1391 2010 1460 2038 re-

72 2065 188 2125 gula,
211 2066 346 2110 habes
368 2081 457 2126 quo
475 2075 517 2110 te
531 2075 758 2110 convertas
780 2075 824 2110 et
841 2066 1028 2124 corrigas
1046 2066 1301 2125 pravitatem
1316 2075 1455 2118 tuam,

70 2136 205 2180 habes
227 2135 346 2181 unde
361 2137 548 2195 corrigas
567 2136 688 2196 quod
721 2137 766 2180 in
798 2145 840 2180 te
862 2146 1027 2180 tortum
1051 2145 1128 2180 est.
1167 2135 1279 2189 Quid
1312 2145 1457 2180 autem

71 2206 227 2251 volunt
257 2207 481 2252 homines?
511 2210 670 2251 Parum
699 2215 761 2251 est
798 2207 900 2267 quia
929 2205 1200 2251 voluntatem
1223 2221 1344 2250 suam
1374 2215 1462 2249 tor-

72 2286 241 2322 tuosam
258 2278 425 2322 habent
451 2298 459 2323 :
485 2278 615 2322 etiam
635 2277 791 2322 volunt
811 2277 1083 2322 voluntatem
1113 2278 1187 2321 Dei
1219 2286 1376 2321 tortam
1400 2276 1465 2320 fa·-

73 2364 170 2393 cere
192 2348 435 2393 secundum
461 2365 536 2393 cor
565 2364 693 2393 suum
709 2385 720 2404 ‚
752 2358 803 2393 ut
831 2349 915 2393 hoc
943 2347 1072 2393 saciat
1095 2351 1209 2392 Deus
1237 2346 1357 2408 quod
1379 2347 1461 2407 ipsi

72 2419 243 2474 volunt,
269 2435 368 2464 cum
385 2419 465 2480 ipsi
486 2420 570 2464 hoc
592 2418 782 2463 debeant
805 2418 945 2464 facere
966 2418 1086 2480 quod
1108 2422 1222 2463 Deus
1243 2417 1353 2462 vult.

131 2493 255 2535 XIX.
281 2491 513 2544 Quomodo
535 2500 681 2535 autern
703 2491 954 2551 complexus
968 2499 1032 2534 est
1045 2490 1256 2534 Dominus
1279 2504 1331 2532 ex
1353 2488 1464 2532 dua-

74 2561 158 2606 bus
179 2561 477 2606 voluntatibus
491 2577 623 2606 unam
645 2562 804 2607 factam
825 2563 868 2606 in
882 2562 1061 2606 homine
1079 2576 1209 2622 quem
1229 2560 1464 2620 portabat?

77 2634 364 2691 Praefigurans
386 2634 429 2676 in
454 2649 634 2692 corpore
658 2649 752 2686 suo,
770 2633 814 2677 id
841 2643 919 2687 est,
938 2632 983 2677 in
1006 2633 1196 2677 Ecclesia
1221 2647 1313 2686 sua,
1340 2631 1463 2675 futu-
