1926 3339
356 316 598 347 emuna-10
630 319 675 346 nv
707 316 911 347 »sumum
943 318 1107 347 Lxxxv.
1314 310 1399 349 209

21 406 42 431 »
75 400 143 430 me
170 384 303 440 vidit,
340 384 450 430 vidit
471 392 514 428 et
542 386 727 428 Patrem.
762 402 782 426 »
808 383 1000 438 Videtis,
1032 383 1135 443 quia
1161 384 1207 427 in
1234 384 1400 430 visione

20 457 152 504 Patris
167 491 177 510 ‚
200 464 243 500 et
260 455 358 500 Filii
378 455 482 499 visio
503 463 587 512 est3
612 464 655 499 et
676 455 722 498 in
741 454 905 499 visione
930 454 1054 507 Filii,
1078 463 1122 499 et
1143 456 1280 499 Patris
1295 456 1404 501 visio

19 537 94 573 est.
117 526 220 571 Ideo
243 535 559 586 consequenter
572 526 779 585 subjecit,
800 535 841 569 et
855 525 938 569 ait:
961 544 980 567 «
1001 525 1180 570 Nescitis
1197 526 1299 586 quia
1323 540 1403 585 ego

22 598 102 642 »in
120 600 267 652 Patre,
292 606 336 641 et
359 600 486 641 Pater
503 596 548 640 in
569 598 666 640 me?
684 614 703 636 »
726 595 776 640 1d
799 605 884 649 est,
912 605 954 640 et
972 611 1040 639 me
1063 595 1153 640 viso
1168 595 1343 641 videtur
1360 606 1402 642 et

20 673 168 723 Pater,
194 677 237 712 et
258 671 385 712 Patre
413 667 505 712 viso
528 666 701 711 videtur
723 676 766 711 et
789 665 939 711 Filius.
974 667 1110 711 Patris
1138 675 1181 710 et
1214 667 1310 711 Filii
1334 683 1405 712 se-

19 738 156 801 parari
179 753 268 782 non
290 745 433 797 potest
453 737 574 782 visio.
603 737 687 781 Ubi
706 752 794 782 non
817 746 1041 796 separatur
1053 735 1266 781 natura'et
1286 739 1405 783 subs-

20 810 178 864 tantia,
204 809 309 853 visio
335 809 523 868 separari
552 823 642 853 non
664 817 820 867 potest.
855 810 964 852 Nam
987 816 1037 851 ut
1070 808 1275 852 noveritis
1301 809 1405 854 illuc

20 880 177 926 debere
203 878 437 938 praeparari
459 894 533 923 cor
564 878 620 922 ad
641 877 876 922 videndam
900 877 1179 921 Divinitatem
1202 878 1339 923 Patris
1362 888 1405 923 et

21 950 118 996 Filii
139 959 183 994 et
202 949 384 1010 Spiritus
401 949 536 993 sancti
551 983 561 1002 ‚
592 948 638 992 in
671 963 802 1008 quam
821 963 910 991 non
937 947 1072 991 visam
1090 946 1328 1003 credimus,
1364 959 1408 995 et

21 1020 252 1075 credendo,
265 1035 338 1064 cor
353 1019 471 1063 unde
486 1018 622 1063 videri
635 1019 767 1078 possit
784 1017 1048 1061 mundamus
1062 1038 1072 1073 3
1091 1018 1182 1077 ipse
1196 1019 1407 1064 Dominus

22 1091 104 1137 alio
124 1090 222 1135 loco
239 1089 363 1134 dicit:
382 1108 401 1131 «
416 1089 501 1142 Qui
515 1089 649 1133 habet
669 1087 873 1132 mandata
894 1103 1007 1142 mea,
1024 1096 1066 1131 et
1088 1097 1230 1133 servat
1252 1104 1318 1144 ea,
1335 1089 1408 1134 ille

24 1181 44 1205 »
78 1171 140 1206 est
160 1161 235 1222 qui
254 1160 395 1219 diligit
410 1175 480 1203 me
497 1179 505 1204 :
520 1159 595 1219 qui
608 1167 754 1203 autem
769 1157 911 1217 diligit
923 1173 1009 1213 me,
1022 1157 1229 1217 diligetur
1243 1175 1265 1204 a
1281 1163 1408 1205 Patre

25 1251 45 1275 n
78 1248 175 1277 meo
189 1241 233 1276 et
251 1247 331 1291 ego
353 1231 532 1290 diligam
545 1246 644 1274 eum
657 1265 668 1285 ‚
687 1238 730 1273 et
745 1229 1032 1273 manifestabo
1052 1229 1090 1272 ei
1104 1245 1173 1273 me
1189 1230 1332 1290 ipsum
1345 1233 1406 1275 1.»

22 1303 246 1363 Numquid
266 1318 357 1347 non
378 1316 478 1345 eum
500 1299 709 1344 videbant
730 1315 830 1344 cum
860 1299 1020 1359 quibus
1041 1299 1334 1360 loquebatur?
1353 1305 1410 1347 Et

21 1373 249 1429 videbant,
267 1383 310 1417 et
322 1388 411 1417 non
428 1370 636 1416 videbant
662 1390 670 1415 :
691 1370 856 1431 aliquid
872 1370 1101 1425 videbant,
1127 1371 1292 1432 aliquid
1314 1388 1410 1417 cre-

22 1444 183 1490 debant
206 1464 215 1489 :
235 1443 446 1489 videbant
467 1442 689 1487 hominem
708 1477 719 1497 ‚
740 1441 980 1486 eredebant
996 1445 1151 1486 Deum.
1179 1445 1229 1487 In
1244 1443 1410 1503 judicio

24 1525 165 1560 autem
195 1514 398 1558 eumdem
421 1513 657 1558 Dominum
689 1522 887 1556 nostrum
910 1514 1059 1556 Jesum
1090 1512 1305 1558 videbunt
1327 1515 1410 1558 ho-

22 1587 182 1630 minem
204 1599 304 1629 cum
321 1583 463 1643 impiis
483 1603 494 1640 3
515 1591 613 1642 post
628 1581 845 1641 judicium
862 1580 1080 1626 videbunt
1101 1585 1240 1625 Deum
1252 1592 1411 1642 praeter

24 1656 191 1715 impios.
216 1674 236 1697 «
271 1657 334 1699 Da
351 1662 609 1713 potestatem
624 1667 762 1712 puero
784 1661 876 1696 tuo.
901 1669 922 1692 »

80 1728 226 1771 XXII.
257 1743 273 1764 «
297 1727 354 1768 Et
374 1723 542 1768 salvum
563 1722 631 1767 fac
653 1721 793 1766 filium
825 1720 994 1766 aneillae
1017 1723 1144 1766 tuae2.
1168 1724 1412 1768 »Dominus

26 1796 138 1841 filius
161 1793 345 1840 ancillae.
371 1795 506 1853 Cujus
524 1792 718 1837 ancillae?
736 1792 818 1837 Cui
840 1791 1083 1836 nasciturus
1097 1792 1275 1852 quando
1293 1810 1412 1837 nun-

27 1867 154 1911 tiatus
189 1873 279 1919 est,
304 1862 527 1923 respondit
553 1871 595 1906 et
617 1862 676 1906 ait
703 1882 712 1906 2
744 1881 764 1904 ‹<
787 1864 900 1906 Eece
923 1861 1076 1906 aneilla
1111 1863 1313 1919 Domini3
1338 1863 1414 1907 fiat

31 1956 49 1979 »
82 1936 190 1980 mihi
211 1934 453 1979 secundum
474 1933 656 1977 verbum
678 1933 845 1976 tuum3.
878 1952 895 1973 »
925 1930 1102 1976 Salvum
1129 1930 1231 1976 fecit
1254 1933 1413 1977 Filium

28 2006 191 2052 ancillae
204 2021 308 2060 suae,
331 2014 374 2049 et
391 2004 553 2048 Filium
575 2018 702 2047 suum
716 2019 727 2054 ;
742 2001 903 2046 Filium
922 2017 1067 2057 suum,
1083 2001 1130 2045 in
1151 2000 1290 2047 forma
1309 2004 1411 2062 Dei3

28 2077 185 2123 Filium
209 2075 377 2121 aneillae
399 2091 504 2130 suae,
524 2075 570 2118 in
590 2072 730 2118 forma
752 2073 861 2117 servi
877 2073 908 2117 ⁴.
935 2075 997 2117 De
1022 2071 1177 2117 ancilla
1193 2074 1268 2117 Dei
1285 2083 1413 2118 natus

28 2158 90 2195 est
110 2164 210 2208 ergo
231 2148 443 2193 Dominus
464 2146 511 2190 in
538 2145 678 2190 forma
699 2145 831 2203 servi3
855 2152 899 2188 et
919 2142 1027 2187 dixit
1046 2163 1055 2188 2
1085 2162 1102 2184 «
1139 2143 1316 2189 Salvum
1343 2145 1412 2190 fac

31 2240 51 2264 »
84 2219 225 2264 filium
256 2217 426 2263 ancillae
458 2225 561 2261 tuae.
597 2234 617 2257 »
651 2218 709 2260 Et
732 2214 920 2259 salvatus
946 2222 1010 2258 est
1044 2230 1068 2258 a
1095 2224 1235 2259 morte
1257 2249 1269 2270 ‚
1302 2215 1414 2260 sieut

30 2290 180 2344 nostis,
206 2289 456 2334 resuscitata
477 2301 613 2339 ,carne
646 2301 746 2341 sua,
772 2301 872 2345 quae
900 2293 1072 2329 mortua
1105 2293 1210 2328 erat.
1245 2284 1329 2329 Sed
1363 2295 1414 2331 ut

32 2360 207 2406 videatis
229 2359 331 2420 quia
350 2362 462 2403 Deus
474 2366 538 2402 est
553 2392 563 2412 ‚
588 2365 631 2401 et
644 2372 734 2401 non
751 2372 774 2399 a
789 2359 915 2400 Patre
937 2355 996 2399 sic
1009 2363 1072 2398 est
1088 2355 1316 2400 suscitatus
1336 2391 1346 2411 ‚
1363 2366 1414 2401 ut

34 2447 56 2476 a
69 2447 112 2475 se
126 2446 215 2475 non
226 2430 279 2474 sit
290 2429 541 2485 suscitatus3
558 2427 659 2487 quia
676 2435 719 2470 et
736 2426 826 2485 ipse
840 2426 1060 2469 suscitavit
1078 2441 1251 2470 carnem
1269 2442 1407 2483 suam,

0 2543 1 2548 ,
32 2502 164 2546 habes
177 2501 222 2545 in
235 2498 471 2558 Evangelio
484 2497 649 2542 dictum
663 2516 670 2540 :
687 2515 703 2537 «
721 2496 936 2540 Destruite
950 2495 1162 2555 templum
1176 2496 1273 2552 hoc,
1287 2507 1328 2541 et
1338 2498 1413 2542 tri-

0 2614 1 2629 *
80 2592 89 2609 ¹
116 2588 206 2618 Joan.
234 2596 315 2626 xiv,
341 2585 428 2617 8-10
458 2586 492 2616 et
519 2592 573 2616 21.
602 2598 642 2604 —
677 2588 689 2604 ²
721 2581 798 2613 Psal.
833 2590 958 2622 mxxv,
986 2579 1037 2613 16.
1058 2597 1099 2603 -
1122 2578 1134 2602 3
1155 2579 1276 2623 L11c.1,
1297 2588 1349 2615 ἀΰ.
1372 2599 1413 2606 —-

0 2651 2 2659 *
36 2641 50 2672 (ο
65 2642 174 2684 Philip.
193 2653 229 2681 11,
246 2641 280 2673 6.

194 2706 329 2736 cxvii.
1183 2692 1230 2731 1⁷»
