1926 3339
395 346 636 375 ENARRATIO
668 346 712 372 m
745 341 949 372 PsALMUM
980 338 1132 366 Lxxxv.
1340 323 1424 362 213

43 419 121 478 bus
141 415 316 473 Angelis
334 450 344 467 ‚
365 412 505 457 choris
523 409 766 455 coelestium
787 410 1054 451 Potestatum
1077 402 1121 444 in
1145 415 1231 444 una
1254 398 1426 442 civitate

42 486 298 531 viventium.
323 483 427 536 Quis
450 481 511 524 ibi
539 480 698 539 gemit?
719 477 816 538 quis
837 475 900 519 ibi
921 473 1136 532 suspirat?
1164 470 1258 529 quis
1281 468 1342 511 ibi
1362 467 1428 510 la-

27 558 197 601 borat?
216 555 312 614 quis
334 552 394 596 ibi
417 553 537 609 eget?
554 550 650 609 quis
671 548 731 592 ibi
755 546 965 591 moritur?
983 543 1079 603 quis
1100 541 1163 584 ibi
1185 537 1428 582 misericor-

42 626 156 671 diam
179 625 372 684 praebct?
406 622 503 681 quis
542 618 701 676 frangit
728 631 885 677 panem
920 612 1153 664 esurienti,
1180 608 1256 652 ubi
1279 620 1428 651 omnes

41 712 153 758 pane
164 695 345 756 justitiae
367 692 645 751 saginantur?
662 692 798 734 Nemo
823 687 900 730 tibi
924 685 1028 729 dicit
1051 703 1059 727 :
1086 680 1310 739 Hospitem
1333 691 1428 721 sus-

41 768 135 827 cipe
157 787 165 811 :
195 765 448 825 peregrinus
480 763 541 806 ibi
568 776 698 805 nemo
720 760 801 802 erit
820 795 830 811 ,
863 771 1013 801 omnes
1035 754 1080 797 in
1102 751 1239 811 patria
1263 765 1338 792 sua
1366 748 1431 790 vi-

41 847 166 882 vunt.
192 840 330 881 Nemo
357 834 437 878 tibi
467 833 573 877 dicit
594 852 602 876 :
629 827 857 876 Concorda
875 826 1034 870 amicos
1057 832 1154 866 tuos
1174 820 1392 877 litigantes
1418 836 1426 860 :

41 909 85 952 in
107 922 216 967 pace
239 906 500 964 sempiterna
531 902 606 946 Dei
633 899 761 944 vultu
777 895 1082 957 perfruuntur.
1107 895 1244 936 Nemo
1265 889 1342 932 tibi
1361 888 1430 930 di-

41 978 100 1022 cit
131 996 140 1021 2
173 976 307 1021 Visita
335 988 500 1032 aegrum
531 990 540 1015 :
577 971 734 1014 sanitas
763 964 1154 1022 immortalitasque
1184 965 1426 1019 permanet⁸

41 1050 178 1094 Nemo
200 1046 280 1090 tibi
298 1044 404 1088 dicit
430 1063 438 1088 :
473 1040 614 1100 Sepeli
636 1047 860 1084 mortuum
890 1055 898 1080 :
925 1048 1074 1079 omnes
1095 1032 1139 1075 in
1162 1030 1251 1075 vita
1270 1037 1432 1071 aeterna

42 1127 185 1162 erunt.
211 1118 389 1161 Cessant
423 1128 553 1172 opera
575 1107 881 1154 misericordiae
897 1141 908 1161 ,
933 1104 1036 1165 quia
1061 1101 1226 1146 miseria
1252 1114 1342 1142 non
1366 1097 1435 1140 in-

43 1187 230 1233 venitur.
271 1188 329 1229 Et
357 1183 465 1244 quid
495 1182 557 1225 ibi
587 1179 828 1224 faciemus?
851 1174 1125 1221 Dormiemus
1148 1169 1357 1214 fortasse?
1392 1165 1436 1211 Si

43 1257 175 1303 modo
205 1269 453 1317 pugnamus
481 1261 633 1297 contra
659 1266 760 1304 nos,
793 1246 991 1308 quamvis
1024 1257 1220 1301 geramus
1251 1240 1435 1283 domum

43 1330 183 1374 somni
205 1342 378 1373 carnem
407 1326 556 1379 istam,
583 1332 626 1367 et
645 1320 877 1380 vigilamus
900 1318 946 1361 in
962 1316 1029 1360 his
1051 1311 1339 1358 luminaribus
1356 1344 1367 1363 ,
1393 1317 1437 1352 et

44 1398 290 1444 solemnitas
329 1397 409 1440 ista
442 1395 516 1438 dat
558 1393 685 1438 nobis
719 1391 914 1435 animum
946 1383 1156 1445 vigilandi
1184 1403 1194 1440 3
1231 1381 1321 1425 dies
1363 1378 1436 1421 ille

44 1468 194 1530 quales
222 1467 390 1526 vigilias
413 1465 539 1509 nobis
562 1462 720 1506 dabit?
748 1463 864 1518 Ergo
890 1455 1164 1514 vigilabimus
1181 1487 1192 1506 ,
1223 1466 1313 1494 non
1335 1448 1439 1492 dor-

44 1539 242 1584 miemus.
259 1536 373 1591 Quid
391 1534 746 1594 agemus?Opera
765 1525 1068 1573 misericordiae
1082 1524 1161 1566 ista
1175 1537 1263 1565 non
1282 1528 1436 1575 erunt,

45 1610 146 1670 quia
168 1608 288 1652 nulla
311 1606 479 1650 miseria
495 1604 589 1648 erit.
603 1606 735 1646 Forte
750 1615 881 1659 opera
904 1593 1166 1640 necessitatis
1189 1600 1317 1634 erunt
1338 1590 1435 1643 ista,

45 1696 145 1741 quae
172 1679 244 1723 hic
264 1686 367 1721 sunt
390 1674 522 1720 modo
540 1710 551 1728 ,
576 1669 846 1723 seminandi,
868 1666 1044 1719 arandi,
1073 1661 1314 1723 coquendi,
1341 1675 1438 1702 mo-

47 1750 165 1795 lendi
185 1785 196 1804 ‚
237 1746 442 1793 texendi?
474 1744 594 1790 Nihil
621 1745 779 1788 horum
796 1777 807 1795 ‚
832 1739 936 1800 quia
973 1736 1201 1781 necessitas
1224 1748 1314 1776 non
1341 1731 1436 1774 erit.

50 1823 118 1868 Sic
140 1837 231 1865 non
259 1828 388 1863 erunt
420 1833 550 1877 opera
571 1812 879 1859 misericordiae
897 1846 907 1866 ,
933 1809 1035 1870 quia
1056 1807 1210 1850 transit
1232 1802 1402 1847 miseria
1429 1820 1438 1845 ε

47 1892 125 1936 ubi
146 1890 373 1935 necessitas
402 1903 493 1932 non
515 1886 596 1930 erit
616 1900 697 1928 nec
730 1882 897 1926 miseria
913 1915 924 1935 ,
962 1893 1091 1938 opera
1114 1873 1378 1920 necessitatis
1400 1880 1444 1915 et

49 1961 355 2007 misericordiae
378 1974 467 2004 non
503 1965 646 2001 erunt.
682 1954 800 2008 Quid
834 1952 896 1995 ibi
933 1950 1044 1994 erit?
1067 1947 1188 2008 quod
1217 1944 1443 2003 negotium

48 2033 277 2077 nostrum?
299 2045 399 2090 quae
431 2029 542 2072 actio
565 2026 741 2070 nostra?
764 2027 833 2068 An
855 2019 977 2064 nulla
1000 2019 1111 2062 actio
1125 2053 1136 2071 ,
1163 2016 1264 2076 quia
1288 2013 1446 2073 quies?

53 2103 307 2148 Sedebimus
330 2115 452 2158 ergo,
474 2108 517 2142 et
542 2096 825 2155 torpebimus,
847 2101 889 2135 et
912 2089 1019 2134 nihil
1044 2102 1220 2147 agemus
1232 2088 1249 2129 Ξ)
1270 2085 1312 2129 Si
1328 2083 1445 2128 refri-

52 2182 193 2233 gescet
215 2187 336 2215 amor
368 2178 513 2213 noster
530 2204 540 2222 ,
581 2165 830 2223 refrigescet
858 2161 969 2206 actio
992 2168 1154 2203 nostra.
1182 2161 1315 2200 Amor
1345 2168 1446 2210 ergo

51 2245 223 2305 quietus
246 2243 290 2286 in
311 2241 439 2286 vultu
461 2240 538 2283 Dei
555 2255 575 2293 ,·
597 2252 726 2298 quem
752 2233 884 2278 modo
907 2230 1201 2275 desideramus
1216 2262 1226 2281 ,
1252 2227 1322 2269 cui
1353 2240 1447 2268 sus-

52 2316 242 2375 piramus
261 2327 385 2370 3cum
403 2309 458 2354 ad
475 2324 575 2353 eum
593 2305 856 2357 venerimus,
875 2300 1098 2363 quomodo
1119 2314 1196 2343 nos
1212 2294 1448 2341 accendet?

55 2388 106 2428 In
123 2398 254 2444 quem
277 2379 472 2426 nondum
495 2379 636 2422 visum
655 2377 713 2421 sic
735 2374 1000 2434 suspiramus
1015 2405 1026 2424 ,
1050 2384 1148 2413 cuni
1175 2366 1228 2411 ad
1252 2381 1351 2409 eum
1371 2380 1448 2407 ve-

54 2455 245 2499 nerimus
263 2487 274 2507 ‚
300 2450 523 2512 quomodo
545 2445 839 2493 illuminabit?
872 2439 1094 2503 quomodo
1120 2454 1198 2483 nos
1230 2435 1449 2480 mutabit?

57 2524 164 2586 quid
197 2523 252 2567 de
284 2522 409 2567 nobis
442 2520 598 2565 faciet?
629 2516 747 2571 Quid
770 2530 870 2573 ergo
899 2527 1100 2571 agemus,
1126 2509 1310 2554 fratres?
1333 2505 1452 2550 Psal-

57 2611 154 2639 mus
183 2593 310 2640 nobis
335 2593 485 2637 dicat:
521 2610 540 2632 «
576 2589 698 2634 Beati
724 2587 801 2647 qui
833 2584 1035 2629 habitant
1067 2583 1110 2626 in
1144 2579 1276 2624 domo
1304 2587 1393 2621 tua.
1426 2594 1447 2616 »
