1926 3339
481 312 567 351 212
930 317 964 344 s.
1000 313 1229 342 Aueusnm
1261 310 1442 339 Emscom

480 407 500 430 »
534 401 610 431 vos
635 384 838 438 mittunt,
876 390 920 425 et
940 379 1124 424 turbant
1145 376 1316 422 semitas
1344 373 1508 435 pedum
1529 380 1771 416 vestrorum
1786 371 1815 412 ¹.
1839 386 1860 410 »

481 459 550 504 Sic
571 466 614 501 et
629 455 685 500 de
704 452 898 514 Epistola
921 451 1073 496 Jacobi
1091 447 1274 509 apostoli
1292 466 1301 492 :
1322 466 1342 489 «
1364 443 1510 490 Miseri
1533 451 1684 496 estote,
1703 439 1861 500 inquit,

482 549 502 570 »
539 537 583 573 et
603 528 750 586 lugete
769 545 780 581 ς
801 524 909 567 risus
926 531 1067 567 vester
1086 521 1132 563 in
1154 519 1322 563 luctum
1345 523 1623 560 convertatur
1635 516 1668 555 2.
1688 529 1709 553 »
1734 510 1884 558 Vide-‚
1919 542 1924 546 .

479 601 531 645 tis
550 614 649 659 quae
668 594 867 641 audistis:
896 591 1074 652 quando
1096 590 1222 634 nobis
1245 590 1339 632 haec
1356 586 1606 630 dicerentur
1627 583 1673 626 in
1691 581 1867 640 regione
1907 604 1926 620 -.

478 667 742 714 securitatis?
765 664 924 722 Utique
957 661 1073 718 regio
1100 660 1180 703 ista
1209 656 1515 701 scandalorum
1539 662 1628 707 est,
1660 661 1703 695 et
1723 659 1867 694 tenta-

478 740 672 790 tionum,
702 743 746 778 et
774 731 971 777 omnium
1004 728 1245 781 malorum,
1270 735 1321 769 ut
1341 739 1564 785 gemamus
1585 723 1656 766 hic
1673 756 1684 776 ,
1709 730 1753 765 et
1773 735 1868 764 me·
1908 721 1926 756 2³

480 823 652 855 reamur
669 804 855 865 gaudere
877 803 938 846 ibi
961 821 969 846 z
994 801 1065 846 hic
1087 798 1312 853 tribulari,
1338 807 1380 841 et
1397 795 1610 841 consolari
1632 793 1709 848 ibi,
1735 801 1778 836 et
1799 792 1870 836 di-
1908 801 1926 828 ¹·-

479 897 577 927 cere
596 900 604 925 :
626 898 645 922 «
666 876 883 932 Quoniam
906 873 1099 918 exemisti
1118 870 1266 916 oculos
1288 883 1406 913 meos
1430 883 1453 911 a
1476 865 1678 924 lacrymis
1696 899 1707 919 ,
1739 862 1870 923 pedes
1908 883 1926 896 ιι

485 972 505 995 »
540 966 658 995 meos
676 965 699 993 a
722 948 868 992 labina
893 965 902 990 z
923 943 1104 1004 placebo
1124 940 1309 986 Domino
1328 940 1373 983 in
1396 938 1572 997 regione
1593 934 1867 979 vivorum3.»
1909 951 1911 982 j

483 1028 567 1068 Ista
581 1020 700 1079 regio
720 1026 995 1062 mortuorum
1017 1023 1095 1058 est.
1113 1011 1283 1056 Transit
1300 1009 1418 1068 regio
1443 1017 1732 1059 mortuorum,
1752 1003 1873 1048 venit
1909 1014 1926 1049 ἴ,

483 1094 598 1152 regio
616 1091 832 1136 vivorum.
848 1091 899 1131 In
916 1084 1091 1144 regione
1109 1091 1382 1127 mortuorum
1401 1079 1540 1131 labor,
1562 1075 1702 1129 dolor,
1723 1075 1868 1128 timor,

482 1163 706 1209 tribulatio
724 1196 734 1215 ,
760 1159 960 1212 tentatio,
982 1156 1189 1215 gemitus,
1216 1151 1465 1211 suspirium.
1481 1149 1561 1193 Hic
1584 1146 1678 1191 falsi
1701 1144 1868 1200 felices,
1910 1172 1911 1185 i

480 1236 569 1281 veri
603 1232 817 1277 infelices:
855 1229 957 1288 quia
988 1225 1092 1270 falsa
1128 1223 1330 1276 felicitas,
1369 1236 1470 1264 vera
1491 1218 1659 1263 miseria
1686 1225 1764 1260 est.
1791 1216 1872 1268 Qui
1910 1240 1912 1248 ν

481 1321 583 1350 vero
616 1319 659 1347 se
693 1301 885 1359 agnoscit
906 1299 951 1341 in
973 1312 1074 1341 vera
1097 1310 1186 1339 esse
1213 1292 1380 1336 miseria
1402 1326 1412 1345 ,
1438 1290 1517 1333 erit
1546 1289 1676 1332 etiam
1704 1287 1747 1330 in
1770 1301 1871 1331 vera
1910 1313 1911 1317 =

481 1375 702 1421 felicitate.
730 1374 787 1415 Et
809 1380 955 1414 tamen
977 1382 1094 1411 nunc
1125 1365 1227 1425 quia
1251 1363 1378 1406 miser
1399 1376 1442 1404 es
1460 1396 1470 1414 ‚
1503 1359 1738 1403 Dominum
1769 1355 1871 1401 audi
1910 1369 1911 1408 f

482 1446 723 1491 dicentem:
751 1440 899 1485 «Beati
919 1438 1161 1496 lugentes4.
1183 1436 1220 1478 Ο
1239 1432 1352 1476 beati
1375 1429 1596 1489 lugentes!
1613 1426 1760 1473 »Nihil
1785 1436 1872 1471 tam

482 1517 766 1575 conjunctum
790 1510 971 1554 miserim
993 1521 1125 1568 quam
1149 1505 1292 1548 luctus
1312 1523 1322 1560 3
1354 1499 1462 1545 nihil
1486 1510 1575 1544 tam
1593 1507 1806 1542 remotum
1830 1505 1873 1541 et

481 1585 746 1632 eontrarium
780 1580 960 1625 miseriae
988 1592 1121 1638 quam
1144 1571 1370 1618 beatitudo
1394 1591 1402 1615 :
1439 1580 1488 1614 tu
1511 1570 1617 1614 dicis
1643 1568 1869 1626 lugentes,

483 1667 526 1702 et
546 1667 595 1702 tu
619 1655 724 1699 dicis
748 1650 916 1696 beatos!
943 1646 1177 1704 Intelligite
1193 1680 1204 1698 ‚
1230 1643 1372 1703 inquit
1389 1677 1399 1696 ,
1425 1640 1546 1701 quod
1567 1639 1688 1683 dico:
1717 1639 1873 1681 Beatos

481 1729 581 1772 dico
598 1725 811 1782 lugentes.
836 1723 979 1773 Quare
997 1717 1143 1761 beati?
1161 1718 1211 1759 In
1229 1715 1473 1773 spe.Quare
1496 1710 1708 1768 lugentes.
1732 1711 1783 1751 In
1806 1722 1868 1751 re.

483 1798 658 1844 Etenim
688 1795 842 1852 lugent
868 1792 916 1834 in
942 1797 1082 1834 morte
1106 1787 1185 1830 ista
1206 1820 1217 1841 ,
1242 1785 1287 1828 in
1309 1781 1665 1827 tribulationibus
1687 1779 1777 1822 istis
1793 1814 1804 1834 ‚
1828 1779 1874 1822 in

485 1865 833 1930 peregrinatione
865 1876 940 1905 sua
958 1879 966 1905 :
996 1868 1039 1903 et
1060 1857 1162 1918 quia
1183 1862 1424 1913 agnoscunt
1446 1867 1489 1896 se
1512 1866 1601 1895 esse
1620 1851 1665 1893 in
1688 1850 1767 1893 ista
1788 1848 1872 1892 mi-

482 1940 612 1993 seria,
634 1946 677 1981 et
701 1942 906 1995 gemunt,
932 1930 1049 1975 beati
1071 1936 1189 1973 sunt.
1213 1929 1356 1979 Quare
1377 1923 1563 1982 lugent?
1584 1920 1873 1966 Contristatus

484 2020 547 2056 est
569 2011 722 2054 beatus
747 2004 990 2064 Cyprianus
1013 2001 1058 2044 in
1081 1998 1299 2059 passione·⁷
1323 1994 1455 2039 modo
1477 1992 1722 2037 consolatus
1744 2000 1807 2035 est
1827 1991 1873 2034 in

483 2096 658 2128 corona.
685 2077 820 2122 Modo
852 2083 896 2118 et
917 2070 1164 2117 consolatus
1187 2067 1330 2112 adhuc
1352 2064 1482 2109 tristis
1506 2072 1583 2107 est.
1617 2081 1637 2104 «
1662 2062 1872 2106 Dominus
1910 2072 1926 2112 ,'··

484 2173 505 2196 n
542 2151 658 2196 enim
690 2157 836 2192 noster
864 2147 986 2189 Jesus
1015 2141 1211 2187 Christus
1246 2137 1388 2181 adhuc
1415 2132 1665 2193 interpellat
1685 2148 1764 2192 pro
1793 2147 1874 2177 no-
1909 2154 1926 2181 τ-

488 2243 507 2265 »
543 2222 611 2266 bis
626 2222 666 2261 ⁵:
695 2237 716 2260 »
742 2231 890 2262 omnes
913 2217 1123 2270 Martyres
1145 2209 1220 2270 qui
1242 2223 1342 2252 cum
1358 2205 1434 2250 illo
1456 2214 1573 2259 sunt,
1594 2202 1874 2263 interpellant
1909 2209 1912 2249 ζ

483 2308 563 2353 pro
585 2289 726 2335 nobis.
762 2290 860 2333 Non
891 2290 1116 2328 transeunt
1149 2276 1516 2337 interpellationes
1545 2275 1737 2334 ipsorum
1755 2309 1765 2327 ‚
1791 2272 1874 2316 nisi
1909 2288 1911 2313 1

484 2378 585 2408 cum
612 2357 828 2405 transierit
862 2354 1046 2415 gemitus
1069 2359 1228 2395 noster.
1255 2350 1368 2393 Cum
1390 2355 1535 2389 autem
1563 2344 1778 2388 transierit
1799 2358 1874 2402 ge-

483 2435 612 2479 mitus
635 2440 805 2483 noster,
829 2441 977 2472 omnes
1000 2425 1044 2468 in
1067 2438 1154 2467 una
1176 2435 1282 2464 voce
1301 2455 1311 2476 ,
1330 2418 1375 2461 in
1400 2433 1488 2461 uno
1511 2415 1691 2475 populo,
1717 2413 1763 2458 in
1784 2430 1872 2458 una
1910 2447 1926 2456 ..

482 2504 616 2566 patria
641 2499 986 2550 consolabimur,
1017 2492 1150 2538 millia
1177 2490 1360 2535 millium
1394 2489 1626 2547 conjuncta
1647 2485 1872 2545 psallenti·
1908 2476 1911 2529 ξ

531 2599 627 2631 ¹lsa'1'.
648 2608 702 2635 in,
726 2605 775 2626 12.
798 2611 839 2616 —-
866 2591 994 2624 ²Jacob
1033 2600 1076 2629 tv,
1097 2599 1129 2630 ς).
1151 2603 1191 2609 --·
1213 2584 1226 2609 3
1244 2584 1323 2618 Psal.
1343 2594 1431 2621 cxiv,
1447 2583 1477 2622 8,
1504 2593 1535 2625 9.
1558 2599 1599 2605 —
1618 2579 1760 2613 Antattli.
1782 2591 1813 2621 v,
1834 2579 1865 2612 5.
1908 2558 1911 2573 '

485 2674 525 2679 —
546 2654 558 2678 5
577 2658 665 2686 nom.
692 2663 764 2692 vm,
788 2648 838 2691 3²4
