1926 3339
300 276 540 305 ENAnnATm
572 279 603 304 11
637 278 682 304 ηπ
715 276 916 305 PsALMUM
949 279 1022 316 xc,
1056 277 1194 306 SERMO
1227 282 1273 306 11.
1369 269 1453 307 327

80 342 122 390 Si
140 351 184 387 te
198 342 360 386 miseris
375 377 386 397 ‚
409 341 563 401 Angeli
581 351 623 386 te
643 342 892 401 suscipient.
914 345 970 387 Et
986 354 1131 402 posset
1151 345 1328 404 quidem
1345 346 1452 402 fieri,

77 411 229 456 fratres
246 447 257 467 ‚
282 421 332 456 ut
353 413 388 457 si
410 427 454 456 se
481 412 667 456 misisset
700 412 929 467 Dominus,
954 413 1162 473 obsequia
1190 414 1456 471 Angelorum

76 482 341 542 susciperent
371 497 544 526 carnem
583 481 770 526 Domini.
811 481 896 526 Sed
926 482 1032 542 quid
1052 481 1115 526 illi
1138 483 1267 527 ait?'«
1293 486 1458 528 Iterum

80 572 100 595 »
134 553 341 613 scriptum
364 563 457 598 est:
482 555 579 599 Non
612 553 796 598 tentabis
821 554 1054 598 Dominum
1074 558 1213 598 Deum
1235 556 1406 599 tuum1.
1435 573 1455 598 »

77 625 310 669 Hominem
338 639 408 667 me
438 634 580 684 putas.
606 624 675 669 Ad
706 625 789 669 hoc
813 625 929 668 enim
961 625 1135 670 accessit
1162 624 1384 681 diabolus,
1410 635 1462 670 ut

79 704 263 739 tentaret
285 704 431 739 utrum
454 694 590 739 Filius
612 695 687 739 Dei
710 694 800 754 ipse
821 704 943 739 esset.
970 695 1158 739 Videbat
1179 711 1370 750 carnem,
1385 696 1462 741 sed

76 765 272 824 majestas
294 765 339 808 in
357 764 559 824 operibus
576 765 830 824 apparebat:
853 764 1007 824 Angcli
1030 765 1324 809 testimonium
1346 765 1462 810 dixe·-

76 845 188 880 rant.
217 835 296 880 Ille
316 835 494 880 videbat
516 836 743 881 mortalem
759 871 770 890 ‚
796 845 845 879 ut
866 845 1078 891 tentaret,
1104 846 1154 880 ut
1174 837 1347 882 Christo
1370 846 1461 882 ten-

78 916 167 952 tato
188 906 418 951 doceretur
440 907 725 952 Christianus.
743 907 860 960 Quid
882 922 982 964 crgo
998 907 1205 967 scriptum
1223 917 1287 952 est
1301 910 1318 951 ?
1331 927 1351 949 «
1365 911 1464 953 Non

81 995 101 1019 »
136 977 324 1021 tentabis
344 977 577 1021 Dominum
595 980 734 1021 Deum
762 986 904 1022 tuum.
923 996 942 1018 n
962 981 1114 1037 Itaque
1136 993 1226 1022 non
1248 987 1466 1023 tentemus

78 1048 309 1093 Dominum
325 1083 336 1104 ‚
357 1057 406 1092 ut
428 1048 623 1093 dicamus
641 1067 650 1092 :
679 1048 720 1092 Si
742 1047 797 1091 ad
820 1056 862 1091 te
881 1048 1150 1107 pertinemus
1166 1084 1176 1103 ‚
1205 1048 1466 1093 miraculum

77 1119 299 1164 faciamus.

136 1192 257 1234 VIII.
285 1188 531 1234 Redeamus
547 1199 725 1250 propter
747 1191 880 1235 verba
910 1190 1081 1235 Psalmi.
1113 1210 1132 1233 «
1153 1191 1330 1250 Angelis
1350 1192 1436 1236 suis
1450 1227 1463 1248 ‚

82 1278 102 1301 »
136 1259 278 1321 inquit
297 1295 309 1314 ‚
347 1259 570 1305 mandavit
591 1260 645 1304 de
668 1270 711 1304 te
727 1296 738 1316 ,
775 1270 826 1304 ut
848 1260 1093 1306 custodiant
1121 1271 1163 1306 te
1197 1262 1243 1305 in
1265 1262 1468 1306 omnibus

81 1348 100 1371 »
136 1331 214 1376 viis
235 1331 335 1375 tuis.
356 1334 408 1375 In
432 1331 632 1375 manibus
654 1331 809 1375 tollent
834 1341 889 1386 te,
916 1347 969 1374 ne
990 1331 1168 1391 quando
1191 1331 1388 1376 offendas
1410 1331 1466 1377 ad

80 1420 100 1443 »
135 1401 326 1462 lapidem
350 1402 506 1462 pedem
529 1411 670 1446 tuum.
695 1421 714 1443 »
740 1401 944 1447 Sublatus
959 1412 1024 1446 est
1043 1402 1239 1448 Christus
1262 1403 1308 1446 in
1325 1403 1466 1446 mani-

77 1472 157 1517 bus
180 1472 446 1531 Angelorum
467 1508 477 1528 ,
503 1472 680 1532 quando
701 1482 946 1532 assumptus
968 1481 1032 1517 est
1059 1474 1106 1516 in
1129 1473 1320 1517 coelum²
1344 1493 1352 1517 z
1377 1490 1467 1518 non

77 1545 179 1605 quia
195 1545 229 1588 si
251 1560 339 1588 non
363 1553 586 1604 portarent
607 1544 784 1603 Angeli,
811 1545 1004 1588 ruiturus
1026 1554 1140 1600 erat3
1171 1544 1244 1588 sed
1265 1545 1367 1604 quia
1389 1545 1469 1589 ob—

77 1614 371 1674 sequebantur
408 1614 532 1673 Regi.
569 1616 631 1659 Ne
661 1614 772 1658 forte
807 1614 956 1658 dicatis
994 1634 1002 1658 :
1034 1614 1234 1659 Meliores
1255 1624 1358 1658 sunt
1390 1616 1469 1675 qui

76 1685 341 1743 portabant,
374 1700 506 1744 quam
527 1684 600 1728 ille
631 1686 706 1744 qui
731 1685 1003 1744 portabatur.
1027 1688 1143 1743 Ergo
1166 1683 1345 1729 meliora
1367 1695 1470 1730 sunt

71 1756 270 1816 jumenta
290 1771 421 1814 quam
440 1756 667 1799 homines?
693 1755 776 1800 Sed
799 1756 900 1815 quia
923 1756 1219 1799 infirmitatem
1237 1755 1468 1799 hominum

78 1835 254 1886 portant
271 1827 471 1886 jumenta
494 1847 504 1883 3
530 1841 610 1869 nec
642 1827 725 1870 hoc
759 1825 970 1869 debemus
997 1824 1138 1869 dicere
1164 1845 1172 1869 :
1207 1826 1370 1869 etenim
1393 1828 1469 1885 ju—

77 1906 224 1940 menta
246 1897 278 1940 si
301 1912 344 1939 se
364 1896 639 1950 subtrahant,
665 1896 831 1940 cadunt
853 1897 929 1956 qui
951 1897 1117 1957 sedent.
1145 1896 1228 1940 Sed
1246 1897 1470 1955 quomodo

78 1965 288 2010 debemus
316 1967 491 2010 dicere?
519 1969 629 2011 Nam
652 1976 695 2010 et
723 1965 777 2010 de
806 1969 895 2010 Deo
932 1966 1099 2010 dictum
1128 1975 1220 2010 est:
1252 1985 1272 2007 (ι
1293 1965 1469 2011 Coelum

81 2055 101 2077 »
136 2037 242 2080 mibi
276 2036 397 2080 sedes
428 2038 538 2080 est3.
568 2056 587 2077 »
615 2037 725 2090 Quia
757 2053 860 2096 crgo
895 2036 1054 2080 coelum
1091 2047 1262 2096 portat,
1287 2045 1331 2080 et
1354 2040 1469 2082 Deus

79 2105 220 2161 sedet,
245 2106 344 2150 ideo
382 2106 535 2150 melius
566 2116 630 2150 est
658 2106 853 2150 ccelum?
878 2107 945 2151 Sic
967 2121 1068 2164 ergo
1106 2116 1149 2151 et
1185 2106 1240 2151 de
1261 2107 1470 2167 obsequio

78 2177 348 2236 Angelorum
369 2178 414 2221 in
436 2178 519 2221 hoc
541 2177 716 2221 Psalmo
741 2177 985 2236 intelligere
1003 2178 1241 2237 poterimus
1269 2197 1277 2222 :
1303 2194 1394 2222 non
1415 2177 1470 2221 ad

77 2248 375 2292 infirmitatem
389 2249 560 2292 Domini
579 2249 782 2308 pertinet,
804 2249 878 2292 sed
908 2250 963 2292 ad
984 2248 1157 2293 illorum
1181 2248 1470 2293 honorificen-

78 2319 206 2374 tiam,
232 2319 286 2363 ad
314 2318 490 2364 illorum
518 2321 786 2365 servitutem.
814 2321 1064 2364 Resurrexit
1087 2330 1234 2364 autem
1258 2321 1470 2364 Dominus

78 2393 201 2435 Jesus
229 2390 424 2436 Christus
448 2411 456 2436 :
479 2402 657 2452 propter
673 2391 810 2452 quid?
833 2393 1090 2452 Apostolum
1110 2391 1257 2436 audite
1280 2411 1289 2436 ι
1309 2411 1329 2433 «
1347 2395 1469 2436 Mor-

81 2480 102 2503 »
137 2470 238 2506 tuus
274 2472 336 2506 est
365 2472 543 2522 propter
566 2462 725 2507 delicta
748 2472 894 2507 nostra
913 2499 924 2518 ‚
959 2473 1003 2507 et
1035 2463 1267 2507 resurrexit
1289 2472 1468 2523 propter

126 2566 134 2581 ¹
152 2563 246 2591 Deut.
268 2571 313 2600 vl,
332 2560 382 2592 16.
405 2578 445 2583 —
472 2568 484 2583 ²
500 2562 598 2592 Marc.
620 2571 688 2601 xw,
705 2573 739 2603 9,
759 2565 791 2593 et
806 2563 874 2592 Act.
898 2573 922 2601 1,
939 2569 957 2592 2
978 2565 1011 2593 et
1033 2572 1067 2603 9.
1088 2578 1128 2583 -—
1151 2559 1163 2582 3
1180 2563 1250 2593 lsai.
1273 2571 1343 2592 wa
1359 2585 1368 2600 ‚
1388 2571 1417 2598 1,
1437 2564 1470 2591 et

80 2617 152 2646 Act.
174 2626 232 2655 vn,
256 2614 310 2657 49.
