1926 3339
390 319 631 349 ENARRATIO
663 321 706 347 nv
739 319 943 348 PSALMUM
974 321 1118 347 Lxxix.
1391 313 1446 350 99

67 386 195 431 lonus
223 385 494 431 intercedens
515 400 596 446 pro
623 385 800 440 arbore,
833 399 932 444 quae
959 382 1127 429 fructus
1158 398 1248 429 non
1281 383 1446 442 dabat,

68 470 124 500 ne
151 455 496 511 subverteretur,
533 455 617 499 ait:
650 473 670 496 «
707 452 1006 499 Circumfodio
1038 467 1158 509 eam,
1190 462 1232 497 et
1263 452 1450 499 adhibeo

73 545 92 567 »
109 525 347 585 cophinum
362 525 627 570 stercoris1.»
644 527 773 568 Fossa
792 523 1007 583 significat
1026 523 1142 584 piam
1160 523 1452 568 humilitatem

69 595 280 651 timentis,
316 604 359 640 et
391 595 588 640 stercoris
621 595 835 654 cophinus
850 593 996 639 sordes
1022 594 1150 639 utiles
1182 595 1449 654 poenitentis.

70 669 132 710 De
147 665 249 725 igne
270 675 415 711 autem
439 666 544 711 boni
566 666 722 710 amoris
745 666 955 710 Dominus
973 665 1078 710 dicit
1101 684 1110 710 ε
1133 685 1154 707 «
1182 668 1333 724 Ignem
1357 665 1456 710 veni

73 755 95 779 »
127 737 300 781 mittere
316 739 362 781 in
394 739 611 783 mundum
624 741 655 782 ².
689 756 710 779 »
737 740 835 790 Quo
862 738 962 796 igne
993 737 1268 781 inardescant
1303 737 1458 797 spiritu

71 806 310 864 ferventes,
339 817 383 852 et
403 808 481 852 Dei
503 824 551 852 ac
574 807 757 868 proximi
777 808 986 851 charitate
1014 807 1260 865 flagrantes.
1289 811 1351 852 Ac
1380 823 1459 867 per

72 878 154 923 hoc
175 879 288 923 sicut
309 880 454 923 omnia
485 880 600 939 justa
623 893 752 937 opera
776 878 893 921 bono
915 879 1070 921 timore
1092 887 1135 922 et
1164 878 1283 922 bono
1314 893 1461 922 amore

71 949 186 992 fiunt
208 968 218 993 :
242 949 301 993 sic
321 948 437 992 malo
459 964 605 993 amore
626 957 670 991 et
685 946 800 991 malo
819 948 972 992 timore
987 948 1133 991 omnia
1151 956 1326 1007 peccata
1349 963 1464 992 com-

72 1019 322 1064 mittuntur.
366 1022 484 1077 Ergo
516 1037 536 1061 «
564 1021 778 1063 Succensa
807 1018 898 1076 igni
931 1027 974 1062 et
996 1018 1148 1063 effossa
1165 1053 1176 1074 ‚
1205 1019 1350 1063 omnia
1377 1019 1461 1063 sci-

76 1107 97 1131 »
121 1088 222 1133 licet
250 1099 449 1148 peccata⁷
467 1089 522 1133 ab
544 1089 839 1148 increpatione
861 1089 1008 1133 vultus
1022 1091 1086 1132 tui
1101 1089 1324 1148 peribunt.
1350 1107 1371 1131 »

130 1162 281 1204 XIV.«
307 1160 404 1205 Fiat
418 1176 573 1204 manus
586 1169 660 1204 tua
681 1175 810 1219 super
827 1160 971 1203 virum
993 1160 1180 1204 dexterae
1203 1170 1306 1215 tuae,
1328 1169 1371 1205 et
1393 1176 1461 1205 su-

77 1250 98 1273 »
132 1247 209 1292 per
217 1231 356 1275 filium
370 1232 556 1276 hominis
568 1246 700 1291 quem
713 1231 892 1276 confirm
901 1231 981 1275 asti
994 1233 1088 1275 tibi.
1112 1235 1168 1276 Et
1180 1248 1269 1277 non
1282 1232 1466 1277 discedi-

77 1321 98 1345 »
133 1318 230 1346 mus
246 1318 270 1346 a
293 1304 378 1347 te3.
401 1321 421 1344 »
448 1302 651 1356 Quandiu
668 1303 885 1361 generatio
908 1319 1038 1363 prava
1066 1313 1110 1348 et
1139 1304 1398 1360 amaricans,
1423 1313 1467 1349 et

74 1389 174 1434 quae
195 1389 269 1418 cor
290 1389 380 1418 non
398 1372 545 1431 dirigit
565 1376 751 1417 suum4?
769 1374 891 1418 Dicat
911 1375 1056 1434 Asaph
1072 1394 1081 1419 z
1100 1375 1312 1420 Ostendat
1327 1391 1372 1419 se
1389 1376 1466 1419 mi-

76 1445 306 1490 sericordia
337 1454 411 1489 tua
427 1480 438 1501 ‚
470 1444 539 1489 fac
568 1445 683 1488 bene
709 1460 812 1489 cum
838 1447 962 1489 vinea
998 1455 1072 1490 tua
1096 1482 1106 1502 ‚
1136 1448 1294 1506 perfice
1316 1447 1464 1504 illam3

80 1536 102 1559 «
135 1516 353 1570 Quoniam
374 1516 542 1560 caecitas
560 1531 611 1559 ex
632 1525 754 1575 parte
779 1514 911 1559 lsrael
924 1515 1041 1561 facta
1059 1527 1146 1573 est,
1168 1527 1218 1561 ut
1238 1517 1468 1577 plenitudo

80 1605 100 1628 »
135 1585 342 1630 Gentium
369 1586 590 1640 introiret,
611 1594 655 1629 et
674 1585 734 1629 sic
755 1586 895 1630 omnis
919 1586 1050 1630 Israel
1082 1587 1225 1631 salvus
1253 1588 1415 1632 fieret⁵.
1442 1606 1463 1630 η

78 1660 378 1702 Demonstrata
398 1656 509 1701 facie
529 1666 605 1700 tua
626 1675 646 1699 «
664 1658 802 1715 Super
823 1656 967 1700 virum
988 1658 1176 1702 dexterae
1194 1668 1283 1702 tuae
1299 1694 1310 1714 ‚
1335 1675 1469 1719 quem

81 1746 102 1770 n
115 1727 387 1773 confirmasti
408 1727 504 1783 tibi,
519 1742 609 1772 non
631 1725 895 1771 discedimus
913 1743 937 1771 a
956 1737 1014 1773 te.
1033 1746 1053 1769 »
1071 1729 1278 1782 Quandiu
1299 1745 1377 1774 nos
1394 1730 1467 1774 in-

76 1800 250 1859 crepas?
271 1797 469 1860 quandiu
495 1799 699 1845 accusas?
721 1800 815 1843 Hoc
842 1797 935 1854 fac,
965 1818 985 1841 «
1006 1801 1064 1844 Et
1091 1816 1182 1845 non
1204 1801 1466 1846 discedimus

80 1891 100 1914 n
135 1887 160 1916 a
181 1881 240 1916 te.
272 1870 522 1916 vivificabis
553 1885 631 1915 nos
647 1905 658 1925 ,
683 1879 727 1914 et
753 1886 915 1915 nomen
942 1880 1067 1916 tuum
1094 1872 1410 1918 invocabimus.
1441 1891 1461 1915 »

79 1947 145 1988 Tu
156 1943 283 1989 nobis
293 1942 430 1988 dulcis
442 1943 538 1998 eris,
549 1942 820 1987 «Vivificabis
833 1958 926 1987 nos.
935 1961 956 1984 »
968 1945 1075 1989 Nam
1085 1944 1203 2004 prius
1214 1946 1467 1991 amabamus

77 2024 252 2071 terram,
283 2030 372 2060 non
391 2023 434 2059 te
453 2035 464 2072 3
493 2013 569 2058 sed
587 2013 854 2057 mortificasti
865 2014 1060 2058 membra
1071 2024 1232 2071 nostra,
1246 2032 1344 2076 quae
1362 2026 1466 2062 sunt

77 2101 207 2146 super
223 2086 417 2130 terramfl.
429 2084 546 2129 Illud
562 2083 679 2128 enim
691 2086 826 2128 Vetus
840 2086 1163 2129 Testamentum
1186 2086 1352 2131 habens
1367 2103 1465 2147 pro-

77 2158 201 2202 missa
212 2166 382 2201 terrena
393 2157 499 2213 ,hoc
516 2155 692 2200 videtur
708 2154 889 2199 suadere
900 2191 910 2211 ‚
932 2171 988 2199 ne
1006 2157 1135 2215 gratis
1149 2156 1318 2202 colatur
1329 2162 1459 2215 Deus,

79 2227 152 2273 sed
171 2228 272 2289 quia
293 2226 459 2288 aliquid
476 2226 550 2270 dat
571 2227 616 2270 in
637 2235 749 2270 terra
770 2262 782 2281 ,
806 2226 905 2271 ideo
926 2226 1144 2286 diligatur.
1171 2229 1289 2282 Quid
1310 2247 1426 2276 amas
1446 2268 1457 2287 ‚

77 2309 129 2344 ut
144 2302 282 2344 Deum
300 2313 391 2343 non
411 2299 558 2342 ames?
580 2296 650 2341 dic
672 2297 794 2341 mihi.
814 2301 946 2353 Ama,
971 2299 1005 2342 si
1026 2308 1148 2359 potes
1166 2299 1332 2362 aliquid
1343 2303 1466 2363 quod

78 2369 151 2415 ille
182 2386 272 2415 non
303 2367 420 2413 fecit.
451 2368 743 2428 Circumspice
779 2369 1025 2414 universam
1058 2380 1299 2416 creaturan-i
1317 2409 1327 2428 ‚
1362 2374 1462 2419 vide

80 2451 227 2486 utrum
254 2440 414 2485 alicubi
446 2439 693 2499 cupiditatis
721 2441 836 2485 visco
862 2441 1066 2497 tenearis,
1105 2452 1148 2486 et
1181 2460 1205 2488 a
1237 2444 1459 2505 diligendo

81 2515 283 2558 Creatore
304 2511 551 2572 impediaris
567 2546 578 2567 ,
604 2511 683 2555 nisi
718 2527 768 2555 ea
797 2528 842 2556 re
883 2529 1014 2573 quam
1037 2515 1198 2560 creavit
1218 2516 1309 2576 ipse
1330 2534 1462 2577 quem

128 2618 136 2633 ¹
154 2613 230 2643 Luc.
251 2621 320 2651 xm,
335 2609 367 2642 8.
384 2626 426 2632 —-
441 2617 454 2632 ²
473 2609 520 2642 Id.
538 2620 594 2649 xu,
609 2607 664 2652 49.
684 2625 724 2631 -
741 2608 753 2632 3
766 2610 845 2643 Psal.
866 2621 974 2653 mnx,
996 2614 1048 2653 18,
1071 2623 1123 2655 19.
1145 2612 1273 2646 -41ἀ,
1291 2625 1411 2656 Lxxvu,
1427 2616 1459 2650 8.

82 2684 123 2690 —
141 2665 155 2689 ⁵
169 2669 261 2699 Rom.
277 2676 322 2708 xl,
341 2664 395 2697 25,
416 2682 457 2687 -
480 2662 497 2687 ⁶
515 2664 631 2698 Coloss.
652 2675 701 2706 ui,
717 2664 748 2697 5.

1263 2727 1301 2764 7.
