1926 3339
413 259 653 286 ENAriRA'rio
686 260 729 284 m
764 257 965 285 PSALMUM
1001 261 1112 285 xciv.
1352 251 1435 290 415

50 322 274 384 Numquid
296 323 398 383 quia
420 323 617 368 Christus
639 322 933 366 confitebatur
949 357 959 376 ,
986 324 1206 381 poenitens
1232 328 1352 368 erat?
1375 326 1437 370 ll-

49 391 143 436 lum
163 392 272 436 nihil
295 393 507 452 poenitere
529 400 698 451 poterat
714 426 724 446 ,
760 391 860 451 quia
891 391 999 435 nihil
1023 392 1297 451 culpabiliter
1320 394 1437 438 fece-—

50 472 146 509 rat:
170 464 246 508 sed
275 464 567 508 confitebatur
604 463 649 507 in
677 462 808 506 laude
832 464 982 507 Patris.
1010 466 1126 522 Ergo
1163 464 1265 524 quia
1294 473 1337 508 et
1367 465 1439 510 hic

51 533 324 578 exultationis
340 533 461 578 loeus
483 543 561 588 est,
581 532 692 577 forte
706 532 823 577 illam
843 532 1053 577 debemus
1074 532 1314 592 intelligere
1330 549 1439 578 con-

49 603 297 659 fessionem,
314 620 414 664 quae
431 613 494 648 est
511 604 555 648 in
578 602 708 647 laude
730 603 802 646 Dei
823 622 832 647 ε
859 602 976 647 unde
998 613 1041 647 et
1058 622 1076 644 α
1093 606 1205 648 Laus
1222 604 1394 660 cantici,
1415 622 1436 646 »

50 683 100 719 ut
136 690 225 719 non
247 675 318 719 hic
346 674 639 732 intelligamus
662 673 975 719 confessionem
1001 674 1332 734 poenitentium,
1365 674 1441 720 sed

50 745 338 790 laudantium.
363 749 420 790 Et
451 745 557 805 quid
576 755 640 789 est
668 745 789 805 quod
811 745 1021 789 continuo
1045 760 1123 789 nos
1158 744 1365 790 admonet
1385 745 1440 790 de

49 817 239 877 quadam
257 816 542 872 consessione,
563 830 661 860 cum
683 817 742 860 ait
761 836 769 860 :
790 835 811 858 «
828 816 1153 860 Praeveniamus
1171 815 1328 860 faciem
1348 818 1440 876 ejus

53 905 75 927 »
108 887 153 930 in
173 885 473 931 confessione?
495 905 513 927 »
540 886 654 939 Quid
673 895 758 940 est,
790 905 809 927 «
834 886 1154 930 Praeveniamus
1177 884 1331 929 faciem
1350 887 1440 946 ejus

53 972 74 997 »
109 957 154 1000 in
173 956 469 1001 confessione?
494 975 512 997 n
540 958 759 999 Venturus
782 965 845 1000 est
863 991 873 1011 ,
905 975 924 998 ι(
953 957 1273 1000 Praeveniamus
1288 955 1440 1001 faeiem

53 1045 74 1068 »
109 1028 200 1087 ejus
222 1028 267 1070 in
289 1026 575 1081 confessione,
590 1044 609 1066 »
630 1027 747 1085 prius
770 1045 779 1070 :
797 1036 1030 1086 antequam
1048 1027 1210 1080 veniat,
1237 1042 1314 1071 nos
1332 1042 1440 1071 con-

51 1098 215 1143 fitendo
243 1100 500 1143 damnemus
524 1097 644 1158 quod
667 1097 847 1142 fecimus
866 1134 877 1152 ,
907 1108 955 1142 ut
982 1098 1054 1142 ille
1087 1097 1207 1158 quod
1237 1107 1437 1154 coronet,

51 1185 139 1213 non
157 1169 277 1229 quod
299 1168 477 1214 damnet
492 1207 502 1226 ,
528 1172 736 1215 inveniat.
758 1168 987 1230 Numquid
1015 1178 1159 1213 autem
1184 1178 1226 1212 et
1248 1170 1330 1213 hoc
1352 1184 1442 1213 non

51 1241 238 1300 pertinet
265 1240 320 1285 ad
351 1241 527 1285 laudem
562 1242 660 1296 Dei,
692 1240 871 1301 quando
892 1240 1111 1284 confiteris
1138 1249 1314 1298 peccata
1333 1241 1441 1283 tua?

49 1314 248 1355 Imovero
266 1311 450 1355 maxime
473 1312 661 1372 pertinet
682 1312 737 1355 ad
759 1311 934 1355 laudem
969 1312 1060 1355 Dei.
1086 1313 1232 1364 Quare
1258 1310 1442 1353 maxime

51 1382 234 1438 pertinet
257 1382 311 1426 ad
328 1381 500 1425 laudem
527 1383 602 1426 Dei
618 1382 755 1435 PQuia
780 1390 903 1425 tanto
926 1380 1111 1440 amplius
1129 1380 1334 1424 laudatur
1350 1395 1444 1424 me-

55 1451 176 1496 dicus
193 1487 203 1507 ‚
228 1462 395 1513 quanto
419 1453 515 1512 plus
543 1453 855 1512 desperabatur
876 1460 1079 1510 aegrotus.
1106 1452 1326 1495 Confitere
1357 1451 1442 1495 ita-

51 1536 138 1582 que
159 1532 335 1582 peccata
357 1533 432 1567 tua
455 1538 545 1582 quo
568 1523 703 1581 magis
727 1522 987 1581 desperabas
1011 1520 1066 1565 de
1094 1529 1136 1564 te
1162 1530 1340 1580 propter
1356 1521 1442 1564 ini-

55 1593 240 1652 quitates
278 1602 389 1637 tuas.
429 1596 567 1636 Tanto
600 1593 715 1636 enim
752 1593 889 1652 major
920 1591 1014 1635 laus
1051 1600 1115 1635 est
1152 1591 1413 1649 ignoscentis
1429 1626 1440 1646 ‚

53 1673 219 1724 quanto
240 1665 377 1724 major
391 1663 663 1722 exaggeratio
680 1673 742 1707 est
757 1671 933 1723 peccata
948 1663 1209 1707 confitentis.
1221 1665 1319 1706 Non
1341 1676 1444 1721 ergo

52 1743 256 1795 putemus
279 1735 498 1778 recessisse
517 1750 595 1778 nos
617 1750 639 1777 a
657 1733 788 1777 laude
810 1734 985 1788 cantici,
1011 1733 1044 1776 si
1066 1734 1180 1776 hanc
1205 1731 1444 1777 confessio-

53 1820 153 1848 nem
176 1805 247 1849 hic
272 1804 556 1864 intelligimus
572 1840 582 1858 ,
606 1820 692 1864 qua
715 1805 977 1848 confitemur
1000 1812 1176 1862 peecata
1199 1814 1359 1846 nostra.
1387 1805 1445 1847 Et

53 1876 137 1920 hoc
153 1874 208 1919 ad
228 1874 403 1919 laudem
427 1876 585 1919 cantici
608 1875 793 1934 pertinet
815 1893 824 1918 z
845 1875 945 1934 quia
965 1873 1069 1917 dum
1099 1883 1275 1933 peccata
1299 1881 1444 1917 nostra

53 1946 354 2005 cognoscimus
368 1981 379 2000 ‚
406 1946 481 1989 Dei
503 1945 683 2004 gloriam
701 1943 1072 1989 commendamus.
1093 1961 1112 1985 «
1126 1944 1445 1988 Praeveniamus

58 2036 78 2059 »
112 2016 269 2061 faciem
286 2017 377 2076 ejus
399 2016 443 2059 in
461 2014 745 2060 confessione.
770 2033 790 2055 »

114 2090 168 2131 V.
198 2105 218 2129 «
243 2089 301 2130 Et
322 2087 366 2130 in
389 2085 567 2130 Psalmis
583 2085 822 2145 jubilemus
843 2083 906 2127 illi
922 2086 952 2127 ¹.
969 2102 988 2125 »
1011 2087 1106 2128 Jam
1131 2081 1446 2142 diximus—quid

55 2158 109 2202 sit
127 2156 317 2218 jubilare
345 2176 354 2201 :
380 2157 614 2216 repetitum
650 2164 735 2209 est,
772 2164 819 2198 ut
846 2154 1129 2198 confirmetur
1151 2153 1196 2195 in
1227 2151 1442 2196 faciendo.

55 2230 154 2288 Ipsa
177 2226 377 2287 repetitio
399 2227 643 2270 exhortatio
661 2234 740 2268 est.
765 2227 863 2269 Non
887 2224 1001 2266 enim
1014 2224 1105 2282 jam
1130 2221 1254 2266 obliti
1272 2236 1442 2277 sumus,

56 2307 107 2342 ut
124 2300 215 2358 jam
241 2296 409 2341 moneri
437 2312 515 2340 nos
538 2295 721 2340 velimus
737 2330 748 2349 ‚
773 2310 873 2354 quae
896 2292 1010 2337 dicta
1033 2293 1119 2336 sint
1147 2292 1343 2351 superius
1361 2326 1371 2346 ,
1398 2299 1447 2334 ut

53 2370 294 2431 jubilemus
320 2388 329 2413 :
354 2366 430 2412 sed
447 2367 705 2427 plerumque
723 2365 945 2410 in-affectu
970 2365 1102 2407 animi
1125 2363 1336 2422 repetitur
1352 2377 1449 2405 ver-

60 2442 166 2485 bum
188 2439 310 2501 quod
331 2447 485 2483 notum
503 2447 620 2492 erat,
646 2453 734 2482 non
757 2445 807 2480 ut
824 2436 1088 2489 innoteseat,
1110 2434 1185 2478 sed
1207 2443 1255 2478 ut
1273 2435 1363 2493 ipsa
1383 2448 1450 2476 re-

61 2511 214 2572 petitio
235 2510 366 2556 faeiat
390 2509 766 2554 confirmationem
788 2527 795 2551 :
830 2507 1040 2566 repetitur
1071 2505 1187 2549 enim
1211 2504 1266 2548 ad
1288 2502 1450 2547 intelli-

114 2605 121 2620 ¹
143 2596 224 2629 Psal.
244 2607 327 2637 xciv,
354 2604 385 2628 ¹2.
