1926 3339
466 324 520 362 44
897 329 929 357 S.
966 328 1193 356 AUGL'STlNI
1228 326 1404 352 muscom

464 419 484 441 »
520 406 720 443 ravcrunt
750 397 794 438 in
811 393 996 438 salutare
1016 393 1106 450 ejus
1128 409 1137 433 :
1169 407 1189 429 »
1216 388 1425 432 continuo
1454 387 1682 446 subjiciens
1704 399 1836 444 quam

463 467 732 512 evidentitmc,
754 462 982 511 fflssficiis
1020 459 1173 516 ingrati
1201 457 1406 512 fuerunt,
1445 476 1463 497 «
1494 459 1553 501 Et
1586 453 1835 506 mandavit,

469 557 486 579 »
521 537 687 596 inquit,
725 533 916 577 nubibus
938 531 1158 587 ‘des-uper,
1194 537 1238 571 et
1264 528 1417 587 januas
1447 526 1550 570 coeli
1573 524 1755 584 aperuit.
1782 525 1840 565 Et

469 629 486 649 »
520 608 632 665 pluit
652 605 733 648 illis
757 618 912 646 manna
934 602 989 644 ad
1012 597 1382 651 manducandum,
1398 607 1439 640 et
1457 611 1616 656 panem
1638 593 1737 639 coeli
1759 593 1839 636 de-

467 698 485 718 »
520 677 584 719 dit
604 676 676 717 eis.
700 678 859 716 Panem
878 669 1143 726 Angelorum
1163 667 1442 711 manducavit
1462 667 1618 709 hom0¹
1649 684 1657 709 :
1678 662 1837 707 cibaria

467 767 485 787 »
521 745 632 787 misit
647 743 704 787 eis
726 742 771 785 in
793 739 1078 784 abundantia.
1098 737 1333 781 Transtulit
1349 741 1555 781 Austrum
1573 736 1628 779 de
1650 734 1780 785 coelo,
1799 740 1843 775 et

467 834 484 855 »
520 813 692 856 induxit
710 811 755 856 in
775 814 936 854 virtute
958 825 1034 852 sua
1050 807 1261 852 Africum.
1278 809 1335 850 Et
1356 805 1468 865 pluit
1489 820 1618 864 super
1640 819 1710 848 eos
1733 805 1844 847 sicut

467 905 485 925 »
520 883 742 942 pulverem
765 895 913 925 carnes
933 915 944 933 ‚
970 889 1012 922 et
1034 880 1144 922 sicut
1164 892 1336 920 arenam
1371 876 1498 919 maris
1527 874 1718 920 volatilia
1740 889 1846 933 pcn-

469 972 487 994 »
523 962 637 996 nata.
663 955 719 995 Et
747 949 997 994 ceciderunt
1017 949 1063 991 in
1086 947 1229 991 medio
1260 955 1498 990 castrorum
1529 960 1704 999 eorum,
1733 944 1846 988 circa

469 1043 487 1065 »
523 1020 798 1067 tabernacula
816 1034 981 1063 eorum.
1000 1022 1057 1062 Et
1078 1017 1470 1072 manducaverunt,
1487 1025 1531 1060 et
1547 1014 1724 1060 saturati
1746 1022 1847 1057 sunt

470 1114 489 1136 »
524 1093 680 1149 nimis3
705 1102 748 1135 et
769 1090 1031 1135 desiderium
1053 1103 1205 1133 eorum
1236 1087 1384 1131 attulit
1405 1087 1464 1131 eis
1491 1106 1500 1131 :
1529 1101 1618 1130 non
1639 1095 1740 1129 sunt
1756 1085 1847 1144 pri-

471 1182 489 1204 »
523 1162 610 1207 vati
627 1177 650 1205 a
672 1161 885 1205 desiderio
907 1175 1001 1204 suo.
1033 1179 1051 1201 »
1073 1161 1186 1203 Ecce
1208 1172 1342 1217 quare
1364 1155 1605 1201 distulerat.
1633 1154 1750 1208 Quid
1767 1169 1848 1198 au-

465 1240 554 1276 tem
574 1231 826 1285 distulerat,
852 1228 1093 1274 audiamus.
1124 1246 1141 1267 «
1168 1227 1327 1272 Adhuc
1350 1242 1445 1271 esca
1467 1235 1557 1270 erat
1578 1226 1623 1269 in
1649 1240 1722 1270 ore
1738 1225 1851 1282 ipso-

469 1322 488 1344 »
523 1317 620 1346 rum
641 1336 653 1357 ‚
689 1310 732 1345 et
763 1302 825 1345 ira
857 1302 935 1344 Dei
973 1298 1168 1344 ascendit
1199 1313 1329 1358 super
1360 1313 1432 1343 eos
1449 1301 1481 1341 ².
1525 1317 1542 1344 i>
1577 1299 1692 1341 Ecce
1729 1295 1851 1356 quod

465 1372 705 1416 distulerat.
738 1372 861 1415 Prius
899 1371 1044 1426 enim,
1074 1389 1091 1411 «
1124 1369 1328 1428 Distulit3
1357 1391 1374 1411 »
1408 1378 1451 1413 et
1471 1377 1649 1429 postea,
1682 1385 1701 1408 «
1737 1366 1852 1425 Ignis

470 1464 488 1485 »
524 1458 727 1487 accensus
749 1451 811 1486 est
828 1443 874 1486 in
893 1442 1026 1486 Jacob
1043 1477 1054 1497 ,
1075 1451 1118 1485 et
1134 1442 1197 1486 ira
1216 1440 1411 1486 ascendit
1426 1441 1472 1484 in
1496 1439 1643 1484 Israel.
1674 1459 1691 1481 »
1711 1437 1853 1483 Distu-

467 1512 575 1557 ]erat
599 1529 701 1571 ergo
718 1548 729 1567 ‚
761 1522 812 1573 ut
843 1513 962 1571 prius
994 1512 1154 1556 faceret
1184 1511 1304 1572 quod
1333 1526 1432 1556 eum
1455 1509 1597 1555 facere
1619 1525 1707 1554 non
1729 1523 1854 1568 posse

467 1582 755 1637 crediderant,
770 1582 930 1627 deinde
949 1581 1129 1626 inferret
1145 1581 1265 1643 quod
1288 1598 1359 1627 eos
1380 1583 1469 1642 pati
1486 1581 1730 1641 oportebat.
1742 1582 1854 1625 Nam

468 1655 501 1698 si
522 1663 733 1712 ponerent
763 1654 808 1696 in
830 1657 920 1697 Deo
942 1669 1060 1712 spem
1087 1669 1209 1697 suam
1226 1688 1237 1708 ‚
1267 1669 1358 1697 non
1381 1651 1522 1697 solum
1548 1651 1607 1695 eis
1636 1650 1711 1694 illa
1739 1649 1853 1693 desi-

470 1723 588 1768 deria
617 1724 754 1767 carnis
770 1759 780 1778 ,
807 1723 881 1768 sed
915 1724 1045 1767 etiam
1070 1724 1243 1783 spiritus
1259 1759 1270 1778 ‚
1301 1722 1601 1782 implerentur.
1633 1720 1719 1774 Qui
1740 1720 1856 1763 enim

474 1813 491 1833 «
526 1792 751 1838 Mandavit
776 1792 968 1837 nubibus
991 1792 1176 1852 desuper
1191 1828 1202 1847 ‚
1229 1802 1272 1837 et
1288 1794 1443 1853 januas
1467 1790 1566 1835 coeli
1589 1789 1759 1849 aperuit
1777 1825 1788 1844 ‚
1813 1798 1857 1834 et

476 1885 492 1905 »
528 1864 640 1922 pluit
661 1863 741 1907 illis
763 1879 921 1907 manna
940 1863 995 1907 ad
1012 1862 1365 1907 manducandum
1382 1898 1393 1917 ,
1418 1871 1462 1905 et
1483 1876 1641 1921 panem
1665 1859 1767 1904 coeli
1786 1859 1856 1903 de—

475 1955 493 1975 »
529 1933 593 1977 dit
613 1934 672 1977 eis
688 1969 698 1988 ‚
728 1954 745 1974 »
766 1943 816 1977 ut
832 1969 842 1988 ,
867 1953 884 1974 «
909 1938 1071 1978 Panem
1089 1934 1358 1992 Angelorum
1374 1932 1659 1977 manducaret
1678 1934 1853 1986 homo,»

471 2004 546 2063 qui
569 2022 585 2043 «
612 2004 780 2048 Cibaria
802 2004 916 2048 misit
938 2004 997 2047 eis
1018 2004 1062 2047 in
1085 2003 1354 2048 abundantia
1373 2038 1383 2057 ,
1411 2022 1428 2043 >›
1453 2012 1504 2046 ut
1524 2003 1695 2046 satiaret
1716 2002 1859 2045 incre—

472 2073 624 2128 dulos,
658 2089 747 2117 non
779 2083 843 2118 est
869 2073 1070 2117 inefficax
1092 2073 1195 2117 dare
1227 2072 1506 2117 credentibus
1533 2087 1686 2116 verum
1714 2072 1859 2131 ipsum

472 2143 527 2187 de
548 2143 661 2188 coelo
684 2159 855 2202 panem,
872 2158 1004 2202 quem
1021 2158 1180 2186 manna
1203 2142 1496 2201 significabat:
1516 2143 1591 2202 qui
1611 2157 1712 2187 vere
1736 2141 1860 2186 cibus

472 2222 536 2256 est
557 2213 847 2270 Angelorum,
873 2228 981 2272 quos
1012 2212 1089 2256 Dei
1120 2213 1313 2256 Verbum
1342 2212 1693 2272 incorruptibiles
1715 2212 1861 2256 incor-

473 2283 736 2342 ruptibiliter
758 2283 892 2339 pascit
912 2302 921 2326 :
948 2282 1069 2341 quod
1090 2291 1139 2326 ut
1160 2283 1444 2327 manducaret
1463 2285 1592 2328 homo
1606 2319 1617 2339 ,
1643 2299 1743 2328 caro
1766 2282 1859 2327 fac-

474 2362 568 2396 tum
582 2362 659 2407 est,
679 2362 722 2396 et
738 2353 952 2397 habitavit
968 2353 1015 2396 in
1036 2353 1161 2397 nobis
1175 2355 1207 2397 3.
1228 2356 1323 2413 Ipse
1345 2355 1460 2398 enim
1484 2355 1606 2414 panis
1628 2369 1705 2414 per
1721 2353 1861 2398 nubes

475 2423 743 2482 evangelicas
775 2424 977 2467 universo
1001 2423 1097 2467 orbi
1123 2423 1318 2483 pluitur3
1355 2434 1398 2469 et
1421 2426 1577 2484 apertis
1598 2424 1861 2484 praedicato-

475 2509 573 2537 rum
601 2493 805 2537 cordibus
840 2502 1048 2553 tanquam
1081 2494 1331 2539 coelestibus
1349 2497 1519 2555 januis,
1548 2512 1637 2540 non
1658 2510 1861 2539 murmu-

523 2594 532 2610 ¹
555 2587 643 2620 Idem
661 2588 833 2621 versiculus
851 2587 892 2620 25
918 2588 1091 2630 explicatur
1107 2599 1201 2631 supra
1226 2590 1256 2622 in
1275 2592 1419 2622 Enarrat.
1444 2590 1557 2623 Psalm.
1585 2602 1694 2632 xxxin,
1713 2592 1816 2622 Serm.
1836 2601 1862 2630 1,

473 2653 503 2673 n.
525 2643 557 2676 6.
578 2660 618 2667 --
641 2651 653 2666 ²
673 2644 751 2676 psat.
770 2655 888 2683 mcxvii,
907 2644 1017 2678 23-317
1037 2662 1077 2668 -
1094 2644 1107 2667 3
1126 2647 1219 2677 Joan.
1240 2658 1266 2685 1,
1288 2645 1339 2687 ¹4·
