1926 3339
484 267 538 302 80
911 271 942 297 s.
979 271 1206 298 Avensa-xm
1241 270 1420 296 muscom

482 341 616 399 Magis
645 340 759 383 enim
781 337 900 382 locus
927 336 1062 380 Jacob
1085 334 1157 378 illa
1188 335 1337 378 civitas
1359 334 1503 393 putari
1524 342 1687 393 potest,
1711 333 1759 377 in
1779 350 1866 394 qua

482 419 573 454 erat
589 418 633 453 et
650 407 879 467 templum⁷
901 421 988 465 quo
1005 405 1247 448 universam
1264 403 1384 447 illam
1403 413 1577 462 gentem
1599 403 1867 448 sacrificandi

482 490 525 524 et
539 478 744 524 adorandi
766 492 892 521 causa
915 485 957 520 et
979 475 1140 519 Pascha
1163 473 1440 529 celebrandi,
1467 474 1680 519 Dominus
1701 489 1868 533 praece-

483 559 605 610 perat
625 548 873 594 convenire.
897 549 1004 590 Nam
1021 546 1055 589 si
1076 544 1423 590 Christianorum
1445 554 1686 589 conventus
1707 544 1870 589 inhibi-

488 630 554 663 tos
587 628 717 679 atque
753 631 1015 674 compressos
1043 631 1066 659 a
1098 614 1446 673 persecutoribus
1483 615 1700 674 Propheta
1736 613 1870 659 vellet

485 687 692 746 intelligi,
718 686 811 730 loca
833 684 1022 729 desolata
1043 683 1265 729 videretur
1286 684 1426 729 dicere
1443 682 1643 729 debuisse
1657 719 1668 739 ‚
1694 699 1784 729 non
1804 682 1870 729 lo-

485 773 600 802 cum.
617 756 701 802 Sed
716 770 942 816 possumus
955 755 1147 814 accipere
1160 770 1237 814 pro
1250 769 1432 798 numero
1445 753 1620 814 plurali,
1634 769 1870 798 numerum

487 826 747 886 singularem
783 826 994 886 positum,
1031 825 1142 870 sicut
1163 834 1324 869 vestem
1346 839 1425 884 pro
1447 825 1662 879 vestibus,
1686 823 1870 868 militem

486 914 566 958 pro
588 897 798 942 militibus
817 931 829 952 ‚
865 912 996 956 pecus
1016 911 1097 956 pro
1118 895 1348 955 pecoribus
1370 914 1380 940 ε
1407 893 1547 939 multa
1574 895 1691 939 enim
1713 895 1870 955 hujus-

487 968 605 1013 modi
622 968 752 1012 moris
775 977 839 1012 est
860 967 961 1023 dici,
985 983 1065 1011 nec
1082 966 1221 1011 solum
1238 964 1370 1024 vulgo
1386 964 1678 1026 loquentium,
1701 980 1873 1011 verum-

489 1039 617 1083 etiam
634 1037 1008 1082 disertissimorum
1035 1046 1262 1081 auctorum
1281 1035 1557 1097 eloquentiae.
1584 1038 1672 1082 Nec
1703 1035 1759 1080 ab
1780 1036 1872 1096 ipsa

489 1110 633 1154 divina
658 1111 875 1169 Scriptura
898 1110 982 1154 hoc
1004 1124 1138 1167 genus
1159 1108 1392 1153 locutionis
1408 1107 1599 1152 alienum
1621 1116 1699 1152 est.
1725 1107 1874 1152 Posuit

491 1181 605 1225 enim
627 1190 669 1225 et
690 1181 779 1240 ipsa
802 1196 949 1225 ranam
970 1197 1050 1241 pro
1080 1182 1192 1225 ranis
1208 1215 1218 1234 ‚
1243 1179 1457 1224 locustam
1474 1195 1554 1239 pro
1587 1179 1808 1234 locustis1,
1831 1187 1874 1222 et

490 1252 820 1297 innumerabilia
840 1252 955 1297 talia.
983 1254 1112 1306 Quod
1140 1267 1242 1296 vero
1269 1252 1435 1296 dictum
1460 1260 1551 1295 est:
1578 1250 1874 1296 Comederunt

492 1342 513 1363 »
549 1324 707 1379 Jacob,
736 1343 756 1365 »
789 1324 874 1368 hoc
897 1323 1008 1367 bene
1035 1317 1310 1382 intelligitur,
1344 1320 1466 1382 quod
1494 1320 1656 1366 multos
1678 1320 1725 1365 in
1746 1335 1875 1365 suum

491 1392 728 1452 malignum
753 1410 907 1454 corpus
924 1430 934 1449 ‚
963 1395 1048 1439 hoc
1070 1403 1132 1439 est
1148 1429 1159 1449 ‚
1187 1394 1231 1438 in
1253 1407 1376 1452 suam
1397 1392 1644 1437 societatem
1672 1389 1875 1436 terrendo

491 1464 669 1509 transire
691 1470 943 1524 coegerunt.

550 1537 627 1578 XI.
663 1536 863 1580 Meminit
890 1551 1012 1591 sane,
1047 1535 1244 1596 quamvis
1273 1533 1356 1578 illis
1386 1548 1467 1593 pro
1496 1534 1650 1577 merito
1682 1533 1877 1592 pessimae

491 1605 726 1650 voluntatis
748 1622 798 1650 ex
814 1607 875 1651 ira
898 1607 974 1651 Dei
993 1606 1125 1665 digna
1147 1603 1368 1650 reddenda
1387 1605 1472 1649 sint
1489 1639 1500 1659 ‚
1525 1620 1615 1649 non
1637 1614 1784 1647 tamen
1805 1618 1878 1648 eos

492 1674 656 1736 aliquid
673 1676 875 1722 adversus
888 1677 1187 1721 haereditatem
1204 1677 1294 1736 ejus
1311 1675 1453 1719 valere
1467 1675 1672 1734 potuisse,
1687 1673 1769 1717 nisi
1781 1688 1877 1718 eam

491 1746 696 1792 voluisset
711 1749 802 1808 ipse
811 1764 890 1808 pro
900 1750 1086 1809 peccatis
1099 1750 1189 1809 ejus
1211 1746 1473 1806 flagellando
1492 1745 1737 1790 emendare.
1752 1744 1877 1790 Unde

493 1817 716 1878 subjungit
737 1839 745 1864 ε
776 1838 795 1861 «
821 1822 884 1865 Ne
905 1819 1151 1863 memineris
1178 1818 1459 1878 iniquitatum
1487 1826 1735 1861 nostrarum
1761 1815 1901 1860 anti-'

495 1907 515 1929 »
550 1893 777 1949 quarum2.
807 1908 827 1931 »
852 1893 950 1935 Non
984 1890 1043 1933 ait
1071 1889 1387 1949 praeteritarum
1406 1923 1417 1943 ⁷
1447 1904 1546 1948 quae
1578 1896 1755 1947 possent
1787 1901 1876 1931 esse

494 1962 621 2005 etiam
651 1963 936 2019 recentiore83
960 1961 1034 2006 sed
1051 1997 1065 2017 ,
1097 1981 1117 2003 «
1143 1962 1431 2021 Antiquarum
1450 1996 1460 2016 ‚
1489 1979 1508 2001 >›
1535 1961 1619 2004 hoc
1641 1968 1725 2014 est,
1752 1974 1776 2003 a
1797 1974 1876 2018 pa-

493 2032 688 2076 rentibus
715 2033 1002 2076 venientium.
1033 2031 1209 2076 Talibus
1233 2032 1396 2092 quippe
1431 2029 1736 2091 iniquitatibus
1759 2027 1876 2073 dam-

494 2102 633 2160 natio,
659 2118 748 2146 non
774 2104 987 2163 correptio
1009 2102 1207 2146 debetur.
1240 2121 1257 2141 «
1284 2102 1382 2147 Cito
1399 2101 1638 2159 anticipent
1656 2115 1735 2144 nos
1750 2099 1877 2144 mise-

496 2191 515 2212 »
550 2172 746 2217 ricordiae
779 2182 882 2217 tuae.
911 2191 932 2214 >›
957 2173 1207 2232 Anticipent
1237 2172 1391 2233 utique
1412 2171 1467 2215 ad
1490 2171 1707 2231 judicium
1730 2179 1872 2214 tuum.

497 2262 513 2282 «
553 2243 849 2302 Superexaltat
883 2244 999 2287 enim
1031 2241 1325 2287 misericordia
1358 2243 1403 2286 in
1434 2241 1614 2301 judicio.
1655 2240 1877 2285 Judicium

496 2331 505 2352 >
552 2323 695 2358 autem
715 2314 805 2358 sine
825 2314 1139 2369 misericordia,
1158 2313 1232 2358 sed
1255 2314 1292 2357 ei
1314 2313 1390 2374 qui
1412 2328 1500 2357 non
1516 2311 1619 2357 fecit
1641 2311 1878 2356 misericor-

496 2401 515 2424 »
551 2383 668 2429 diam
683 2387 715 2429 3.
744 2404 764 2427 »
793 2386 921 2439 Quod
943 2395 1088 2430 autem
1110 2383 1308 2445 adjungit
1329 2400 1337 2425 :
1367 2403 1387 2425 «
1411 2384 1522 2437 Quia
1543 2398 1752 2443 pauperes
1773 2380 1877 2426 facti

496 2472 505 2494 >
551 2470 698 2500 sumus
720 2456 847 2500 nimis
867 2475 875 2500 ε
903 2474 923 2497 »
949 2456 1104 2500 adhoc
1125 2454 1222 2499 vult
1243 2453 1426 2513 intelligi
1449 2454 1684 2514 anticipare
1706 2468 1783 2497 nos
1800 2452 1876 2496 mi-

492 2526 743 2571 sericordias
764 2527 866 2583 Dei,
894 2537 944 2572 ut
973 2536 1118 2572 nostra
1151 2534 1382 2586 paupertas
1399 2559 1410 2580 ‚
1443 2523 1488 2568 id
1510 2533 1598 2579 est,
1623 2522 1872 2577 infirmitas,

541 2617 549 2633 ¹
574 2609 653 2644 Psal.
670 2621 785 2652 mxxvii,
809 2610 864 2653 45.
886 2628 927 2634 -
943 2617 956 2634 ²
975 2611 1019 2643 ld.
1043 2621 1172 2652 Lxxvnr,
1188 2611 1218 2642 8.
1237 2626 1280 2633 —-
1301 2607 1313 2633 3
1331 2608 1445 2642 Jacob.
1469 2620 1505 2650 ιι,
1526 2608 1577 2641 13.

507 2333 515 2353 u

507 2474 515 2494 υ
