1926 3339
444 266 529 305 466
877 275 910 304 s.
947 274 1178 304 Aucus'nm
1212 272 1393 303 Emscom

436 350 527 386 tem
559 361 568 387 :
606 359 627 384 «
656 341 860 388 Custodit
886 341 1096 385 Dominus
1129 341 1293 385 animas
1326 353 1550 384 servorum
1577 353 1772 383 suorum.
1801 357 1822 381 η
1884 332 1888 337 ’

436 413 549 466 Quia
588 428 690 472 ergo
718 411 884 457 dixerat
912 412 1108 472 superius
1146 430 1155 456 :
1186 431 1206 454 «
1238 411 1323 465 Qui
1357 409 1535 469 diligitis
1566 409 1825 466 Dominum,
1883 453 1891 462 „

438 503 458 526 »
495 483 612 529 odite
637 483 879 542 malignum
907 502 915 528 :
944 501 964 524 »
987 498 1042 526 ne
1072 481 1171 526 ideo
1200 483 1375 526 timeres
1396 481 1535 526 odisse
1558 481 1799 539 malignum
1810 515 1850 544 ,-

436 571 493 600 ne
514 554 731 600 occideret
747 564 790 599 te
811 553 1054 613 malignus,
1080 553 1265 613 subjecit
1282 553 1426 597 statim
1450 573 1458 598 2
1488 572 1507 595 «
1525 552 1725 598 Custodit
1743 555 1831 597 Do-

439 645 458 667 »
494 627 638 670 minus
672 627 834 670 animas
865 640 1092 670 servorum
1114 640 1311 669 suorum.
1335 643 1354 666 »
1381 623 1498 668 Audi
1533 624 1659 668 illum
1680 632 1830 668 custo·
1892 642 1903 649 ·

436 695 627 741 dientem
652 697 815 741 animas
837 711 1062 741 servorum
1078 710 1258 740 suorum
1275 731 1286 751 ‚
1307 704 1351 739 et
1373 694 1591 740 dicentem
1616 714 1625 739 :
1650 693 1831 740 «Nolite
1892 688 1893 694 ¹

439 785 459 808 »
496 767 647 812 timere
680 783 753 812 eos
788 768 864 828 qui
895 783 1052 828 corpus
1083 767 1319 821 occidunt,
1358 765 1550 810 animam
1571 774 1719 810 autem
1740 779 1832 810 non
1896 815 1897 818 Ἴ

438 856 457 880 »
492 848 675 898 possunt
701 837 901 883 occidere
916 840 946 882 1.
979 857 998 880 »
1024 837 1195 882 Occidit
1219 847 1262 882 et
1285 853 1442 898 corpus
1459 873 1470 893 ‚
1493 837 1571 898 qui
1591 837 1639 881 in
1660 846 1703 881 te
1723 835 1831 896 plu-

434 910 595 955 rimum
626 911 819 971 potuerit
846 930 854 956 ε
886 910 993 972 quid
1025 910 1104 954 tibi
1132 910 1268 954 fecit?
1299 910 1426 964 Quod
1454 919 1498 954 et
1528 908 1715 954 Domino
1743 913 1830 953 Deo
1891 948 1897 954 .

436 992 529 1027 tuo.
545 985 689 1036 Quare
708 998 823 1027 amas
839 982 1002 1026 habere
1025 981 1143 1042 quod
1158 982 1377 1038 Christus,
1399 981 1432 1025 si
1456 980 1581 1025 times
1604 979 1693 1040 pati
1711 977 1831 1040 quod
1895 974 1898 983 ⁸

436 1055 661 1099 Christus?
691 1054 769 1098 Ille
786 1054 906 1098 venit
928 1053 1039 1098 ferre
1063 1054 1199 1098 vitam
1222 1063 1344 1098 tuam
1369 1051 1652 1113 temporalem
1672 1087 1682 1108 ‚
1708 1051 1833 1095 infir-
1893 1099 1900 1106 ,

436 1140 578 1174 mam,
617 1126 747 1169 morti
782 1124 1032 1169 obnoxiam.
1059 1126 1188 1169 Certe
1220 1124 1323 1168 time
1357 1124 1493 1179 mori,
1519 1124 1554 1167 si
1585 1132 1708 1182 potes
1740 1137 1831 1166 non

435 1197 562 1241 mori.
584 1196 715 1250 Quod
738 1213 814 1257 per
836 1206 1037 1241 naturam
1059 1197 1197 1241 vitare
1220 1211 1310 1241 non
1331 1204 1454 1256 potes
1469 1230 1480 1251 ‚
1501 1210 1636 1255 quare
1654 1202 1835 1254 propter

435 1265 569 1311 fidem
601 1283 692 1312 non
719 1267 925 1327 suscipis?
962 1265 1103 1312 Tollat
1133 1267 1212 1311 tibi
1233 1267 1359 1311 istam
1382 1266 1515 1310 vitam
1539 1265 1616 1326 qui
1641 1263 1835 1327 minatur

434 1338 717 1395 adversarius,
734 1340 810 1384 dat
825 1339 907 1383 tibi
929 1342 1043 1383 Deus
1066 1337 1195 1384 aliam
1216 1339 1352 1383 vitam
1373 1357 1382 1382 ε
1407 1337 1510 1398 quia
1531 1346 1575 1381 et
1594 1337 1720 1380 istam
1742 1335 1834 1395 ipse
1899 1375 1906 1380 .

432 1409 511 1452 tibi
529 1409 672 1465 dedit,
699 1419 743 1454 et
759 1410 794 1454 si
814 1411 906 1470 ipse
928 1409 1119 1454 noluerit
1138 1445 1149 1467 ‚
1174 1426 1256 1454 nec
1274 1410 1368 1469 ipsa
1393 1407 1575 1453 tolletur
1598 1426 1607 1453 z
1633 1407 1668 1451 si
1685 1415 1834 1451 autem
1898 1463 1900 1467 y

434 1481 622 1525 voluerit
652 1490 703 1525 ut
735 1481 916 1526 tollatur
948 1482 1031 1526 tibi
1048 1517 1059 1537 ‚
1082 1482 1218 1526 habet
1240 1481 1362 1542 quod
1387 1489 1532 1525 tecum
1554 1487 1718 1534 mutet,
1742 1475 1834 1522 noli
1892 1475 1896 1479 ”

434 1553 587 1597 timere
609 1553 783 1613 spoliari
806 1570 885 1613 pro
902 1553 996 1599 illo.
1021 1556 1119 1600 Non
1139 1554 1202 1599 vis
1227 1554 1327 1598 exui
1348 1563 1466 1598 veste
1488 1553 1713 1613 pannosa?
1739 1553 1838 1596 Sto-
1897 1575 1899 1578 ·

434 1623 522 1668 lam
555 1623 702 1681 gloriae
736 1624 817 1668 tibi
848 1624 1029 1670 daturus
1062 1634 1140 1670 est.
1174 1628 1318 1679 Quam
1359 1623 1515 1670 stolam
1556 1623 1662 1668 dicis
1697 1622 1837 1666 mihi?

439 1713 457 1734 «
493 1696 678 1754 Oportet
710 1695 995 1756 corruptibile
1029 1697 1114 1741 hoc
1154 1696 1340 1740 inducre
1384 1695 1760 1755 incorruptionem
1794 1700 1838 1736 et

436 1782 457 1806 η
492 1765 676 1809 mortale
697 1766 986 1811 hoc'induere
1003 1767 1420 1812 immortalitatem2.
1445 1785 1466 1808 »
1495 1769 1599 1811 Haec
1620 1765 1716 1825 ipsa
1737 1778 1839 1808 caro
1896 1811 1900 1815 .

435 1843 510 1879 tua
529 1851 620 1881 non
640 1837 813 1896 peribit.
827 1838 974 1898 Usque
990 1837 1046 1882 ad
1057 1847 1246 1883 mortem
1269 1846 1413 1898 potest
1435 1837 1586 1881 saevire
1606 1835 1834 1880 inimicus:

433 1917 694 1967 potestatem
716 1908 832 1954 ultra
851 1925 941 1954 non
957 1910 1115 1967 habet,
1138 1911 1283 1955 necin
1303 1910 1511 1965 animam,
1533 1908 1679 1953 necin
1699 1907 1838 1967 ipsam

433 1994 609 2024 carnem
642 2000 650 2025 :
682 1981 785 2041 quia
814 1981 892 2025 etsi
915 1980 1093 2041 dissipet
1113 1997 1319 2037 carnem,
1357 1997 1448 2026 non
1477 1978 1662 2040 impedit
1691 1993 1838 2023 resur-

437 2051 689 2095 rectionem.
728 2055 790 2096 De
818 2051 961 2096 anima
987 2068 1062 2097 sua
1095 2053 1314 2097 timebant
1331 2053 1558 2109 homines3
1582 2059 1626 2095 et
1647 2049 1758 2111 quid
1778 2048 1838 2093 eis

437 2123 647 2167 Dominus
669 2123 759 2166 ait?
785 2142 806 2164 «
829 2123 972 2167 Vestri
996 2132 1144 2168 autem
1166 2122 1314 2183 capilli
1332 2123 1484 2183 capitis
1506 2135 1657 2166 omnes
1680 2134 1838 2164 nume-

439 2213 460 2236 »
495 2195 579 2239 rati
599 2197 742 2239 suntss.
767 2212 788 2236 »
821 2194 962 2239 Times
993 2210 1048 2239 ne
1073 2195 1264 2239 animam
1301 2194 1457 2255 perdas
1476 2229 1487 2249 ‚
1527 2193 1604 2253 qui
1624 2190 1836 2252 capillum

437 2281 527 2310 non
545 2266 718 2325 perdis?
734 2269 824 2310 Deo
842 2266 988 2310 omnia
1009 2275 1237 2310 numerata
1253 2264 1550 2309 sunt.Omnia
1567 2263 1839 2323 redintegra-

438 2336 530 2392 bit,
550 2337 628 2398 qui
645 2337 791 2382 omnia
813 2332 990 2382 creavit.
1013 2339 1113 2383 Non
1135 2346 1279 2393 erant,
1305 2347 1349 2382 et
1367 2346 1510 2382 creata
1534 2345 1637 2380 sunt
1663 2354 1671 2380 :
1693 2343 1836 2390 erant,

444 2417 488 2453 et
518 2424 608 2454 non
642 2409 994 2469 reparabuntur?
1023 2408 1197 2454 Credite
1229 2425 1333 2469 ergo
1371 2418 1464 2454 toto
1498 2407 1654 2463 corde,
1683 2405 1838 2452 fratres

442 2479 554 2535 mei,
577 2488 620 2524 et
641 2498 660 2521 «
686 2479 772 2532 Qui
789 2478 964 2537 diligitis
984 2480 1243 2535 Dominum,
1268 2479 1387 2524 odite
1403 2478 1660 2539 malignum.
1684 2496 1703 2519 »
1731 2480 1839 2522 For-

446 2560 509 2595 tes
539 2560 676 2595 estote
693 2586 704 2606 ⁷
733 2567 823 2595 non
845 2550 988 2596 solum
1017 2553 1062 2595 in
1092 2551 1314 2610 diligendo
1343 2555 1482 2595 Deum
1500 2586 1512 2608 ‚
1536 2550 1611 2596 sed
1639 2550 1770 2594 etiam
1792 2549 1838 2592 in
1890 2587 1894 2591 .

498 2642 506 2657 ¹
533 2635 642 2667 Manli.
665 2647 696 2676 x,
715 2636 768 2667 τιὸ,
803 2652 834 2658 u
854 2643 866 2657 ²
891 2647 900 2667 1
924 2638 995 2667 Cor.
1019 2646 1071 2676 xv,
1088 2635 1140 2667 53.
1166 2652 1206 2657 ——
1224 2634 1236 2657 3
1257 2636 1370 2667 hiatui.
1392 2646 1424 2676 x,
1446 2636 1502 2668 30.
