1926 3339
368 342 607 371 ENARRATIO
639 345 684 372 m
716 343 919 372 PsALMUM
951 345 1113 372 Lxxxv.
1327 337 1410 375 203

8 404 202 463 ligimus
236 415 438 466 tanquam
464 407 553 452 duo
575 407 743 453 inferna
774 424 890 464 esse,
926 410 1122 469 superius
1150 418 1194 454 et
1214 409 1409 456 inferius.

4 498 10 530 g
29 478 138 522 Nam
164 475 281 520 unde
309 477 529 522 infernum
550 478 753 534 inferius,
772 481 851 523 nisi
873 481 975 540 quia
1004 490 1067 524 cst
1098 479 1319 525 infernum
1339 497 1412 525 su-

29 546 196 606 perius?
232 545 365 591 Aliud
394 564 483 591 non
515 549 731 593 diceretur
765 549 1014 606 infernum,
1050 551 1131 595 nisi
1163 552 1208 595 in
1241 567 1411 611 compa-

7 619 194 662 'ratione
233 618 344 663 illius
381 620 608 680 superioris
645 622 791 681 partis.
834 622 1019 667 Videtur
1055 637 1157 681 ergo
1180 658 1190 677 ,
1226 624 1407 678 fratres,

7 711 9 739 :
29 703 116 732 esse
145 688 354 734 habitatio
378 691 577 750 quaedam
598 691 782 736 coelestis
803 692 1068 752 Angelorum
1087 709 1095 734 z
1112 693 1172 736 ibi
1188 693 1275 737 vita
1293 693 1409 737 inef-

27 758 226 804 fabilium
241 760 500 819 gaudiorum
517 797 526 815 ,
546 762 609 805 ibi
622 763 921 808 immortalitas
943 773 986 808 et
1019 764 1288 823 incorruptio
1305 800 1316 820 ‚
1349 765 1410 808 ibi

7 879 9 882 ,
27 829 170 875 omnia
186 830 427 875 secundum
445 832 520 876 Dei
534 831 698 876 donum
711 843 754 877 et
769 833 949 891 gratiam
974 836 1287 893 permanentia.
1331 835 1413 880 Illa

4 908 123 960 pars
159 916 304 945 rerum
342 918 528 961 superna
563 911 639 946 est.
678 904 721 948 Si
752 918 853 961 ergo
880 902 954 947 illa
986 919 1174 963 superna
1206 915 1290 963 est3
1316 906 1412 950 haec

2 979 218 1026 terrena,
257 972 334 1016 ubi
367 988 466 1017 caro
500 982 543 1016 et
574 974 766 1030 sanguis,
808 974 884 1018 ubi
927 975 1266 1034 corruptibilitas
1287 1011 1298 1030 ,
1334 977 1411 1020 ubi

24 1040 223 1086 nativitas
245 1051 288 1084 et
312 1041 570 1097 mortalitas,
590 1042 669 1086 ubi
690 1043 901 1098 decessio,
916 1053 1047 1104 atque
1069 1046 1278 1090 successio
1296 1082 1308 1101 ,
1333 1046 1411 1091 ubi

4 1106 9 1123 ’“
25 1110 290 1155 mutabilitas
308 1121 351 1155 et
366 1113 675 1167 inconstantia,
697 1113 775 1156 ubi
788 1113 964 1159 timores
979 1150 990 1169 ,
1008 1115 1266 1174 cupiditates
1278 1151 1288 1171 ,
1309 1116 1410 1160 hor-

25 1197 162 1236 rores,
185 1181 348 1226 laetitiae
372 1183 570 1238 incertae,
595 1199 690 1243 spes
720 1184 880 1243 fragilis
901 1221 911 1240 ,
944 1186 1106 1231 caduca
1142 1188 1406 1242 substantia,

24 1261 132 1313 puto
155 1253 256 1313 quia
277 1255 415 1297 omnis
439 1255 515 1298 ista
538 1270 635 1313 pars
657 1271 745 1299 non
757 1265 901 1315 potest
921 1258 1162 1317 comparari
1183 1258 1246 1301 illi
1264 1258 1379 1303 coelo
1394 1293 1407 1314 ,

1 1320 79 1379 j‘de
102 1338 190 1382 quo
221 1322 432 1383 loquebar
463 1324 593 1382 paulo
631 1334 730 1369 ante
756 1345 764 1370 :
791 1326 824 1370 si
847 1341 948 1385 ergo
974 1326 1036 1370 illi
1058 1328 1169 1386 parti
1186 1329 1280 1372 haec
1308 1344 1405 1388 pars

4 1407 112 1450 v⁴non
130 1403 407 1452 comparatur
426 1429 437 1448 ,
465 1393 537 1438 illa
559 1410 746 1453 superna
774 1405 860 1449 est,
895 1397 989 1441 haec
1017 1396 1201 1441 inferna.
1233 1401 1289 1442 Et
1312 1408 1411 1457 post

4 1472 209 1508 ·m0rtem
232 1479 320 1524 quo
337 1464 461 1518 hinc,
482 1464 564 1508 nisi
582 1465 636 1508 sit
655 1465 875 1508 infernum
907 1466 1090 1511 inferius
1106 1468 1190 1511 hoc
1212 1467 1383 1513 inferno
1397 1504 1408 1524 ,

0 1526 70 1578 :in
98 1550 186 1594 quo
229 1550 377 1578 sumus
411 1536 457 1578 in
490 1550 617 1578 carne
653 1545 697 1579 et
733 1537 812 1579 ista
854 1537 1152 1582 mortalitate?
1185 1557 1205 1580 «
1240 1540 1409 1598 Corpus

0 1603 6 1618 ²
27 1604 182 1662 »genim
204 1615 426 1649 mortuum
450 1615 533 1660 est,
555 1606 615 1650 ait
630 1607 863 1666 Apostolus
879 1643 890 1661 ,
910 1618 1089 1667 propter
1105 1618 1332 1667 peccatum
1346 1612 1376 1653 ¹.
1389 1632 1406 1651 »

6 1677 135 1732 'Ergo
161 1684 204 1719 et
230 1676 300 1720 hic
329 1685 430 1720 sunt
455 1677 615 1720 mortui
647 1697 656 1721 ;
677 1687 726 1721 ut
760 1693 850 1721 non
871 1679 1036 1723 mireris
1065 1680 1166 1739 quia
1189 1679 1409 1724 infernum

21 1743 204 1801 dicitur,
228 1746 262 1789 si
290 1747 469 1790 mortuis
489 1746 698 1790 abundat.
724 1749 821 1793 Non
847 1748 961 1791 enim
981 1749 1040 1792 ait
1074 1769 1082 1794 ;
1105 1751 1273 1809 Corpus
1311 1766 1408 1795 mo-

4 1815 210 1860 riturum
236 1825 331 1874 est3
362 1816 436 1860 sed
454 1852 464 1872 ,
505 1837 520 1856 «
553 1819 721 1876 Corpus
750 1828 974 1863 mortuum
1003 1830 1081 1864 est.
1110 1839 1130 1862 ι)
1160 1820 1319 1866 Adhuc
1339 1822 1416 1865 ha-

0 1878 95 1930 ¹²bet
108 1887 240 1931 vitam
265 1887 417 1947 utique
446 1903 602 1947 corpus
623 1898 843 1946 nostrum3
870 1899 913 1933 et
944 1899 1085 1934 tamen
1111 1901 1411 1951 comparatum

2 1947 191 2016 *corpori
206 1956 272 2001 illi
289 1993 299 2012 ,
316 1958 438 2018 quod
453 1957 650 2002 futurum
666 1969 728 2003 est
741 1960 885 2020 qualia
902 1970 1003 2004 sunt
1027 1962 1295 2020 Angelorum
1316 1978 1412 2006 cor-

0 2022 141 2086 *portu
157 2027 376 2073 invenitur
394 2045 550 2088 corpus
574 2029 763 2074 hominis
782 2040 1025 2086 mortuum,
1047 2032 1244 2091 quamvis
1268 2032 1412 2077 adhuc

20 2098 186 2142 habens
206 2099 409 2143 animam.
440 2100 524 2144 Sed
538 2116 682 2144 rursus
699 2101 754 2144 ab
773 2102 855 2145 hoc
877 2101 1049 2145 inferno
1065 2103 1134 2156 ,id
1151 2112 1235 2157 est,
1255 2103 1309 2147 ab
1332 2104 1412 2147 hac

20 2178 142 2228 parte
162 2168 341 2225 inferni,
367 2180 431 2214 est
453 2170 570 2215 aliud
601 2170 781 2215 inferius
800 2207 810 2225 ,
837 2189 926 2232 quo
946 2185 1052 2217 eunt
1077 2175 1237 2217 mortui
1259 2209 1268 2226 ,
1293 2174 1412 2218 unde

6 2238 159 2284 voluit
188 2243 302 2284 Deus
324 2256 474 2284 eruere
511 2242 674 2285 animas
710 2251 898 2297 nostras,
933 2243 1061 2286 etiam
1095 2242 1198 2288 illuc
1236 2245 1414 2288 mittens

4 2309 181 2356 'Filium
203 2327 346 2355 suum.
375 2313 573 2368 Etenim,
607 2312 784 2368 fratres,
823 2325 1000 2374 propter
1025 2316 1101 2358 ista
1128 2316 1216 2359 duo
1244 2314 1414 2375 inferna

9 2381 173 2425 missus
197 2392 260 2426 est
284 2382 417 2426 Filius
436 2383 537 2438 Dei,
559 2383 756 2444 undique
778 2383 979 2429 liberans
998 2385 1067 2429 Ad
1090 2386 1172 2430 hoc
1193 2386 1414 2430 infernum

22 2452 171 2496 missus
194 2463 257 2497 est
281 2453 521 2508 nascendo,
559 2455 614 2498 ad
650 2454 759 2499 illud
798 2456 1039 2502 moriendo.
1073 2461 1305 2517 Propterea
1333 2474 1415 2503 vox

9 2514 114 2581 ejus
136 2532 199 2566 est
221 2523 263 2566 in
278 2523 354 2568 illo
377 2524 548 2569 Psalmo
565 2561 574 2578 ,
594 2540 684 2569 non
696 2542 917 2586 quoquam
934 2527 1112 2570 homine
1130 2528 1411 2588 conjiciente,

24 2591 97 2637 sed
113 2593 324 2652 Apostolo
357 2605 602 2654 exponente
622 2631 631 2649 ,
660 2597 738 2640 ubi
766 2597 823 2641 ait
850 2616 858 2641 :
889 2616 908 2638 «
935 2599 1150 2650 Quoniam
1175 2614 1263 2643 non
1285 2598 1413 2643 derc-

71 2683 80 2699 ¹
102 2680 190 2710 Rom.
214 2689 285 2719 vui,
308 2690 357 2710 10.
