<?xml version="1.0" encoding="UTF-8"?>
<!DOCTYPE html PUBLIC "-//W3C//DTD XHTML 1.0 Transitional//EN"
    "http://www.w3.org/TR/xhtml1/DTD/xhtml1-transitional.dtd">
<html xmlns="http://www.w3.org/1999/xhtml" xml:lang="en" lang="en">
 <head>
  <title>
</title>
<meta http-equiv="Content-Type" content="text/html;charset=utf-8" />
  <meta name='ocr-system' content='tesseract 3.04.00' />
  <meta name='ocr-capabilities' content='ocr_page ocr_carea ocr_par ocr_line ocrx_word'/>
</head>
<body>
  <div class='ocr_page' id='page_1' title='image "./operaomniaaccura10auguuoft_0415.png"; bbox 0 0 1926 3339; ppageno 0'>
   <div class='ocr_carea' id='block_1_1' title="bbox 221 278 1401 326">
    <p class='ocr_par' dir='ltr' id='par_1_1' title="bbox 221 278 1401 326">
     <span class='ocr_line' id='line_1_1' title="bbox 221 278 1401 326; baseline 0.005 -14"><span class='ocrx_word' id='word_1_1' title='bbox 221 282 464 312; x_wconf 64' lang='lat' dir='ltr'>numan-ro</span> <span class='ocrx_word' id='word_1_2' title='bbox 494 286 531 312; x_wconf 77' lang='lat' dir='ltr'>u</span> <span class='ocrx_word' id='word_1_3' title='bbox 559 285 608 315; x_wconf 71' lang='lat' dir='ltr'>m</span> <span class='ocrx_word' id='word_1_4' title='bbox 632 279 846 314; x_wconf 53' lang='lat' dir='ltr'>§summa</span> <span class='ocrx_word' id='word_1_5' title='bbox 876 285 952 326; x_wconf 74' lang='lat' dir='ltr'>xe,</span> <span class='ocrx_word' id='word_1_6' title='bbox 985 283 1129 318; x_wconf 61' lang='lat' dir='ltr'>senno</span> <span class='ocrx_word' id='word_1_7' title='bbox 1153 284 1207 316; x_wconf 70' lang='lat' dir='ltr'>a.</span> <span class='ocrx_word' id='word_1_8' title='bbox 1316 278 1401 318; x_wconf 75' lang='lat'>&lt;331</span> 
     </span>
    </p>
   </div>
   <div class='ocr_carea' id='block_1_2' title="bbox 0 350 1405 2534">
    <p class='ocr_par' dir='ltr' id='par_1_2' title="bbox 0 350 1405 1102">
     <span class='ocr_line' id='line_1_2' title="bbox 0 350 1404 413; baseline 0.002 -17"><span class='ocrx_word' id='word_1_9' title='bbox 0 350 205 412; x_wconf 31' lang='lat' dir='ltr'>*corporis</span> <span class='ocrx_word' id='word_1_10' title='bbox 227 365 378 410; x_wconf 77' lang='lat' dir='ltr'>paucae</span> <span class='ocrx_word' id='word_1_11' title='bbox 400 350 598 395; x_wconf 86' lang='lat' dir='ltr'>foeminae</span> <span class='ocrx_word' id='word_1_12' title='bbox 618 350 786 395; x_wconf 89' lang='lat' dir='ltr'>habent</span> <span class='ocrx_word' id='word_1_13' title='bbox 806 350 850 395; x_wconf 91' lang='lat' dir='ltr'>in</span> <span class='ocrx_word' id='word_1_14' title='bbox 877 350 1090 407; x_wconf 79' lang='lat' dir='ltr'>Ecclesia,</span> <span class='ocrx_word' id='word_1_15' title='bbox 1119 351 1194 396; x_wconf 88' lang='lat' dir='ltr'>sed</span> <span class='ocrx_word' id='word_1_16' title='bbox 1219 353 1404 413; x_wconf 82' lang='lat' dir='ltr'>virgini-</span> 
     </span>
     <span class='ocr_line' id='line_1_3' title="bbox 17 421 1403 483; baseline -0.001 -13"><span class='ocrx_word' id='word_1_17' title='bbox 17 432 146 470; x_wconf 82' lang='lat' dir='ltr'><strong>tatem</strong></span> <span class='ocrx_word' id='word_1_18' title='bbox 175 421 317 468; x_wconf 90' lang='lat' dir='ltr'>cordis</span> <span class='ocrx_word' id='word_1_19' title='bbox 346 437 496 466; x_wconf 89' lang='lat' dir='ltr'>omnes</span> <span class='ocrx_word' id='word_1_20' title='bbox 517 421 667 467; x_wconf 86' lang='lat' dir='ltr'>fideles</span> <span class='ocrx_word' id='word_1_21' title='bbox 689 421 867 467; x_wconf 74' lang='lat' dir='ltr'>habent⁶</span> <span class='ocrx_word' id='word_1_22' title='bbox 895 425 946 466; x_wconf 88' lang='lat' dir='ltr'>In</span> <span class='ocrx_word' id='word_1_23' title='bbox 968 423 1058 483; x_wconf 85' lang='lat' dir='ltr'>ipsa</span> <span class='ocrx_word' id='word_1_24' title='bbox 1079 421 1165 467; x_wconf 85' lang='lat' dir='ltr'>fide</span> <span class='ocrx_word' id='word_1_25' title='bbox 1178 424 1403 483; x_wconf 85' lang='lat' dir='ltr'>virginita-</span> 
     </span>
     <span class='ocr_line' id='line_1_4' title="bbox 16 493 1405 556; baseline -0.001 -15"><span class='ocrx_word' id='word_1_26' title='bbox 16 505 102 541; x_wconf 86' lang='lat' dir='ltr'>tem</span> <span class='ocrx_word' id='word_1_27' title='bbox 117 493 259 539; x_wconf 88' lang='lat' dir='ltr'>cordis</span> <span class='ocrx_word' id='word_1_28' title='bbox 282 493 464 537; x_wconf 89' lang='lat' dir='ltr'>timebat</span> <span class='ocrx_word' id='word_1_29' title='bbox 486 494 708 554; x_wconf 90' lang='lat' dir='ltr'>corrumpi</span> <span class='ocrx_word' id='word_1_30' title='bbox 731 509 753 538; x_wconf 89' lang='lat' dir='ltr'>a</span> <span class='ocrx_word' id='word_1_31' title='bbox 771 493 946 539; x_wconf 88' lang='lat' dir='ltr'>diabolo</span> <span class='ocrx_word' id='word_1_32' title='bbox 968 514 976 539; x_wconf 91' lang='lat'>:</span> <span class='ocrx_word' id='word_1_33' title='bbox 1002 510 1137 556; x_wconf 88' lang='lat' dir='ltr'>quam</span> <span class='ocrx_word' id='word_1_34' title='bbox 1160 495 1236 555; x_wconf 87' lang='lat' dir='ltr'>qui</span> <span class='ocrx_word' id='word_1_35' title='bbox 1259 496 1405 556; x_wconf 86' lang='lat' dir='ltr'>perdi-</span> 
     </span>
     <span class='ocr_line' id='line_1_5' title="bbox 16 564 1404 626; baseline 0 -15"><span class='ocrx_word' id='word_1_36' title='bbox 16 564 184 621; x_wconf 86' lang='lat' dir='ltr'>derint,</span> <span class='ocrx_word' id='word_1_37' title='bbox 212 564 303 609; x_wconf 88' lang='lat' dir='ltr'>sine</span> <span class='ocrx_word' id='word_1_38' title='bbox 325 579 453 609; x_wconf 86' lang='lat' dir='ltr'>causa</span> <span class='ocrx_word' id='word_1_39' title='bbox 475 574 577 608; x_wconf 92' lang='lat' dir='ltr'>sunt</span> <span class='ocrx_word' id='word_1_40' title='bbox 598 564 787 623; x_wconf 86' lang='lat' dir='ltr'>virgines</span> <span class='ocrx_word' id='word_1_41' title='bbox 809 580 1006 625; x_wconf 88' lang='lat' dir='ltr'>corpore.</span> <span class='ocrx_word' id='word_1_42' title='bbox 1034 567 1250 626; x_wconf 89' lang='lat' dir='ltr'>Corrupta</span> <span class='ocrx_word' id='word_1_43' title='bbox 1272 566 1404 611; x_wconf 89' lang='lat' dir='ltr'>corde</span> 
     </span>
     <span class='ocr_line' id='line_1_6' title="bbox 14 633 1403 698; baseline 0.001 -18"><span class='ocrx_word' id='word_1_44' title='bbox 14 633 119 698; x_wconf 89' lang='lat' dir='ltr'>quid</span> <span class='ocrx_word' id='word_1_45' title='bbox 142 643 284 680; x_wconf 86' lang='lat' dir='ltr'>servat</span> <span class='ocrx_word' id='word_1_46' title='bbox 308 634 352 678; x_wconf 89' lang='lat' dir='ltr'>in</span> <span class='ocrx_word' id='word_1_47' title='bbox 375 636 586 695; x_wconf 81' lang='lat' dir='ltr'>corpore?</span> <span class='ocrx_word' id='word_1_48' title='bbox 618 634 740 680; x_wconf 77' lang='lat' dir='ltr'>Adeo</span> <span class='ocrx_word' id='word_1_49' title='bbox 767 634 924 679; x_wconf 81' lang='lat' dir='ltr'>mulier</span> <span class='ocrx_word' id='word_1_50' title='bbox 959 635 1173 680; x_wconf 87' lang='lat' dir='ltr'>catholica</span> <span class='ocrx_word' id='word_1_51' title='bbox 1195 636 1403 696; x_wconf 84' lang='lat' dir='ltr'>praecedit</span> 
     </span>
     <span class='ocr_line' id='line_1_7' title="bbox 12 704 1398 768; baseline 0.001 -17"><span class='ocrx_word' id='word_1_52' title='bbox 12 705 219 764; x_wconf 84' lang='lat' dir='ltr'>virginem</span> <span class='ocrx_word' id='word_1_53' title='bbox 245 705 512 751; x_wconf 79' lang='lat' dir='ltr'>haereticam.</span> <span class='ocrx_word' id='word_1_54' title='bbox 541 704 620 750; x_wconf 89' lang='lat' dir='ltr'>Illa</span> <span class='ocrx_word' id='word_1_55' title='bbox 649 707 765 750; x_wconf 89' lang='lat' dir='ltr'>enim</span> <span class='ocrx_word' id='word_1_56' title='bbox 787 720 877 750; x_wconf 90' lang='lat' dir='ltr'>non</span> <span class='ocrx_word' id='word_1_57' title='bbox 899 716 963 752; x_wconf 83' lang='lat' dir='ltr'>est</span> <span class='ocrx_word' id='word_1_58' title='bbox 984 707 1104 765; x_wconf 84' lang='lat' dir='ltr'>virgo</span> <span class='ocrx_word' id='word_1_59' title='bbox 1122 708 1166 751; x_wconf 90' lang='lat' dir='ltr'>in</span> <span class='ocrx_word' id='word_1_60' title='bbox 1189 722 1371 768; x_wconf 90' lang='lat' dir='ltr'>corpore</span> <span class='ocrx_word' id='word_1_61' title='bbox 1387 744 1398 766; x_wconf 87' lang='lat'>,</span> 
     </span>
     <span class='ocr_line' id='line_1_8' title="bbox 13 775 1398 835; baseline 0.001 -13"><span class='ocrx_word' id='word_1_62' title='bbox 13 778 90 822; x_wconf 87' lang='lat' dir='ltr'>ista</span> <span class='ocrx_word' id='word_1_63' title='bbox 111 775 267 820; x_wconf 88' lang='lat' dir='ltr'>mulier</span> <span class='ocrx_word' id='word_1_64' title='bbox 286 775 400 821; x_wconf 85' lang='lat' dir='ltr'>facta</span> <span class='ocrx_word' id='word_1_65' title='bbox 424 786 487 821; x_wconf 88' lang='lat' dir='ltr'>est</span> <span class='ocrx_word' id='word_1_66' title='bbox 508 776 553 820; x_wconf 90' lang='lat' dir='ltr'>in</span> <span class='ocrx_word' id='word_1_67' title='bbox 572 776 702 821; x_wconf 87' lang='lat' dir='ltr'>corde</span> <span class='ocrx_word' id='word_1_68' title='bbox 719 798 730 835; x_wconf 80' lang='lat'><em>3</em></span> <span class='ocrx_word' id='word_1_69' title='bbox 747 786 790 821; x_wconf 93' lang='lat' dir='ltr'>et</span> <span class='ocrx_word' id='word_1_70' title='bbox 804 777 962 821; x_wconf 81' lang='lat' dir='ltr'>mulier</span> <span class='ocrx_word' id='word_1_71' title='bbox 978 793 1067 822; x_wconf 89' lang='lat' dir='ltr'>non</span> <span class='ocrx_word' id='word_1_72' title='bbox 1082 792 1105 821; x_wconf 87' lang='lat' dir='ltr'>a</span> <span class='ocrx_word' id='word_1_73' title='bbox 1118 778 1274 823; x_wconf 86' lang='lat' dir='ltr'>marito</span> <span class='ocrx_word' id='word_1_74' title='bbox 1292 782 1398 834; x_wconf 88' lang='lat' dir='ltr'>Deo,</span> 
     </span>
     <span class='ocr_line' id='line_1_9' title="bbox 12 846 1402 908; baseline 0.001 -16"><span class='ocrx_word' id='word_1_75' title='bbox 12 846 84 893; x_wconf 89' lang='lat' dir='ltr'>sed</span> <span class='ocrx_word' id='word_1_76' title='bbox 101 863 124 891; x_wconf 87' lang='lat' dir='ltr'>a</span> <span class='ocrx_word' id='word_1_77' title='bbox 141 855 354 906; x_wconf 77' lang='lat' dir='ltr'>serpente.</span> <span class='ocrx_word' id='word_1_78' title='bbox 379 847 496 900; x_wconf 86' lang='lat' dir='ltr'>Quid</span> <span class='ocrx_word' id='word_1_79' title='bbox 518 856 663 891; x_wconf 87' lang='lat' dir='ltr'>autem</span> <span class='ocrx_word' id='word_1_80' title='bbox 691 847 912 892; x_wconf 78' lang='lat' dir='ltr'>Ecclesia?</span> <span class='ocrx_word' id='word_1_81' title='bbox 938 868 959 890; x_wconf 89' lang='lat'>«</span> <span class='ocrx_word' id='word_1_82' title='bbox 985 851 1122 907; x_wconf 86' lang='lat' dir='ltr'>Super</span> <span class='ocrx_word' id='word_1_83' title='bbox 1141 849 1336 908; x_wconf 84' lang='lat' dir='ltr'>aspidem</span> <span class='ocrx_word' id='word_1_84' title='bbox 1358 858 1402 894; x_wconf 86' lang='lat' dir='ltr'>et</span> 
     </span>
     <span class='ocr_line' id='line_1_10' title="bbox 15 916 1397 977; baseline 0.002 -17"><span class='ocrx_word' id='word_1_85' title='bbox 15 936 36 961; x_wconf 85' lang='lat'>»</span> <span class='ocrx_word' id='word_1_86' title='bbox 67 917 311 962; x_wconf 89' lang='lat' dir='ltr'>basiliscum</span> <span class='ocrx_word' id='word_1_87' title='bbox 334 916 593 961; x_wconf 77' lang='lat' dir='ltr'>ambulabis.</span> <span class='ocrx_word' id='word_1_88' title='bbox 621 936 640 958; x_wconf 87' lang='lat'>»</span> <span class='ocrx_word' id='word_1_89' title='bbox 667 921 759 963; x_wconf 80' lang='lat' dir='ltr'>Rex</span> <span class='ocrx_word' id='word_1_90' title='bbox 780 927 844 962; x_wconf 92' lang='lat' dir='ltr'>est</span> <span class='ocrx_word' id='word_1_91' title='bbox 865 919 1132 977; x_wconf 86' lang='lat' dir='ltr'>serpentium</span> <span class='ocrx_word' id='word_1_92' title='bbox 1151 918 1370 963; x_wconf 81' lang='lat' dir='ltr'>basiliscus</span> <span class='ocrx_word' id='word_1_93' title='bbox 1386 954 1397 975; x_wconf 83' lang='lat'>‚</span> 
     </span>
     <span class='ocr_line' id='line_1_11' title="bbox 11 986 1399 1034; baseline 0 0"><span class='ocrx_word' id='word_1_94' title='bbox 11 989 119 1034; x_wconf 88' lang='lat' dir='ltr'>sicut</span> <span class='ocrx_word' id='word_1_95' title='bbox 139 986 340 1032; x_wconf 86' lang='lat' dir='ltr'>diabolus</span> <span class='ocrx_word' id='word_1_96' title='bbox 359 1002 433 1031; x_wconf 83' lang='lat' dir='ltr'>rex</span> <span class='ocrx_word' id='word_1_97' title='bbox 450 996 514 1031; x_wconf 88' lang='lat' dir='ltr'>est</span> <span class='ocrx_word' id='word_1_98' title='bbox 535 986 873 1032; x_wconf 80' lang='lat' dir='ltr'>daemoniorum.</span> <span class='ocrx_word' id='word_1_99' title='bbox 893 1008 912 1031; x_wconf 92' lang='lat'>«</span> <span class='ocrx_word' id='word_1_100' title='bbox 930 991 988 1033; x_wconf 88' lang='lat' dir='ltr'>Et</span> <span class='ocrx_word' id='word_1_101' title='bbox 1008 987 1286 1034; x_wconf 84' lang='lat' dir='ltr'>conculcabis</span> <span class='ocrx_word' id='word_1_102' title='bbox 1305 988 1399 1034; x_wconf 92' lang='lat' dir='ltr'>leo·-</span> 
     </span>
     <span class='ocr_line' id='line_1_12' title="bbox 15 1057 558 1102; baseline -0.006 0"><span class='ocrx_word' id='word_1_103' title='bbox 15 1077 36 1102; x_wconf 84' lang='lat'>»</span> <span class='ocrx_word' id='word_1_104' title='bbox 68 1073 168 1102; x_wconf 88' lang='lat' dir='ltr'>nem</span> <span class='ocrx_word' id='word_1_105' title='bbox 190 1067 234 1101; x_wconf 89' lang='lat' dir='ltr'>et</span> <span class='ocrx_word' id='word_1_106' title='bbox 255 1057 509 1102; x_wconf 86' lang='lat' dir='ltr'>draconem.</span> <span class='ocrx_word' id='word_1_107' title='bbox 537 1075 558 1098; x_wconf 87' lang='lat'>»</span> 
     </span>
    </p>

    <p class='ocr_par' dir='ltr' id='par_1_3' title="bbox 7 1126 1401 1826">
     <span class='ocr_line' id='line_1_13' title="bbox 66 1126 1400 1190; baseline 0.001 -17"><span class='ocrx_word' id='word_1_108' title='bbox 66 1131 123 1173; x_wconf 85' lang='lat' dir='ltr'>X.</span> <span class='ocrx_word' id='word_1_109' title='bbox 147 1131 244 1173; x_wconf 86' lang='lat' dir='ltr'>Jam</span> <span class='ocrx_word' id='word_1_110' title='bbox 266 1128 398 1172; x_wconf 90' lang='lat' dir='ltr'>verba</span> <span class='ocrx_word' id='word_1_111' title='bbox 421 1129 498 1173; x_wconf 91' lang='lat' dir='ltr'>Dei</span> <span class='ocrx_word' id='word_1_112' title='bbox 520 1126 575 1172; x_wconf 91' lang='lat' dir='ltr'>ad</span> <span class='ocrx_word' id='word_1_113' title='bbox 593 1127 831 1172; x_wconf 82' lang='lat' dir='ltr'>Ecclesiam</span> <span class='ocrx_word' id='word_1_114' title='bbox 850 1148 860 1174; x_wconf 73' lang='lat' dir='ltr'><em>z</em></span> <span class='ocrx_word' id='word_1_115' title='bbox 884 1129 1131 1182; x_wconf 85' lang='lat' dir='ltr'>«Quoniam</span> <span class='ocrx_word' id='word_1_116' title='bbox 1152 1130 1198 1174; x_wconf 92' lang='lat' dir='ltr'>in</span> <span class='ocrx_word' id='word_1_117' title='bbox 1219 1144 1289 1174; x_wconf 86' lang='lat' dir='ltr'>me</span> <span class='ocrx_word' id='word_1_118' title='bbox 1309 1145 1400 1190; x_wconf 85' lang='lat' dir='ltr'>spe-</span> 
     </span>
     <span class='ocr_line' id='line_1_14' title="bbox 15 1199 1400 1261; baseline 0.001 -17"><span class='ocrx_word' id='word_1_119' title='bbox 15 1219 36 1244; x_wconf 80' lang='lat'>»</span> <span class='ocrx_word' id='word_1_120' title='bbox 68 1200 192 1256; x_wconf 87' lang='lat' dir='ltr'>ravit,</span> <span class='ocrx_word' id='word_1_121' title='bbox 209 1215 357 1244; x_wconf 86' lang='lat' dir='ltr'>eruam</span> <span class='ocrx_word' id='word_1_122' title='bbox 378 1215 479 1244; x_wconf 90' lang='lat' dir='ltr'>eum</span> <span class='ocrx_word' id='word_1_123' title='bbox 492 1201 522 1243; x_wconf 79' lang='lat'>².</span> <span class='ocrx_word' id='word_1_124' title='bbox 543 1202 673 1244; x_wconf 88' lang='lat' dir='ltr'>»Non</span> <span class='ocrx_word' id='word_1_125' title='bbox 691 1199 831 1244; x_wconf 91' lang='lat' dir='ltr'>solum</span> <span class='ocrx_word' id='word_1_126' title='bbox 850 1215 950 1258; x_wconf 85' lang='lat' dir='ltr'>ergo</span> <span class='ocrx_word' id='word_1_127' title='bbox 972 1210 1119 1260; x_wconf 86' lang='lat' dir='ltr'>caput,</span> <span class='ocrx_word' id='word_1_128' title='bbox 1134 1200 1254 1261; x_wconf 89' lang='lat' dir='ltr'>quod</span> <span class='ocrx_word' id='word_1_129' title='bbox 1268 1201 1400 1246; x_wconf 91' lang='lat' dir='ltr'>modo</span> 
     </span>
     <span class='ocr_line' id='line_1_15' title="bbox 11 1269 1396 1330; baseline -0.001 -13"><span class='ocrx_word' id='word_1_130' title='bbox 11 1271 130 1317; x_wconf 87' lang='lat' dir='ltr'>sedet</span> <span class='ocrx_word' id='word_1_131' title='bbox 149 1271 195 1314; x_wconf 91' lang='lat' dir='ltr'>in</span> <span class='ocrx_word' id='word_1_132' title='bbox 217 1269 358 1325; x_wconf 88' lang='lat' dir='ltr'>coelo,</span> <span class='ocrx_word' id='word_1_133' title='bbox 389 1270 490 1330; x_wconf 85' lang='lat' dir='ltr'>quia</span> <span class='ocrx_word' id='word_1_134' title='bbox 519 1269 776 1314; x_wconf 89' lang='lat' dir='ltr'>altissimum</span> <span class='ocrx_word' id='word_1_135' title='bbox 807 1270 954 1329; x_wconf 88' lang='lat' dir='ltr'>posuit</span> <span class='ocrx_word' id='word_1_136' title='bbox 985 1269 1205 1330; x_wconf 83' lang='lat' dir='ltr'>refugium</span> <span class='ocrx_word' id='word_1_137' title='bbox 1239 1286 1396 1327; x_wconf 79' lang='lat' dir='ltr'>suum,</span> 
     </span>
     <span class='ocr_line' id='line_1_16' title="bbox 12 1339 1401 1402; baseline -0.001 -14"><span class='ocrx_word' id='word_1_138' title='bbox 12 1342 65 1388; x_wconf 83' lang='lat' dir='ltr'>ad</span> <span class='ocrx_word' id='word_1_139' title='bbox 88 1342 208 1402; x_wconf 88' lang='lat' dir='ltr'>quod</span> <span class='ocrx_word' id='word_1_140' title='bbox 230 1357 319 1385; x_wconf 91' lang='lat' dir='ltr'>non</span> <span class='ocrx_word' id='word_1_141' title='bbox 342 1340 550 1385; x_wconf 86' lang='lat' dir='ltr'>accedent</span> <span class='ocrx_word' id='word_1_142' title='bbox 575 1339 712 1394; x_wconf 83' lang='lat' dir='ltr'>mala,</span> <span class='ocrx_word' id='word_1_143' title='bbox 738 1350 781 1385; x_wconf 90' lang='lat' dir='ltr'>et</span> <span class='ocrx_word' id='word_1_144' title='bbox 803 1340 1026 1400; x_wconf 77' lang='lat' dir='ltr'>flagellum</span> <span class='ocrx_word' id='word_1_145' title='bbox 1048 1357 1137 1386; x_wconf 90' lang='lat' dir='ltr'>non</span> <span class='ocrx_word' id='word_1_146' title='bbox 1163 1341 1401 1402; x_wconf 88' lang='lat' dir='ltr'>appropin-</span> 
     </span>
     <span class='ocr_line' id='line_1_17' title="bbox 11 1409 1399 1473; baseline -0.001 -17"><span class='ocrx_word' id='word_1_147' title='bbox 11 1412 162 1473; x_wconf 89' lang='lat' dir='ltr'>quabit</span> <span class='ocrx_word' id='word_1_148' title='bbox 194 1410 478 1456; x_wconf 85' lang='lat' dir='ltr'>tabernaculo</span> <span class='ocrx_word' id='word_1_149' title='bbox 511 1411 626 1470; x_wconf 71' lang='lat' dir='ltr'>ejus:</span> <span class='ocrx_word' id='word_1_150' title='bbox 661 1409 737 1454; x_wconf 89' lang='lat' dir='ltr'>sed</span> <span class='ocrx_word' id='word_1_151' title='bbox 772 1419 815 1454; x_wconf 87' lang='lat' dir='ltr'>et</span> <span class='ocrx_word' id='word_1_152' title='bbox 847 1427 925 1456; x_wconf 92' lang='lat' dir='ltr'>nos</span> <span class='ocrx_word' id='word_1_153' title='bbox 960 1411 1038 1472; x_wconf 90' lang='lat' dir='ltr'>qui</span> <span class='ocrx_word' id='word_1_154' title='bbox 1068 1411 1319 1456; x_wconf 84' lang='lat' dir='ltr'>laboramus</span> <span class='ocrx_word' id='word_1_155' title='bbox 1352 1412 1399 1456; x_wconf 91' lang='lat' dir='ltr'>in</span> 
     </span>
     <span class='ocr_line' id='line_1_18' title="bbox 10 1481 1400 1542; baseline -0.001 -14"><span class='ocrx_word' id='word_1_156' title='bbox 10 1491 119 1528; x_wconf 85' lang='lat' dir='ltr'>terra</span> <span class='ocrx_word' id='word_1_157' title='bbox 137 1517 148 1538; x_wconf 85' lang='lat'>,</span> <span class='ocrx_word' id='word_1_158' title='bbox 179 1492 222 1527; x_wconf 90' lang='lat' dir='ltr'>et</span> <span class='ocrx_word' id='word_1_159' title='bbox 243 1481 387 1527; x_wconf 86' lang='lat' dir='ltr'>adhuc</span> <span class='ocrx_word' id='word_1_160' title='bbox 414 1482 458 1525; x_wconf 90' lang='lat' dir='ltr'>in</span> <span class='ocrx_word' id='word_1_161' title='bbox 481 1481 799 1525; x_wconf 84' lang='lat' dir='ltr'>tentationibus</span> <span class='ocrx_word' id='word_1_162' title='bbox 832 1482 1019 1526; x_wconf 85' lang='lat' dir='ltr'>vivimus</span> <span class='ocrx_word' id='word_1_163' title='bbox 1034 1517 1045 1537; x_wconf 94' lang='lat'>‚</span> <span class='ocrx_word' id='word_1_164' title='bbox 1071 1497 1261 1542; x_wconf 91' lang='lat' dir='ltr'>quorum</span> <span class='ocrx_word' id='word_1_165' title='bbox 1283 1497 1400 1540; x_wconf 86' lang='lat' dir='ltr'>gres-</span> 
     </span>
     <span class='ocr_line' id='line_1_19' title="bbox 7 1551 1399 1613; baseline -0.001 -14"><span class='ocrx_word' id='word_1_166' title='bbox 7 1569 78 1599; x_wconf 83' lang='lat' dir='ltr'>sus</span> <span class='ocrx_word' id='word_1_167' title='bbox 107 1555 341 1609; x_wconf 83' lang='lat' dir='ltr'>timentur,</span> <span class='ocrx_word' id='word_1_168' title='bbox 377 1568 432 1597; x_wconf 90' lang='lat' dir='ltr'>ne</span> <span class='ocrx_word' id='word_1_169' title='bbox 461 1553 507 1596; x_wconf 87' lang='lat' dir='ltr'>in</span> <span class='ocrx_word' id='word_1_170' title='bbox 535 1551 714 1613; x_wconf 85' lang='lat' dir='ltr'>laqueos</span> <span class='ocrx_word' id='word_1_171' title='bbox 737 1552 960 1608; x_wconf 88' lang='lat' dir='ltr'>incidant,</span> <span class='ocrx_word' id='word_1_172' title='bbox 995 1552 1224 1597; x_wconf 87' lang='lat' dir='ltr'>audiamus</span> <span class='ocrx_word' id='word_1_173' title='bbox 1245 1568 1399 1598; x_wconf 89' lang='lat' dir='ltr'>vocem</span> 
     </span>
     <span class='ocr_line' id='line_1_20' title="bbox 9 1621 1396 1678; baseline -0.001 -9"><span class='ocrx_word' id='word_1_174' title='bbox 9 1624 180 1670; x_wconf 90' lang='lat' dir='ltr'>Domini</span> <span class='ocrx_word' id='word_1_175' title='bbox 216 1623 294 1668; x_wconf 89' lang='lat' dir='ltr'>Dei</span> <span class='ocrx_word' id='word_1_176' title='bbox 325 1622 460 1667; x_wconf 86' lang='lat' dir='ltr'>nostri</span> <span class='ocrx_word' id='word_1_177' title='bbox 493 1621 756 1667; x_wconf 88' lang='lat' dir='ltr'>consolantis</span> <span class='ocrx_word' id='word_1_178' title='bbox 783 1638 862 1667; x_wconf 90' lang='lat' dir='ltr'>nos</span> <span class='ocrx_word' id='word_1_179' title='bbox 885 1658 897 1678; x_wconf 92' lang='lat'>,</span> <span class='ocrx_word' id='word_1_180' title='bbox 936 1632 981 1667; x_wconf 91' lang='lat' dir='ltr'>et</span> <span class='ocrx_word' id='word_1_181' title='bbox 1008 1622 1191 1667; x_wconf 85' lang='lat' dir='ltr'>dicentis</span> <span class='ocrx_word' id='word_1_182' title='bbox 1224 1623 1349 1668; x_wconf 91' lang='lat' dir='ltr'>nobis</span> <span class='ocrx_word' id='word_1_183' title='bbox 1386 1642 1396 1668; x_wconf 89' lang='grc'>;</span> 
     </span>
     <span class='ocr_line' id='line_1_21' title="bbox 14 1693 1392 1754; baseline 0 -17"><span class='ocrx_word' id='word_1_184' title='bbox 14 1713 34 1738; x_wconf 87' lang='lat'>«</span> <span class='ocrx_word' id='word_1_185' title='bbox 65 1694 282 1748; x_wconf 85' lang='lat' dir='ltr'>Quoniam</span> <span class='ocrx_word' id='word_1_186' title='bbox 302 1694 348 1738; x_wconf 89' lang='lat' dir='ltr'>in</span> <span class='ocrx_word' id='word_1_187' title='bbox 369 1708 439 1737; x_wconf 90' lang='lat' dir='ltr'>me</span> <span class='ocrx_word' id='word_1_188' title='bbox 460 1693 665 1753; x_wconf 86' lang='lat' dir='ltr'>speravit,</span> <span class='ocrx_word' id='word_1_189' title='bbox 689 1708 839 1738; x_wconf 87' lang='lat' dir='ltr'>eruam</span> <span class='ocrx_word' id='word_1_190' title='bbox 863 1709 963 1738; x_wconf 91' lang='lat' dir='ltr'>eum</span> <span class='ocrx_word' id='word_1_191' title='bbox 991 1712 1001 1739; x_wconf 73' lang='grc' dir='ltr'>ε</span> <span class='ocrx_word' id='word_1_192' title='bbox 1028 1703 1252 1754; x_wconf 82' lang='lat' dir='ltr'>protegam</span> <span class='ocrx_word' id='word_1_193' title='bbox 1273 1709 1392 1749; x_wconf 88' lang='lat' dir='ltr'>eum,</span> 
     </span>
     <span class='ocr_line' id='line_1_22' title="bbox 12 1764 917 1826; baseline 0 -19"><span class='ocrx_word' id='word_1_194' title='bbox 12 1783 33 1809; x_wconf 88' lang='lat'>»</span> <span class='ocrx_word' id='word_1_195' title='bbox 64 1765 270 1826; x_wconf 87' lang='lat' dir='ltr'>quoniam</span> <span class='ocrx_word' id='word_1_196' title='bbox 294 1764 496 1823; x_wconf 87' lang='lat' dir='ltr'>cognovit</span> <span class='ocrx_word' id='word_1_197' title='bbox 518 1779 680 1808; x_wconf 88' lang='lat' dir='ltr'>nomen</span> <span class='ocrx_word' id='word_1_198' title='bbox 700 1779 865 1808; x_wconf 87' lang='lat' dir='ltr'>meum.</span> <span class='ocrx_word' id='word_1_199' title='bbox 896 1782 917 1807; x_wconf 79' lang='grc' dir='ltr'><strong>υ</strong></span> 
     </span>
    </p>

    <p class='ocr_par' dir='ltr' id='par_1_4' title="bbox 9 1834 1399 2534">
     <span class='ocr_line' id='line_1_23' title="bbox 63 1834 1396 1895; baseline -0.002 -14"><span class='ocrx_word' id='word_1_200' title='bbox 63 1838 144 1881; x_wconf 85' lang='lat' dir='ltr'>XI.</span> <span class='ocrx_word' id='word_1_201' title='bbox 174 1855 191 1876; x_wconf 66' lang='grc' dir='ltr'><em>α</em></span> <span class='ocrx_word' id='word_1_202' title='bbox 219 1835 449 1881; x_wconf 87' lang='lat' dir='ltr'>Invocabit</span> <span class='ocrx_word' id='word_1_203' title='bbox 470 1849 540 1879; x_wconf 89' lang='lat' dir='ltr'>me</span> <span class='ocrx_word' id='word_1_204' title='bbox 555 1870 567 1891; x_wconf 88' lang='lat'><strong>‚</strong></span> <span class='ocrx_word' id='word_1_205' title='bbox 594 1844 638 1879; x_wconf 92' lang='lat' dir='ltr'>et</span> <span class='ocrx_word' id='word_1_206' title='bbox 665 1850 747 1894; x_wconf 86' lang='lat' dir='ltr'>ego</span> <span class='ocrx_word' id='word_1_207' title='bbox 768 1834 995 1879; x_wconf 79' lang='lat' dir='ltr'>exaudiam</span> <span class='ocrx_word' id='word_1_208' title='bbox 1017 1850 1119 1879; x_wconf 89' lang='lat' dir='ltr'>eum</span> <span class='ocrx_word' id='word_1_209' title='bbox 1136 1870 1148 1889; x_wconf 86' lang='lat'>,</span> <span class='ocrx_word' id='word_1_210' title='bbox 1179 1850 1279 1880; x_wconf 91' lang='lat' dir='ltr'>cum</span> <span class='ocrx_word' id='word_1_211' title='bbox 1302 1835 1396 1895; x_wconf 91' lang='lat' dir='ltr'>ipso</span> 
     </span>
     <span class='ocr_line' id='line_1_24' title="bbox 12 1904 1393 1966; baseline -0.001 -16"><span class='ocrx_word' id='word_1_212' title='bbox 12 1925 33 1950; x_wconf 69' lang='lat' dir='ltr'>&gt;v</span> <span class='ocrx_word' id='word_1_213' title='bbox 64 1922 160 1952; x_wconf 91' lang='lat' dir='ltr'>sum</span> <span class='ocrx_word' id='word_1_214' title='bbox 181 1907 228 1951; x_wconf 90' lang='lat' dir='ltr'>in</span> <span class='ocrx_word' id='word_1_215' title='bbox 250 1906 530 1951; x_wconf 87' lang='lat' dir='ltr'>tribulatione</span> <span class='ocrx_word' id='word_1_216' title='bbox 543 1909 576 1950; x_wconf 71' lang='lat'>².</span> <span class='ocrx_word' id='word_1_217' title='bbox 606 1924 625 1946; x_wconf 92' lang='lat'>»</span> <span class='ocrx_word' id='word_1_218' title='bbox 650 1905 747 1952; x_wconf 87' lang='lat' dir='ltr'>Noli</span> <span class='ocrx_word' id='word_1_219' title='bbox 767 1905 919 1950; x_wconf 90' lang='lat' dir='ltr'>timere</span> <span class='ocrx_word' id='word_1_220' title='bbox 941 1905 1119 1966; x_wconf 86' lang='lat' dir='ltr'>quando</span> <span class='ocrx_word' id='word_1_221' title='bbox 1142 1904 1364 1949; x_wconf 87' lang='lat' dir='ltr'>tribularis</span> <span class='ocrx_word' id='word_1_222' title='bbox 1380 1939 1393 1960; x_wconf 86' lang='lat'>‚</span> 
     </span>
     <span class='ocr_line' id='line_1_25' title="bbox 9 1974 1398 2038; baseline -0.002 -16"><span class='ocrx_word' id='word_1_223' title='bbox 9 1991 63 2022; x_wconf 83' lang='lat' dir='ltr'>ne</span> <span class='ocrx_word' id='word_1_224' title='bbox 87 1977 210 2038; x_wconf 83' lang='lat' dir='ltr'>quasi</span> <span class='ocrx_word' id='word_1_225' title='bbox 237 1993 327 2022; x_wconf 91' lang='lat' dir='ltr'>non</span> <span class='ocrx_word' id='word_1_226' title='bbox 349 1985 496 2020; x_wconf 88' lang='lat' dir='ltr'>tecum</span> <span class='ocrx_word' id='word_1_227' title='bbox 517 1975 571 2020; x_wconf 90' lang='lat' dir='ltr'>sit</span> <span class='ocrx_word' id='word_1_228' title='bbox 592 1978 721 2020; x_wconf 87' lang='lat' dir='ltr'>Deus.</span> <span class='ocrx_word' id='word_1_229' title='bbox 755 1974 884 2020; x_wconf 88' lang='lat' dir='ltr'>Fides</span> <span class='ocrx_word' id='word_1_230' title='bbox 907 1976 960 2020; x_wconf 85' lang='lat' dir='ltr'>sit</span> <span class='ocrx_word' id='word_1_231' title='bbox 993 1985 1139 2020; x_wconf 90' lang='lat' dir='ltr'>tecum</span> <span class='ocrx_word' id='word_1_232' title='bbox 1156 2011 1168 2031; x_wconf 88' lang='lat'>‚</span> <span class='ocrx_word' id='word_1_233' title='bbox 1191 1984 1234 2020; x_wconf 91' lang='lat' dir='ltr'>et</span> <span class='ocrx_word' id='word_1_234' title='bbox 1251 1984 1398 2020; x_wconf 88' lang='lat' dir='ltr'>tecum</span> 
     </span>
     <span class='ocr_line' id='line_1_26' title="bbox 10 2046 1397 2101; baseline -0.003 -7"><span class='ocrx_word' id='word_1_235' title='bbox 10 2058 71 2094; x_wconf 85' lang='lat' dir='ltr'>est</span> <span class='ocrx_word' id='word_1_236' title='bbox 93 2052 206 2093; x_wconf 91' lang='lat' dir='ltr'>Deus</span> <span class='ocrx_word' id='word_1_237' title='bbox 228 2048 272 2092; x_wconf 91' lang='lat' dir='ltr'>in</span> <span class='ocrx_word' id='word_1_238' title='bbox 294 2047 595 2092; x_wconf 86' lang='lat' dir='ltr'>tribulatione.</span> <span class='ocrx_word' id='word_1_239' title='bbox 622 2046 804 2091; x_wconf 87' lang='lat' dir='ltr'>Fluctus</span> <span class='ocrx_word' id='word_1_240' title='bbox 825 2057 928 2091; x_wconf 88' lang='lat' dir='ltr'>sunt</span> <span class='ocrx_word' id='word_1_241' title='bbox 950 2047 1078 2091; x_wconf 90' lang='lat' dir='ltr'>maris</span> <span class='ocrx_word' id='word_1_242' title='bbox 1093 2081 1104 2101; x_wconf 88' lang='lat'>‚</span> <span class='ocrx_word' id='word_1_243' title='bbox 1140 2046 1329 2091; x_wconf 88' lang='lat' dir='ltr'>turbaris</span> <span class='ocrx_word' id='word_1_244' title='bbox 1350 2046 1397 2090; x_wconf 91' lang='lat' dir='ltr'>in</span> 
     </span>
     <span class='ocr_line' id='line_1_27' title="bbox 10 2115 1398 2179; baseline -0.002 -16"><span class='ocrx_word' id='word_1_245' title='bbox 10 2119 203 2179; x_wconf 85' lang='lat' dir='ltr'>navigio,</span> <span class='ocrx_word' id='word_1_246' title='bbox 229 2119 329 2179; x_wconf 88' lang='lat' dir='ltr'>quia</span> <span class='ocrx_word' id='word_1_247' title='bbox 353 2118 515 2163; x_wconf 88' lang='lat' dir='ltr'>dormit</span> <span class='ocrx_word' id='word_1_248' title='bbox 538 2118 751 2163; x_wconf 88' lang='lat' dir='ltr'>Christus.</span> <span class='ocrx_word' id='word_1_249' title='bbox 780 2115 1033 2162; x_wconf 89' lang='lat' dir='ltr'>Dormiebat</span> <span class='ocrx_word' id='word_1_250' title='bbox 1054 2118 1100 2161; x_wconf 93' lang='lat' dir='ltr'>in</span> <span class='ocrx_word' id='word_1_251' title='bbox 1121 2117 1221 2162; x_wconf 87' lang='lat' dir='ltr'>navi</span> <span class='ocrx_word' id='word_1_252' title='bbox 1249 2117 1398 2162; x_wconf 84' lang='lat' dir='ltr'>Chris-</span> 
     </span>
     <span class='ocr_line' id='line_1_28' title="bbox 10 2186 1394 2250; baseline -0.002 -15"><span class='ocrx_word' id='word_1_253' title='bbox 10 2198 77 2235; x_wconf 84' lang='lat' dir='ltr'>tus</span> <span class='ocrx_word' id='word_1_254' title='bbox 92 2225 103 2243; x_wconf 85' lang='lat'><strong>,</strong></span> <span class='ocrx_word' id='word_1_255' title='bbox 127 2189 329 2250; x_wconf 87' lang='lat' dir='ltr'>peribant</span> <span class='ocrx_word' id='word_1_256' title='bbox 350 2189 589 2234; x_wconf 82' lang='lat' dir='ltr'>homines³.</span> <span class='ocrx_word' id='word_1_257' title='bbox 619 2189 660 2234; x_wconf 93' lang='lat' dir='ltr'>Si</span> <span class='ocrx_word' id='word_1_258' title='bbox 679 2188 786 2232; x_wconf 89' lang='lat' dir='ltr'>fides</span> <span class='ocrx_word' id='word_1_259' title='bbox 808 2198 881 2233; x_wconf 89' lang='lat' dir='ltr'>tua</span> <span class='ocrx_word' id='word_1_260' title='bbox 899 2186 1061 2232; x_wconf 90' lang='lat' dir='ltr'>dormit</span> <span class='ocrx_word' id='word_1_261' title='bbox 1082 2188 1128 2232; x_wconf 90' lang='lat' dir='ltr'>in</span> <span class='ocrx_word' id='word_1_262' title='bbox 1151 2186 1282 2232; x_wconf 90' lang='lat' dir='ltr'>corde</span> <span class='ocrx_word' id='word_1_263' title='bbox 1300 2197 1394 2244; x_wconf 86' lang='lat' dir='ltr'>tuo,</span> 
     </span>
     <span class='ocr_line' id='line_1_29' title="bbox 11 2259 1398 2322; baseline -0.002 -16"><span class='ocrx_word' id='word_1_264' title='bbox 11 2269 217 2322; x_wconf 81' lang='lat' dir='ltr'>tanquam</span> <span class='ocrx_word' id='word_1_265' title='bbox 243 2260 288 2304; x_wconf 92' lang='lat' dir='ltr'>in</span> <span class='ocrx_word' id='word_1_266' title='bbox 310 2260 410 2304; x_wconf 87' lang='lat' dir='ltr'>navi</span> <span class='ocrx_word' id='word_1_267' title='bbox 433 2269 507 2304; x_wconf 91' lang='lat' dir='ltr'>tua</span> <span class='ocrx_word' id='word_1_268' title='bbox 528 2259 690 2304; x_wconf 89' lang='lat' dir='ltr'>dormit</span> <span class='ocrx_word' id='word_1_269' title='bbox 713 2260 910 2305; x_wconf 87' lang='lat' dir='ltr'>Christus</span> <span class='ocrx_word' id='word_1_270' title='bbox 935 2279 945 2304; x_wconf 71' lang='grc' dir='ltr'>ε</span> <span class='ocrx_word' id='word_1_271' title='bbox 976 2259 1077 2320; x_wconf 87' lang='lat' dir='ltr'>quia</span> <span class='ocrx_word' id='word_1_272' title='bbox 1101 2259 1297 2304; x_wconf 91' lang='lat' dir='ltr'>Christus</span> <span class='ocrx_word' id='word_1_273' title='bbox 1320 2274 1398 2320; x_wconf 88' lang='lat' dir='ltr'>per</span> 
     </span>
     <span class='ocr_line' id='line_1_30' title="bbox 11 2330 1397 2390; baseline -0.001 -14"><span class='ocrx_word' id='word_1_274' title='bbox 11 2330 139 2376; x_wconf 90' lang='lat' dir='ltr'>fidem</span> <span class='ocrx_word' id='word_1_275' title='bbox 161 2332 206 2375; x_wconf 92' lang='lat' dir='ltr'>in</span> <span class='ocrx_word' id='word_1_276' title='bbox 228 2340 271 2375; x_wconf 89' lang='lat' dir='ltr'>te</span> <span class='ocrx_word' id='word_1_277' title='bbox 303 2331 485 2375; x_wconf 85' lang='lat' dir='ltr'>habitat.</span> <span class='ocrx_word' id='word_1_278' title='bbox 511 2333 622 2377; x_wconf 91' lang='lat' dir='ltr'>Cum</span> <span class='ocrx_word' id='word_1_279' title='bbox 655 2330 823 2375; x_wconf 85' lang='lat' dir='ltr'>turbari</span> <span class='ocrx_word' id='word_1_280' title='bbox 845 2330 1030 2390; x_wconf 82' lang='lat' dir='ltr'>coeperis</span> <span class='ocrx_word' id='word_1_281' title='bbox 1046 2365 1056 2385; x_wconf 91' lang='lat'>‚</span> <span class='ocrx_word' id='word_1_282' title='bbox 1082 2330 1217 2374; x_wconf 80' lang='lat' dir='ltr'>excita</span> <span class='ocrx_word' id='word_1_283' title='bbox 1244 2330 1397 2376; x_wconf 89' lang='lat' dir='ltr'>Chris-</span> 
     </span>
     <span class='ocr_line' id='line_1_31' title="bbox 10 2401 1399 2462; baseline -0.001 -15"><span class='ocrx_word' id='word_1_284' title='bbox 10 2412 102 2447; x_wconf 91' lang='lat' dir='ltr'>tum</span> <span class='ocrx_word' id='word_1_285' title='bbox 124 2402 414 2447; x_wconf 87' lang='lat' dir='ltr'>dormientem</span> <span class='ocrx_word' id='word_1_286' title='bbox 437 2421 445 2447; x_wconf 90' lang='lat'><strong>:</strong></span> <span class='ocrx_word' id='word_1_287' title='bbox 471 2402 586 2461; x_wconf 85' lang='lat' dir='ltr'>erige</span> <span class='ocrx_word' id='word_1_288' title='bbox 607 2401 738 2446; x_wconf 89' lang='lat' dir='ltr'>fidem</span> <span class='ocrx_word' id='word_1_289' title='bbox 755 2410 874 2446; x_wconf 86' lang='lat' dir='ltr'>tuam</span> <span class='ocrx_word' id='word_1_290' title='bbox 891 2437 902 2457; x_wconf 85' lang='lat'>,</span> <span class='ocrx_word' id='word_1_291' title='bbox 927 2410 971 2446; x_wconf 89' lang='lat' dir='ltr'>et</span> <span class='ocrx_word' id='word_1_292' title='bbox 991 2401 1162 2447; x_wconf 87' lang='lat' dir='ltr'>noveris</span> <span class='ocrx_word' id='word_1_293' title='bbox 1184 2401 1286 2462; x_wconf 87' lang='lat' dir='ltr'>quia</span> <span class='ocrx_word' id='word_1_294' title='bbox 1308 2417 1399 2446; x_wconf 91' lang='lat' dir='ltr'>non</span> 
     </span>
     <span class='ocr_line' id='line_1_32' title="bbox 15 2471 1397 2534; baseline -0.001 -16"><span class='ocrx_word' id='word_1_295' title='bbox 15 2482 52 2518; x_wconf 89' lang='lat' dir='ltr'>te</span> <span class='ocrx_word' id='word_1_296' title='bbox 72 2471 244 2518; x_wconf 88' lang='lat' dir='ltr'>deserit.</span> <span class='ocrx_word' id='word_1_297' title='bbox 267 2473 352 2519; x_wconf 87' lang='lat' dir='ltr'>Sed</span> <span class='ocrx_word' id='word_1_298' title='bbox 372 2472 471 2518; x_wconf 87' lang='lat' dir='ltr'>ideo</span> <span class='ocrx_word' id='word_1_299' title='bbox 494 2482 621 2533; x_wconf 90' lang='lat' dir='ltr'>putas</span> <span class='ocrx_word' id='word_1_300' title='bbox 648 2482 691 2517; x_wconf 91' lang='lat' dir='ltr'>te</span> <span class='ocrx_word' id='word_1_301' title='bbox 708 2472 863 2528; x_wconf 87' lang='lat' dir='ltr'>deseri,</span> <span class='ocrx_word' id='word_1_302' title='bbox 881 2472 984 2533; x_wconf 86' lang='lat' dir='ltr'>quia</span> <span class='ocrx_word' id='word_1_303' title='bbox 1004 2488 1094 2517; x_wconf 90' lang='lat' dir='ltr'>non</span> <span class='ocrx_word' id='word_1_304' title='bbox 1116 2471 1320 2534; x_wconf 76' lang='lat' dir='ltr'>quando⁴</span> <span class='ocrx_word' id='word_1_305' title='bbox 1334 2472 1397 2517; x_wconf 89' lang='lat' dir='ltr'>vis</span> 
     </span>
    </p>
   </div>
   <div class='ocr_carea' id='block_1_3' title="bbox 11 2567 1396 2674">
    <p class='ocr_par' dir='ltr' id='par_1_5' title="bbox 11 2567 1396 2674">
     <span class='ocr_line' id='line_1_33' title="bbox 58 2567 1396 2612; baseline -0.001 -10"><span class='ocrx_word' id='word_1_306' title='bbox 58 2577 64 2593; x_wconf 88' lang='lat'>¹</span> <span class='ocrx_word' id='word_1_307' title='bbox 91 2570 171 2602; x_wconf 87' lang='lat' dir='ltr'>Psal.</span> <span class='ocrx_word' id='word_1_308' title='bbox 195 2581 254 2611; x_wconf 84' lang='lat' dir='ltr'>xc,</span> <span class='ocrx_word' id='word_1_309' title='bbox 277 2569 327 2612; x_wconf 69' lang='lat'>¹4·</span> <span class='ocrx_word' id='word_1_310' title='bbox 350 2587 389 2593; x_wconf 94' lang='lat'>—</span> <span class='ocrx_word' id='word_1_311' title='bbox 415 2577 428 2592; x_wconf 84' lang='lat'>²</span> <span class='ocrx_word' id='word_1_312' title='bbox 455 2569 539 2602; x_wconf 86' lang='lat' dir='ltr'>lbid.</span> <span class='ocrx_word' id='word_1_313' title='bbox 580 2568 629 2600; x_wconf 86' lang='lat'>15.</span> <span class='ocrx_word' id='word_1_314' title='bbox 657 2586 699 2591; x_wconf 91' lang='lat'><strong>—</strong></span> <span class='ocrx_word' id='word_1_315' title='bbox 731 2567 744 2591; x_wconf 84' lang='lat'>3</span> <span class='ocrx_word' id='word_1_316' title='bbox 762 2568 876 2601; x_wconf 87' lang='lat' dir='ltr'>Matth.</span> <span class='ocrx_word' id='word_1_317' title='bbox 899 2580 977 2610; x_wconf 87' lang='lat' dir='ltr'>vm,</span> <span class='ocrx_word' id='word_1_318' title='bbox 997 2567 1053 2610; x_wconf 70' lang='lat'>24,</span> <span class='ocrx_word' id='word_1_319' title='bbox 1084 2569 1137 2600; x_wconf 81' lang='lat'>25.</span> <span class='ocrx_word' id='word_1_320' title='bbox 1168 2586 1209 2592; x_wconf 85' lang='lat'><em>-</em></span> <span class='ocrx_word' id='word_1_321' title='bbox 1229 2568 1245 2597; x_wconf 77' lang='lat'>4</span> <span class='ocrx_word' id='word_1_322' title='bbox 1266 2568 1396 2600; x_wconf 77' lang='lat' dir='ltr'>Forte.-</span> 
     </span>
     <span class='ocr_line' id='line_1_34' title="bbox 11 2620 914 2674; baseline -0.003 -15"><span class='ocrx_word' id='word_1_323' title='bbox 11 2626 166 2674; x_wconf 84' lang='lat' dir='ltr'>quomodo</span> <span class='ocrx_word' id='word_1_324' title='bbox 183 2638 190 2657; x_wconf 79' lang='lat' dir='ltr'>z</span> <span class='ocrx_word' id='word_1_325' title='bbox 211 2624 251 2657; x_wconf 83' lang='lat' dir='ltr'>id</span> <span class='ocrx_word' id='word_1_326' title='bbox 270 2633 336 2667; x_wconf 77' lang='lat' dir='ltr'>est,</span> <span class='ocrx_word' id='word_1_327' title='bbox 357 2625 438 2671; x_wconf 82' lang='lat' dir='ltr'>quia</span> <span class='ocrx_word' id='word_1_328' title='bbox 458 2636 527 2657; x_wconf 87' lang='lat' dir='ltr'>non</span> <span class='ocrx_word' id='word_1_329' title='bbox 549 2620 782 2666; x_wconf 78' lang='lat' dir='ltr'>corporaliter</span> <span class='ocrx_word' id='word_1_330' title='bbox 801 2624 914 2667; x_wconf 80' lang='lat' dir='ltr'>eripit.</span> 
     </span>
    </p>
   </div>
  </div>
 </body>
</html>
