1926 3339
399 327 641 358 ENARRATIO
671 331 717 357 m
749 328 953 358 PsALMUM
983 331 1147 358 Lxxxv.
1379 322 1462 361 197

77 396 153 458 qui
173 397 318 441 omnia
350 396 487 441 dedit.
515 414 537 439 «
560 395 751 441 Auribus
777 395 932 454 infige,
972 396 1186 451 Domine,
1222 398 1464 443 orationem

79 486 100 510 υ
135 482 298 522 meam,
336 475 380 510 et
399 465 579 510 intende
598 466 695 512 voci
717 466 922 511 orationis
943 480 1068 509 meae.
1105 468 1158 509 In
1185 465 1256 510 die
1277 466 1465 512 tribula-

81 555 101 579 »
136 538 263 582 tionis
284 552 393 581 meae
409 536 591 582 clamavi
610 536 665 581 ad
687 546 730 581 te
745 572 756 592 ,
781 536 988 597 quoniam
1013 536 1226 580 exaudisti
1247 552 1332 581 me.
1362 555 1383 579 »

135 610 238 652 XII.
264 609 401 652 «Non
423 616 486 651 est
506 607 654 651 similis
678 608 758 651 tibi
779 608 824 652 in
850 606 952 663 diis,
978 608 1202 652 Domine1.
1233 625 1254 649 »
1281 610 1338 652 Et
1357 607 1466 668 quid

78 678 214 724 dixit?
239 698 261 721 «
284 680 383 724 Non
414 687 478 722 est
503 677 653 722 similis
682 677 761 722 tibi
788 678 835 722 in
862 677 968 733 diis,
994 677 1194 722 Domine.
1223 695 1244 719 »
1276 678 1467 737 Fingant

77 749 160 795 sibi
191 750 295 793 deos
317 764 427 809 quos
459 748 615 794 volunt
637 749 819 807 Pagani,
846 748 1067 793 adducant
1087 747 1232 793 fabros
1265 758 1467 807 argenta-

77 821 162 865 rios
177 856 188 876 ,
214 821 425 876 aurifices,
443 820 723 880 expolitoreS,
743 820 982 880 sculptores
994 856 1005 875 ,
1030 820 1193 864 faciant
1211 820 1330 865 deos.
1346 824 1468 875 Qua-

77 891 138 936 les
166 890 303 936 deos?
326 891 486 936 Oculos
517 892 752 946 habentes,
777 900 822 935 et
846 906 936 935 non
958 890 1184 935 videntes2
1205 911 1214 936 :
1239 900 1283 935 et
1312 901 1469 937 caetera

78 978 177 1023 quae
199 962 304 1007 dicit
335 962 528 1006 Psalmus
550 970 882 1021 consequenter.
921 960 1005 1006 Sed
1033 962 1114 1005 ista
1142 977 1232 1006 non
1253 961 1439 1007 col‘imus
1454 998 1466 1016 ,

79 1033 138 1077 ait
154 1067 165 1088 ,
191 1048 282 1077 non
311 1032 494 1077 colimus
511 1067 523 1087 ,
546 1032 640 1076 haec
662 1033 784 1091 signa
810 1041 927 1076 sunt.
953 1034 1012 1076 Et
1029 1031 1138 1092 quid
1154 1030 1319 1076 colitis?
1336 1032 1470 1077 Aliud

79 1101 246 1162 aliquid
266 1103 420 1162 pejus:
450 1121 471 1144 «
494 1104 708 1155 Quoniam
743 1102 804 1146 dii
832 1102 1028 1161 gentium
1055 1101 1270 1146 daemonia
1295 1104 1327 1146 3.
1354 1121 1375 1144 »
1413 1106 1472 1148 Et

79 1172 215 1233 quid?
231 1175 321 1219 Nec
343 1172 575 1228 daemonia,
600 1174 825 1233 inquiunt,
851 1172 1048 1217 colimus.
1066 1172 1199 1217 Plane
1220 1172 1329 1217 nihil
1351 1172 1472 1218 aliud

79 1244 247 1289 habetis
269 1245 315 1288 in
336 1243 508 1303 templis
526 1279 537 1299 ,
563 1244 674 1288 nihil
695 1244 815 1288 aliud
836 1244 988 1304 implet
1009 1253 1128 1288 vates
1149 1253 1314 1289 vestros
1336 1261 1471 1305 quam

80 1315 362 1362 daemonium.
396 1314 481 1360 Sed
502 1315 609 1375 quid
635 1314 809 1360 dicitis?
830 1315 1018 1373 Angelos
1041 1314 1248 1371 colimus,
1280 1315 1472 1375 Angelos

78 1386 291 1431 habemus
318 1387 446 1429 Deos,
478 1388 576 1431 Non
607 1385 736 1445 ‘plane
765 1386 900 1430 nostis
928 1385 1130 1444 Angelos.
1164 1385 1321 1445 Angeli
1355 1387 1472 1430 enim

79 1472 219 1501 unum
255 1460 396 1502 Deum
427 1456 606 1511 colunt,
641 1472 722 1502 nec
755 1455 905 1502 favent
938 1457 1191 1502 hominibus
1219 1457 1296 1517 qui
1316 1457 1473 1502 volunt

79 1527 222 1573 colere
242 1527 433 1586 Angelos
449 1563 460 1582 ,
481 1537 525 1571 et
541 1543 631 1572 non
658 1530 815 1572 Deum.
840 1530 950 1573 Nam
968 1528 1214 1572 invenimus
1235 1529 1472 1573 honoratos

79 1599 267 1658 Angelos
292 1599 576 1659 prohibentes
598 1599 798 1643 homines
823 1614 880 1642 ne
901 1613 945 1643 se
968 1598 1201 1643 adorarent
1217 1600 1234 1624 4
1254 1634 1265 1655 ,
1302 1598 1378 1643 sed
1399 1615 1474 1648 ve-

79 1686 178 1716 rum
199 1674 354 1715 Deum.
397 1669 483 1716 Sed
505 1669 696 1729 Angelos
722 1669 872 1714 dicant
891 1705 901 1725 ,
940 1670 1138 1714 homines
1171 1669 1346 1725 dicant,
1371 1672 1475 1731 quia

79 1741 246 1786 dictum
276 1750 340 1785 est
370 1760 380 1785 ;
418 1760 437 1782 «
466 1743 561 1799 Ego
581 1739 668 1784 dixi
695 1759 703 1784 :
728 1740 795 1785 Dii
818 1741 917 1784 estis
936 1776 946 1795 ,
972 1749 1015 1784 et
1037 1740 1116 1784 filii
1149 1740 1357 1785 Altissimi
1378 1757 1475 1786 om-

84 1832 103 1854 »
137 1828 214 1856 nes
233 1814 248 1838 ⁵
267 1831 276 1857 :
296 1814 395 1856 Non
412 1820 476 1855 est
497 1811 645 1855 similis
663 1811 741 1855 tihi
763 1811 809 1854 in
827 1811 907 1855 diis
923 1847 934 1866 ,
959 1812 1159 1856 Domine.
1190 1830 1210 1853 »
1237 1811 1475 1864 Quodlibet

81 1883 200 1927 aliud
221 1882 384 1942 cogitet
405 1883 564 1936 homo,
605 1898 695 1926 non
723 1892 787 1926 est
808 1881 945 1926 simile
978 1881 1100 1942 quod
1132 1880 1299 1927 factum
1326 1891 1390 1927 est
1410 1882 1474 1926 illi

80 1954 158 2013 qui
179 1951 296 1997 fecit.
320 1956 515 2011 Excepto
539 1955 630 1996 Deo
645 1987 656 2006 ,
681 1951 900 2012 quidquid
930 1952 1051 1997 aliud
1073 1961 1137 1997 est
1159 1953 1204 1996 in
1226 1962 1383 1998 natura
1404 1968 1476 1997 re·-

80 2039 178 2068 rum
196 2059 206 2079 ,
232 2022 399 2068 factum
421 2032 483 2067 est
505 2038 528 2066 a
561 2025 667 2067 Deo.
694 2027 916 2076 Quantum
944 2024 1125 2067 interest
1142 2023 1256 2068 inter
1278 2040 1380 2068 eum
1400 2025 1477 2084 qui

80 2093 184 2139 fecit
198 2130 210 2150 ,
236 2104 279 2139 et
295 2093 408 2138 illud
428 2092 550 2153 quod
570 2093 737 2138 factum
760 2102 852 2149 est,
891 2094 990 2154 quis
1018 2093 1150 2153 digne
1172 2095 1369 2153 cogitet?
1392 2098 1478 2139 Iste

81 2181 183 2224 ergo
199 2165 309 2210 dixit
334 2184 343 2210 ;
373 2184 393 2207 «
409 2167 509 2210 Non
530 2173 594 2208 est
616 2164 765 2209 similis
789 2165 870 2209 tibi
891 2165 937 2209 in
959 2164 1057 2217 diis,
1078 2165 1308 2210 Domine.»
1323 2168 1477 2219 Quan-

81 2245 177 2283 tum
199 2244 347 2280 autem
366 2235 422 2279 sit
455 2234 672 2279 dissimilis
694 2238 810 2279 Deus
831 2270 842 2289 ,
875 2250 965 2279 non
988 2234 1098 2279 dixit
1113 2270 1125 2289 ,
1157 2236 1259 2295 quia
1281 2235 1367 2280 dici
1387 2252 1477 2281 non

80 2315 237 2367 potest.
265 2304 472 2350 Intendat
489 2306 686 2350 Charitas
708 2308 877 2361 Vestra,
896 2309 1011 2350 Deus
1034 2304 1270 2350 ineffabilis
1293 2315 1371 2350 est.
1394 2310 1480 2351 Fa-

81 2377 204 2425 cilius
221 2377 405 2422 dicimus
422 2376 531 2436 quid
547 2392 637 2421 non
658 2376 739 2432 sit,
764 2392 897 2437 quam
921 2375 1029 2437 quid
1045 2370 1118 2421 sit.
1149 2380 1326 2421 Terram
1355 2378 1478 2437 cogi-

81 2459 146 2494 tas
165 2484 174 2503 ,
201 2464 290 2493 non
312 2457 376 2491 est
394 2448 479 2492 hoc
502 2450 616 2491 Deus
638 2466 647 2491 :
672 2463 792 2491 mare
816 2448 978 2506 cogitas
994 2483 1004 2502 ,
1031 2463 1119 2491 non
1146 2457 1209 2491 est
1231 2448 1315 2492 hoc
1337 2451 1450 2493 Deus
1469 2468 1478 2493 ε

83 2519 229 2577 omnia
256 2534 357 2577 quae
387 2526 489 2561 sunt
515 2518 563 2561 in
594 2527 730 2573 terra,
762 2518 961 2562 homines
989 2527 1033 2561 et
1054 2517 1282 2573 animalia,
1308 2534 1396 2563 non
1419 2527 1482 2563 est

130 2621 139 2636 ¹
163 2613 242 2645 Psal.
264 2624 381 2654 mxxv,
410 2614 441 2645 8.
464 2631 503 2636 -—-
523 2620 536 2635 ²
559 2614 605 2645 ld.
628 2624 713 2652 cxm,
737 2613 767 2644 5.
795 2630 836 2635 --
858 2612 1026 2651 31d.xcv‚
1048 2613 1078 2644 5,
1111 2630 1151 2635 -—
1174 2612 1188 2640 4
1204 2616 1303 2655 Apoc.
1326 2625 1376 2645 xix
1395 2639 1403 2653 ,
1427 2625 1475 2645 ιο.

84 2686 123 2691 -
147 2667 161 2691 5
180 2669 258 2700 Psal.
280 2679 387 2707 Lxxxl,
403 2668 435 2699 6.
