1926 3339
418 309 498 347 198
797 325 829 351 s.
878 322 1108 353 Avens'nm
1140 325 1321 352 EPJSCOPI

414 384 497 428 1100
525 387 637 431 Deus
664 405 672 431 ε
705 389 848 433 omnia
869 406 967 449 quae
985 399 1086 435 sunt
1111 390 1156 434 in
1177 390 1314 445 mari,
1339 405 1438 449 quae
1460 388 1608 434 volant
1622 404 1701 449 per
1722 394 1795 434 ae-

414 471 528 513 rem,
554 473 644 503 non
666 469 728 504 est
744 460 827 505 hoe
850 464 963 505 Deus
986 481 994 507 :
1020 460 1237 522 quidquid
1259 460 1376 505 lucet
1398 462 1443 504 in
1465 460 1601 515 coelo,
1633 460 1790 514 stellae,

415 527 478 571 sol
496 538 539 572 et
556 528 659 574 luna
674 565 684 584 ,
710 547 799 574 non
820 540 883 575 est
899 531 982 576 hoe
1001 535 1111 575 Deus
1127 551 1136 575 ε
1153 532 1295 590 ipsum
1317 530 1495 586 coelum,
1521 547 1608 575 non
1626 540 1690 575 est
1709 532 1793 575 hoc

414 600 528 642 Deus
547 618 555 642 :
581 599 768 657 Angelos
789 601 945 659 cogita,
973 602 1180 655 Virtutes,
1203 604 1462 656 Potestates,
1483 599 1791 659 Archangelos,

418 669 638 720 Thronos,
677 669 804 714 Sedes
824 704 835 723 ,
870 671 1215 725 Dominationes,
1255 686 1344 714 non
1374 679 1437 714 est
1467 671 1552 715 hoc
1586 673 1714 714 Deus.
1741 673 1797 714 Et

415 737 524 796 quid
551 741 644 782 est?
674 741 766 782 Hoc
790 738 930 783 solum
951 740 1074 799 potui
1099 740 1242 784 dicere
1259 775 1270 795 ,
1295 739 1404 800 quid
1427 755 1516 784 non
1538 740 1605 784 sit.
1631 740 1798 794 Quaeris

413 807 522 868 quid
542 809 627 853 sit?
651 829 670 851 «
696 810 824 862 Quod
846 810 999 854 oculus
1021 826 1110 855 non
1132 809 1266 865 vidit,
1289 825 1369 854 nec
1391 810 1504 854 auris
1522 810 1701 866 audivit,
1718 826 1798 855 nee

416 896 436 920 »
472 879 518 923 in
541 895 615 924 cor
635 881 822 926 hominis
843 881 1078 925 ascendit1.
1103 901 1122 923 »
1151 881 1267 935 Quid
1283 881 1438 941 quaeris
1461 891 1511 925 ut
1534 880 1734 925 ascendat
1753 881 1799 925 in

413 948 610 1009 linguam
630 986 640 1005 ‚
667 950 786 1010 quod
804 952 849 995 in
869 967 942 996 cor
963 967 1052 996 non
1075 951 1294 997 ascendit?
1311 970 1331 993 «
1347 953 1446 996 Non
1467 960 1532 995 est
1551 951 1698 996 similis
1719 951 1799 998 tibi

416 1037 437 1060 »
473 1020 518 1064 in
536 1021 638 1075 diis,
664 1022 847 1066 Domine
867 1042 875 1067 :
901 1031 944 1066 et
964 1037 1055 1066 non
1073 1031 1136 1066 est
1153 1021 1396 1066 secundum
1414 1036 1543 1081 opera
1562 1030 1653 1066 tua.
1681 1040 1701 1062 »

473 1093 599 1135 XIII.
621 1093 810 1136 «Omnes
834 1102 981 1151 gentes
1002 1101 1220 1153 quotquot
1237 1092 1397 1146 fecisti,
1417 1093 1609 1147 venient,
1636 1101 1680 1137 et
1701 1090 1803 1136 ado-

419 1178 439 1202 »
475 1162 637 1206 tabunt
658 1178 804 1206 eoram
826 1172 868 1207 te
889 1198 900 1217 ‚
926 1163 1110 1208 Domine
1125 1166 1157 1207 2.
1183 1181 1203 1204 »
1223 1163 1513 1208 Annuntiavit
1534 1162 1771 1208 Ecclesiam
1787 1198 1797 1218 ,

421 1250 442 1273 «
475 1233 636 1277 Omnes
659 1242 805 1290 gentes
823 1243 1042 1293 quotquot
1064 1232 1215 1277 fecisti.
1240 1251 1260 1274 »
1289 1233 1330 1278 Si
1353 1242 1416 1277 est
1433 1249 1537 1292 gens
1559 1250 1691 1294 quam
1713 1249 1802 1278 non

416 1302 519 1345 feeit
538 1305 667 1357 Deus,
689 1318 777 1346 non
794 1303 993 1347 adorabit
1009 1319 1109 1347 eum
1128 1323 1137 1348 ε
1154 1302 1275 1347 nulla
1292 1312 1354 1347 est
1381 1312 1526 1347 autem
1551 1318 1653 1361 gens
1671 1319 1803 1364 quam

415 1387 506 1415 non
541 1370 645 1416 feeit
672 1375 814 1430 Deus,
848 1374 949 1434 quia
971 1372 1138 1418 fontem
1160 1373 1357 1418 omnium
1382 1373 1577 1432 gentium
1599 1372 1738 1419 Adam
1761 1382 1805 1418 et

415 1445 550 1487 Evam
591 1442 692 1487 fecit
725 1447 863 1499 Deus,
903 1443 1005 1488 inde
1037 1454 1284 1503 propagatae
1306 1453 1406 1488 sunt
1439 1459 1588 1489 omnes
1619 1453 1765 1502 gentes
1793 1464 1801 1489 :

417 1527 566 1557 omnes
589 1528 692 1571 ergo
714 1523 860 1570 gentes
883 1517 996 1558 Deus
1018 1514 1136 1558 fecit.
1164 1533 1182 1555 ι(
1207 1515 1368 1558 Omnes
1388 1529 1491 1571 ergo
1517 1523 1663 1573 gentes
1680 1525 1809 1574 quot-

420 1601 441 1625 »
477 1592 585 1643 quot
607 1581 761 1637 fecisti,
784 1584 981 1638 venient,
999 1594 1042 1628 et
1063 1583 1311 1628 adorabunt
1332 1599 1477 1628 coram
1500 1593 1558 1639 te,
1577 1585 1803 1628 Domine.»

418 1654 602 1707 Quando
626 1654 790 1698 dietum
807 1657 900 1699 est?
912 1654 1101 1708 Quando
1118 1670 1263 1699 coram
1282 1670 1332 1699 eo
1351 1671 1440 1700 non
1463 1654 1703 1699 adorabant
1725 1654 1806 1699 nisi

416 1724 546 1783 pauci
563 1726 699 1768 saneti
719 1725 764 1767 in
787 1741 876 1769 uno
899 1724 1063 1785 populo
1088 1725 1373 1769 Hebraeorum
1391 1761 1402 1779 ,
1431 1734 1535 1769 tunc
1553 1723 1720 1769 dictum
1745 1733 1808 1769 est

416 1795 528 1852 110ος
553 1803 596 1838 et
619 1794 749 1839 modo
772 1797 945 1840 videtur
966 1795 1087 1855 quod
1109 1795 1275 1840 dictum
1298 1805 1360 1840 est
1386 1815 1395 1840 :
1429 1816 1449 1838 «
1472 1797 1633 1840 Omnes
1658 1805 1807 1854 gentes

419 1882 439 1905 »
476 1874 696 1925 quotquot
713 1864 876 1920 fecisti,
897 1866 1075 1909 venient
1093 1901 1103 1919 ,
1123 1875 1165 1909 et
1188 1864 1438 1910 adorabunt
1458 1880 1603 1910 coram
1627 1875 1670 1910 te
1686 1901 1696 1921 ,
1717 1868 1806 1910 Do·-

420 1955 440 1977 »
475 1936 607 1980 mine.
637 1955 656 1977 »
692 1936 874 1989 Quando
897 1937 1158 1981 dicebantur
1180 1937 1273 1981 haec
1287 1973 1302 1993 ,
1337 1953 1425 1981 non
1447 1936 1713 1982 videbantur
1733 1973 1744 1992 ,
1764 1946 1808 1982 et

416 2006 736 2051 credebantur:
763 2006 941 2067 quando
973 2007 1179 2052 videntur
1196 2043 1206 2062 ,
1233 2024 1368 2067 quare
1393 2008 1639 2066 negantur?
1658 2027 1677 2049 «
1697 2009 1808 2052 Om-

419 2095 439 2118 »
475 2092 550 2120 nes
573 2087 722 2136 gentes
744 2085 963 2137 quotquot
986 2077 1143 2132 fecisti,
1163 2079 1340 2122 venient
1355 2113 1365 2132 ,
1393 2087 1436 2121 et
1458 2078 1707 2123 adorabunt
1729 2094 1806 2123 co-

419 2165 440 2190 »
476 2164 567 2192 ram
591 2158 633 2191 te
649 2183 660 2203 ,
681 2149 866 2193 Domine
882 2183 893 2202 ‚
920 2158 962 2192 et
985 2148 1292 2207 glorificabunt
1314 2164 1475 2194 nomen
1496 2159 1640 2193 tuum.
1664 2168 1684 2191 »

474 2221 595 2262 XIV.
626 2238 645 2260 «
670 2219 883 2271 Quoniam
903 2234 1084 2277 magnus
1107 2234 1148 2262 es
1170 2228 1235 2273 tu,
1260 2231 1303 2263 et
1324 2219 1485 2263 faciens
1507 2219 1737 2274 mirabilia,
1757 2229 1808 2264 tu

419 2307 439 2331 »
475 2304 518 2333 es
544 2292 657 2333 Deus
674 2289 790 2332 squs
812 2303 992 2345 magnus
1010 2291 1042 2331 ὅ.
1071 2307 1090 2329 »
1112 2292 1249 2334 Nemo
1271 2305 1314 2333 se
1336 2290 1453 2333 dicat
1475 2305 1697 2347 magnum.
1714 2293 1807 2334 Fu-

415 2360 502 2403 turi
523 2369 667 2413 erant,
694 2360 770 2419 qui
803 2375 846 2402 se
869 2358 1064 2403 dicerent
1099 2374 1276 2417 magnos
1301 2380 1309 2404 :
1337 2370 1487 2404 eontra
1509 2361 1587 2404 hos
1608 2360 1768 2405 dicitur
1795 2381 1803 2406 :

418 2450 438 2473 «
476 2434 542 2474 Tu
560 2446 602 2474 es
628 2433 740 2474 Deus
757 2429 873 2474 solus
895 2445 1093 2488 magnus.
1116 2433 1261 2475 »Nam
1285 2431 1393 2490 quid
1415 2446 1625 2489 magnum
1649 2431 1808 2475 dieitur

415 2505 531 2556 Deo,
563 2501 664 2561 quia
687 2501 776 2559 ipse
800 2510 863 2543 est
894 2499 1009 2544 solus
1033 2504 1145 2545 Deus
1169 2503 1385 2559 magnus?
1410 2501 1514 2554 Quis
1535 2503 1617 2545 hoc
1640 2502 1803 2557 nescit,

417 2571 518 2630 quia
534 2570 624 2630 ipse
643 2580 706 2614 est
724 2574 836 2614 Deus
856 2573 1072 2629 magnus?
1099 2571 1185 2615 Sed
1212 2571 1313 2630 quia
1336 2570 1472 2615 futuri
1490 2581 1614 2616 crant
1629 2607 1640 2625 ,
1665 2571 1740 2631 qui
1762 2586 1806 2615 se

471 2663 479 2679 ¹
508 2668 519 2688 1
539 2658 611 2687 Cor.
640 2666 673 2697 11,
692 2666 724 2697 9.
744 2673 784 2678 —
805 2663 817 2678 ²
838 2655 916 2688 psat.
939 2667 1050 2696 mxxv,
1070 2667 1102 2698 9.
1121 2673 1162 2679 —-
1184 2655 1195 2679 ³
1215 2656 1294 2690 Ibid⁴
1321 2668 1370 2689 10.
