1926 3339
195 330 437 361 ENARRAno
469 335 501 360 11
533 333 578 360 m
611 330 814 360 PsALMUM
847 331 1064 371 Lxxxvm,
1099 331 1238 362 SERMO
1270 336 1318 362 11.
1375 324 1460 364 279

77 400 175 444 Non
201 398 318 442 enim
343 398 388 441 in
409 397 598 442 vanitate
629 396 854 440 constituit
882 412 1032 441 omnes
1062 396 1174 442 filios
1204 398 1432 443 hominum
1448 435 1459 455 ‚

79 476 155 513 aut
179 476 322 527 potest
352 465 449 512 illos
475 475 776 521 contemnere,
801 466 878 527 qui
898 467 1004 512 fecit
1034 466 1131 512 illos
1149 502 1160 522 ‚
1195 476 1246 512 ut
1272 483 1363 512 non
1390 484 1463 514 eos

78 546 350 583 converteret
363 572 374 592 ‚
393 547 438 582 et
457 553 546 581 non
564 537 812 581 mundaret.

135 611 193 652 X.
216 627 236 650 «
255 608 361 661 Quis
383 617 447 652 est
460 608 595 652 homo
618 608 694 667 qui
710 608 842 662 vivet,
867 617 911 652 et
928 623 1018 653 non
1034 607 1201 654 videbit
1215 610 1428 653 mortem?
1443 626 1464 650 n

81 681 266 736 Surgens
289 679 404 721 enim
422 694 445 722 a
464 679 646 722 mortuis
664 680 753 738 jam
771 694 860 723 non
876 679 1077 730 moritur,
1103 688 1146 723 et
1166 694 1282 724 mors
1297 679 1336 723 ei
1353 678 1468 724 ultra

77 766 166 795 non
184 749 483 794 dominabitur
496 751 527 794 1.
548 749 747 809 Denique
764 765 865 794 cum
883 751 928 794 in
957 750 1042 795 alio
1064 749 1235 795 Psalmo
1256 750 1467 810 scriptum

76 821 245 879 legatur
263 837 272 862 ε
295 840 314 862 «
333 823 431 866 Non
448 820 723 882 derelinques
741 821 931 865 animam
953 837 1093 866 meam
1111 822 1156 865 in
1173 821 1363 877 inferno,
1386 837 1468 866 nec

81 910 100 934 »
135 891 259 936 dabis
282 901 481 937 sanctum
502 901 629 936 tuum
654 892 800 936 videre
821 892 1147 951 corruptionem
1163 895 1180 919 ²
1206 911 1216 936 ι
1243 909 1264 933 »
1291 893 1469 936 assumit

75 964 160 1008 hoc
186 962 482 1007 testimonium
508 961 743 1022 apostolica
772 961 999 1021 disciplina
1015 997 1026 1016 ,
1059 971 1102 1006 θῖ
1124 962 1184 1006 ita
1217 962 1263 1005 in
1285 962 1468 1007 Actibus

76 1031 385 1093 Apostolorum
404 1041 556 1076 eontra
578 1031 775 1076 infideles
797 1031 1014 1091 disputat,
1038 1031 1186 1077 dicens
1208 1053 1216 1078 ε
1239 1053 1259 1076 «
1280 1034 1371 1078 Viri
1387 1034 1470 1078 fra-

82 1123 100 1145 »
136 1112 220 1147 tres
232 1138 248 1158 ,
273 1103 431 1147 scimus
454 1103 555 1162 quia
572 1102 710 1147 David
730 1103 976 1162 patriarcha
993 1112 1193 1148 mortuus
1215 1113 1293 1160 θεῖ,
1310 1113 1353 1148 θῖ
1367 1120 1468 1149 earo

81 1193 100 1215 »
134 1178 225 1229 ejus
255 1171 368 1216 vidit
403 1173 770 1232 corruptionem3.
801 1191 821 1214 »
846 1175 945 1219 Non
977 1187 1078 1231 ergo
1111 1172 1166 1218 de
1192 1173 1268 1219 illo
1299 1174 1470 1219 dictum

77 1253 171 1288 est:
199 1262 220 1286 «
244 1245 333 1289 Nee
355 1243 479 1288 dabis
509 1253 708 1288 sanctum
740 1253 868 1288 tuum
895 1244 1043 1288 videre
1075 1245 1416 1305 corruptionem.
1443 1263 1463 1287 >2

79 1314 122 1359 Si
139 1329 240 1372 ergo
263 1330 354 1358 non
376 1314 430 1358 de
452 1313 528 1358 illo
544 1314 711 1358 dictum
735 1324 820 1369 est,
846 1313 901 1358 de
919 1331 1008 1375 quo
1030 1315 1195 1360 dictum
1219 1325 1303 1360 est:
1325 1335 1343 1357 «
1366 1316 1469 1369 Quis

79 1402 100 1426 »
135 1394 198 1429 est
231 1386 392 1439 homo,
424 1385 501 1445 qui
533 1385 676 1440 vivet,
713 1394 756 1429 et
785 1400 876 1429 non
905 1385 1073 1430 videbit
1100 1388 1350 1430 mortem?»
1384 1385 1470 1431 Sed

75 1453 189 1500 forte
212 1455 359 1500 nullus
389 1465 468 1500 θεῖ.
497 1459 590 1500 Imo
607 1491 618 1511 ‚
649 1474 669 1498 «
700 1456 806 1509 Quis
835 1465 924 1512 θεῖ,
952 1475 973 1498 »
1003 1466 1054 1501 ut
1074 1473 1242 1517 quaeras
1259 1492 1270 1513 ,
1301 1457 1470 1502 dictum

76 1535 166 1581 est,
192 1542 282 1571 non
309 1536 360 1570 ut
381 1526 596 1585 desperes.
625 1527 710 1571 Sed
738 1526 851 1571 forte
884 1536 949 1571 est
969 1526 1122 1587 aliquis
1151 1528 1284 1573 homo
1300 1563 1310 1583 ,
1340 1547 1360 1571 «
1385 1530 1470 1582 Qui

79 1616 100 1639 »
135 1597 272 1652 vivet,
298 1607 341 1642 et
363 1613 453 1642 non
474 1597 641 1641 videbit
655 1607 869 1656 mortem3
900 1618 917 1640 »
938 1613 1029 1642 non
1051 1607 1196 1643 tamen
1218 1598 1273 1643 de
1295 1600 1470 1644 Christo

76 1667 185 1712 dixit
202 1703 214 1723 ,
238 1668 315 1728 qui
341 1677 541 1712 mortuus
565 1670 659 1712 est?
680 1667 836 1713 Nullus
859 1669 1040 1713 omnino
1061 1669 1195 1713 homo
1218 1678 1306 1724 θεῖ,
1340 1689 1360 1712 «
1384 1671 1470 1723 Qui

81 1759 100 1781 »
133 1739 272 1793 vivet,
293 1747 336 1782 et
350 1754 439 1783 non
462 1738 628 1783 videbit
648 1728 857 1793 mortem,
886 1758 906 1780 »
934 1739 1013 1783 nisi
1037 1741 1113 1800 qui
1132 1740 1221 1800 jam
1244 1755 1324 1799 pro
1352 1756 1470 1785 mor-

76 1809 236 1866 talibus
252 1819 452 1854 mortuus
474 1820 552 1854 est.
578 1813 688 1855 Nam
711 1820 760 1854 ut
783 1810 889 1854 scias
914 1811 1015 1870 quia
1038 1810 1093 1854 de
1115 1809 1192 1854 illo
1213 1810 1350 1866 dixit,
1370 1811 1471 1856 vide

76 1879 185 1941 quid
206 1881 403 1941 sequitur
421 1901 429 1925 :
458 1900 478 1923 «
497 1881 603 1934 Quis
619 1890 682 1925 est
702 1881 852 1935 homo,
878 1881 953 1940 qui
975 1881 1106 1935 vivet,
1128 1889 1171 1924 θῖ
1192 1897 1282 1924 non
1303 1881 1472 1926 videbit

80 1972 98 1993 »
133 1954 348 1996 mortem?
379 1971 398 1993 »
425 1956 541 2011 Ergo
570 1968 799 2012 nunquam
818 1952 903 1995 fuit
934 1952 980 1995 in
1001 1953 1173 1995 morte?
1196 1951 1313 1995 Fuit.
1347 1956 1468 2005 Quo-

77 2021 209 2069 modo
230 2038 334 2082 ergo
351 2023 530 2077 «Vivet,
546 2032 590 2066 et
610 2038 699 2066 non
720 2021 888 2066 videbit
901 2022 1262 2067 mortem?Eruet
1280 2023 1469 2067 animam

81 2111 102 2134 n
136 2109 257 2137 suam
279 2094 335 2138 de
365 2093 570 2137 manibus
597 2093 772 2137 inferni.
802 2111 822 2135 »
848 2096 961 2138 Ecce
992 2108 1092 2137 vere
1114 2092 1256 2148 solus,
1289 2093 1470 2139 omnino

78 2162 356 2222 singulariter
378 2163 494 2208 solus
520 2183 539 2206 «
565 2164 694 2208 Vivet
719 2173 762 2207 θῖ
788 2179 879 2208 non
899 2163 1066 2208 videbit
1096 2173 1281 2208 mortem
1297 2199 1308 2219 ‚
1347 2173 1472 2208 eruet

80 2252 101 2276 »
137 2235 327 2279 animam
349 2251 472 2279 suam
499 2235 554 2280 de
576 2235 778 2279 manibus
808 2233 968 2279 inferni
997 2254 1006 2280 ε
1036 2256 1054 2277 »
1085 2235 1189 2295 quia
1221 2235 1300 2280 etsi
1326 2235 1471 2280 eaeteri

78 2305 227 2350 fideles
250 2308 342 2366 ejus
360 2315 587 2365 resurgent
604 2323 626 2350 a
646 2307 854 2362 mortuis,
881 2315 924 2350 et
941 2306 1091 2350 vivent
1111 2315 1154 2350 et
1175 2306 1255 2365 ipsi
1278 2306 1323 2349 in
1345 2315 1473 2350 aeter-

79 2392 203 2433 num,
229 2387 271 2421 et
292 2394 381 2422 non
402 2378 618 2422 videbunt
634 2388 844 2435 mortem3
868 2387 1120 2422 nontamen
1145 2377 1330 2422 animam
1350 2393 1471 2422 suam

78 2448 159 2507 ipsi
191 2457 346 2492 eruent
379 2449 434 2492 de
468 2449 669 2492 manibus
698 2447 875 2493 inferni.
918 2448 997 2492 Ille
1026 2449 1103 2509 qui
1137 2448 1251 2492 eruit
1286 2449 1471 2492 animam

80 2534 204 2562 suam
223 2519 277 2562 de
300 2518 503 2563 manibus
518 2517 694 2574 inferni,
715 2519 804 2579 ipse
829 2519 941 2563 eruit
959 2520 1125 2562 animas
1163 2518 1358 2563 fidelium
1377 2534 1470 2563 suo-

81 2605 201 2647 rum3
218 2590 298 2650 ipsi
319 2606 363 2635 se
380 2607 530 2635 eruere
553 2606 642 2635 non
664 2601 860 2650 possunt.
881 2591 1020 2635 Proba
1042 2591 1143 2650 quia
1167 2591 1258 2649 ipse
1281 2591 1469 2634 animam

131 2682 136 2697 ¹
161 2678 249 2706 Rom.
273 2687 362 2717 v=.9.
385 2693 426 2698 -
447 2684 458 2697 ²
482 2676 560 2706 Psal.
588 2687 641 2710 xv,
670 2688 775 2706 10.-—-
794 2675 805 2696 3
825 2679 896 2707 Aer.
919 2687 950 2707 ιι.
969 2686 1021 2717 ¹29.
