1926 3339
417 286 658 314 mummio
693 288 735 313 IN
770 285 979 313 enimv-M
1005 288 1115 322 xciv„
1367 276 1443 316 421

70 368 90 390 n
127 365 214 393 non
250 349 428 409 repellet
464 351 669 394 Dominus
706 349 879 409 plebem
907 361 1028 393 suam
1056 369 1064 395 ;
1093 370 1112 391 »
1157 351 1380 396 videamus
1407 363 1450 397 et

66 419 198 464 alium
224 421 447 479 parietem.
479 441 498 462 «
536 422 749 473 Quoniam
779 420 824 463 in
847 435 978 463 manu
1002 421 1092 479 ejus
1120 421 1226 464 fines
1256 430 1396 465 terrae.
1428 441 1467 480 »Ι

65 493 177 536 Ecce
200 490 307 534 alius
342 492 478 550 paries
497 492 542 534 in
566 492 770 535 omuibus
798 491 998 549 gentibus
1024 511 1032 535 :
1069 510 1089 533 «
1116 494 1166 534 In
1189 507 1321 535 mauu
1359 494 1450 552 ejus

66 578 88 602 »
122 562 229 605 fines
248 570 386 605 terrae.
411 580 430 602 »
448 564 675 605 Venerunt
697 562 825 605 etiam
848 576 997 605 omnes
1019 570 1166 619 gentes
1185 560 1238 605 ad
1260 561 1451 621 lapidem

63 632 332 691 angularem,
348 633 426 677 ubi
441 633 638 678 osculum
652 634 767 693 pacis
787 642 1073 693 agnoverunt,
1087 634 1133 677 in
1150 633 1274 678 illum
1292 650 1448 689 unum,

62 703 139 763 qui
161 703 216 748 de
233 703 406 748 duobus
429 703 531 749 fecit
553 720 715 749 unum:
733 721 821 749 non
836 704 1207 765 quemadmodum
1230 705 1421 750 haeretici
1436 740 1448 760 ‚

63 773 138 833 qui
161 773 215 817 de
238 789 327 817 uno
345 773 546 818 fecerunt
568 774 672 819 duo.
693 778 785 819 Hoc
803 775 918 818 enim
936 773 1052 818 idem
1076 775 1133 818 ait
1147 775 1380 834 Apostolus
1396 775 1450 819 de

61 844 242 888 Domino
265 845 437 889 Christo
457 864 464 889 :
489 864 508 886 «
528 848 625 904 Ipse
647 854 711 889 est
731 846 870 899 enim,
896 845 1060 905 inquit,
1084 861 1167 904 pax
1191 855 1352 900 nostra,
1373 845 1448 904 qui

63 931 85 955 »
102 912 205 958 fecit
219 924 402 975 utraque
419 917 622 958 unuml.»
634 918 751 973 Ergo
766 914 1005 974 jubilemus
1022 914 1100 958 illi.
1117 917 1320 968 QuareP«
1336 916 1449 968 Quia

59 986 157 1030 Non
172 985 352 1044 repellet
365 985 574 1029 Dominus
590 985 762 1044 plebem
776 1001 942 1029 suam.»
957 988 1120 1029 Iterum
1138 1001 1222 1045 qua
1230 1001 1270 1028 re
1283 987 1301 1028 P
1313 990 1450 1037 «Quo—

63 1073 83 1095 »
118 1056 235 1099 niam
259 1057 303 1098 in
328 1072 460 1100 manu
483 1058 572 1116 ejus
591 1058 698 1100 fines
718 1066 866 1111 terrae,
893 1066 936 1100 et
959 1056 1209 1101 altitudines
1231 1057 1446 1100 montium

63 1144 84 1166 »
118 1126 250 1185 ipsius
281 1136 398 1171 sunt.
430 1145 449 1167 »
478 1126 743 1171 Altitudines
770 1128 987 1171 montium
1005 1162 1016 1181 ‚
1050 1127 1335 1171 sublimitates
1359 1136 1448 1170 ter-

60 1212 220 1241 rarum.
249 1197 497 1257 Aliquando
518 1199 610 1242 istae
632 1197 935 1253 sublimitates,
957 1198 999 1241 id
1024 1207 1086 1242 est
1102 1234 1112 1248 ,
1138 1199 1242 1257 ipsae
1267 1207 1447 1241 terrenae

58 1277 293 1327 potestates
315 1269 550 1313 adversatae
573 1278 674 1311 sunt
696 1267 919 1322 Ecclesiae,
964 1267 1081 1326 leges
1108 1277 1258 1312 contra
1293 1267 1447 1312 Eccle-

59 1338 165 1382 siam
197 1338 560 1397 promulgarunt,
586 1353 745 1382 nomen
769 1338 1055 1382 christianum
1078 1339 1132 1382 de
1167 1347 1279 1382 terra
1303 1338 1448 1382 delere

59 1410 202 1453 conati
225 1418 326 1453 sunt
349 1429 357 1453 :
391 1409 466 1453 sed
484 1419 763 1469 posteaquam
783 1409 1012 1469 impletum
1037 1418 1099 1453 est
1121 1410 1239 1469 quod
1259 1410 1449 1468 proplie-

58 1489 198 1523 tatum
219 1488 282 1524 est
303 1499 311 1524 z
342 1498 361 1521 «
382 1480 642 1523 Adorabunt
661 1495 759 1523 eum
784 1494 932 1523 omnes
954 1495 1074 1538 reges
1098 1489 1223 1522 terrae
1237 1482 1280 1536 ²3
1310 1498 1328 1519 υ
1355 1479 1448 1523 fac-

58 1559 154 1594 tum
176 1558 240 1593 est
261 1549 381 1609 quod
394 1550 463 1593 hie
481 1548 646 1593 dictum
663 1559 725 1592 est
743 1569 751 1593 :
769 1569 787 1591 «
801 1549 1063 1593 Altitudines
1077 1550 1292 1593 montium
1317 1550 1447 1608 ipsius

59 1639 81 1662 ))
116 1630 232 1665 sunt.
260 1639 281 1661 )›

118 1694 196 1736 IX.
224 1691 308 1735 Sed
330 1689 441 1735 forte
469 1700 516 1734 tu
539 1689 594 1734 de
616 1690 934 1734 tentationibus
956 1691 1113 1748 satagis
1128 1726 1139 1745 ,
1160 1699 1210 1734 ut
1232 1691 1448 1734 eonstitu-

59 1771 128 1806 tus
152 1762 195 1804 in
220 1770 336 1804 tanta
363 1761 498 1819 gratia
532 1761 868 1819 promissionum
901 1761 975 1803 Dei
994 1795 1003 1811 ,
1045 1769 1222 1819 propter
1244 1759 1446 1804 scandala

59 1831 213 1875 mundi
244 1831 456 1875 turberis?
478 1834 565 1875 Nee
593 1832 682 1888 ipsa
720 1829 919 1873 scandala
943 1829 1110 1890 aliquid
1139 1831 1218 1874 tibi
1251 1830 1445 1886 faciunt3

58 1902 266 1962 quoniam
303 1917 547 1945 mensuram
578 1919 600 1944 a
635 1901 818 1945 Domino
852 1911 1140 1960 acceperunt:
1178 1920 1197 1941 «
1233 1901 1446 1953 Quoniam

62 1991 83 2014 »
117 1973 247 2032 ipsius
270 1981 332 2015 est
355 1987 486 2016 mare.
516 1991 535 2012 »
571 1975 642 2015 Est
674 1973 789 2014 enim
811 1987 927 2015 mare
960 1971 1150 2015 mundus
1171 1971 1275 2025 iste,
1305 1972 1380 2014 sed
1403 1981 1445 2014 et

59 2059 178 2088 mare
200 2049 308 2087 Deus
332 2042 446 2087 fecit.
484 2046 571 2087 Nee
606 2043 755 2086 saevire
785 2043 943 2086 fluetus
976 2051 1179 2101 possunt,
1207 2042 1286 2085 nisi
1308 2058 1446 2101 usque

61 2116 115 2159 ad
132 2115 254 2159 littus
270 2150 281 2169 ‚
308 2114 384 2158 ubi
407 2115 498 2173 ipse
524 2115 760 2157 terminum
780 2115 938 2173 posuit.
963 2113 1091 2158 Nulla
1114 2128 1214 2170 ergo
1240 2114 1442 2167 tentatio,

60 2185 142 2229 nisi
163 2185 376 2244 acceperit
397 2200 643 2228 mensuram
667 2201 689 2227 a
716 2185 916 2228 Domino.
932 2184 1025 2228 Sint
1043 2198 1143 2241 ergo
1168 2183 1442 2238 tentationes,

60 2257 145 2300 sint
169 2255 484 2300 tribulationes:
505 2256 817 2299 consummaris
836 2256 910 2309 eis,
927 2271 1017 2299 non
1039 2255 1318 2299 consumeris.
1336 2253 1446 2297 Vide

59 2337 207 2371 utrum
231 2327 334 2386 ipsae
358 2326 616 2370 tentationes
640 2343 728 2370 non
749 2327 932 2384 prosint.
950 2325 1139 2370 Attende
1162 2324 1443 2384 Apostolum:

66 2417 86 2439 «
120 2398 280 2441 Fidelis
297 2400 426 2450 Deus,
445 2397 520 2454 qui
542 2412 630 2441 non
653 2413 727 2440 vos
750 2397 860 2440 sinet
882 2397 1035 2440 tentari
1059 2412 1186 2455 supra
1209 2411 1341 2455 quam
1365 2411 1446 2454 po-

65 2486 85 2509 »
121 2468 238 2511 testis
261 2467 396 2523 ferre3
422 2467 496 2510 sed
520 2465 647 2510 faciet
668 2482 769 2511 cum
793 2466 1032 2510 tentatione
1049 2466 1177 2510 etiam
1201 2467 1380 2518 exitum,
1398 2475 1448 2508 ut

65 2556 86 2579 υ
120 2539 287 2597 possitis
312 2539 560 2583 sustineress.
586 2542 714 2583 »Non
736 2540 820 2583 ait:
842 2542 937 2583 Non
950 2554 1025 2583 vos
1045 2539 1155 2581 sinet
1177 2538 1332 2581 tentari
1352 2552 1446 2580 om-

112 2630 117 2644 ¹
141 2623 255 2664 Ephe-2.
276 2633 308 2655 ιι.
331 2623 365 2663 14
409 2641 448 2645 —
472 2630 483 2644 ²
510 2623 575 2652 psal
608 2634 692 2658 mu„
718 2635 764 2654 ιι.
791 2638 830 2643 -
850 2621 891 2653 31
921 2625 983 2653 Cor
1016 2635 1046 2659 κ,
1073 2624 1119 2652 1¹3.
