1926 3339
365 282 605 310 EuannAno
638 283 680 308 m·
716 280 916 307 PsALMt‘M
952 278 1100 303 Lxxix.
1365 264 1415 299 07

44 371 63 393 »
98 351 212 394 enim
249 347 368 392 aliud
399 362 529 391 nemo
560 354 703 406 potest
744 357 904 403 ponere
933 376 944 396 ⁷
979 348 1270 399 praetcrquam
1302 335 1424 395 quod

22 442 63 474 ‚»
98 420 286 480 positum
310 427 395 474 cst,
422 415 542 477 quod
569 424 634 460 est
659 415 856 460 Christus
879 414 1002 455 Jesus
1019 411 1048 452 ¹.
1077 426 1098 449 »

98 493 223 535 Xlil.
249 508 269 531 «
286 491 499 534 Succensa
522 486 613 545 igni
635 495 677 529 et
695 485 849 528 effossa
871 481 926 526 ab
948 477 1245 538 increpatione
1279 473 1427 518 vultus

43 579 65 604 n
99 561 164 606 tui
181 559 431 620 peribunt2.
453 577 471 599 »
489 559 596 610 Quae
619 565 722 601 sunt
744 567 948 599 succensa
965 550 1113 609 igniet
1130 547 1306 600 effossa,
1328 559 1430 604 quae

40 632 246 694 peribunt
266 630 321 674 ab
339 627 636 688 increpatione
656 625 805 671 vultus
827 624 947 685 ejus?
972 619 1206 665 Videamus
1230 626 1274 661 et
1296 613 1429 659 intel-

41 702 242 762 ligamus,
260 716 360 761 quae
373 699 457 744 sint
473 698 562 757 igni
584 712 789 742 succensa
803 704 847 739 et
864 693 1031 737 effossa.
1053 689 1170 744 Quid
1191 685 1432 746 increpavit

43 773 238 819 Christus
252 773 269 816 Ξ)
284 775 465 815 Peccata
490 789 498 814 z
521 769 575 813 ab
592 767 887 827 increpatione
901 762 1048 807 vultus
1060 762 1148 821 ejus
1162 767 1338 819 peccata
1352 771 1431 816 pe-

43 837 222 888 rierunt.
242 845 385 896 Quare
401 856 503 900 ergo
517 848 693 900 peccata
704 837 793 895 igni
807 849 1012 880 succensa
1027 841 1069 875 ct
1083 830 1262 874 effossa?
1277 827 1434 872 Omnia

44 924 217 976 peccata
227 914 327 958 duae
337 928 403 958 res
417 911 584 957 faciunt
595 912 640 954 in
654 908 848 962 homine,
865 905 1082 965 cupiditas
1097 911 1139 945 et
1151 901 1296 945 timor.
1309 898 1437 956 Cogi-

45 995 154 1041 tate,
182 985 386 1030 discutite
407 1019 418 1039 ,
457 983 720 1040 interrogate
748 978 879 1024 corda
902 985 1042 1021 vestra
1059 1009 1070 1029 ‚
1103 969 1437 1033 perscrutamini

46 1056 344 1110 conscientias,
361 1054 506 1100 videte
518 1063 668 1097 utrum
684 1050 851 1111 possint
864 1063 952 1092 esse
964 1054 1157 1106 peccata,
1170 1043 1250 1087 nisi
1269 1050 1345 1086 aut
1361 1057 1440 1085 cu-

46 1129 222 1191 piendo,
239 1137 315 1172 aut
325 1124 808 1184 timendo.Proponitur
819 1119 1050 1181 praemium
1059 1125 1109 1160 ut
1122 1130 1288 1175 pecces,
1299 1111 1345 1158 id
1357 1120 1437 1167 est,

47 1200 168 1262 quod
183 1209 223 1243 te
237 1198 439 1253 delectat,
457 1196 562 1241 facis
573 1203 752 1256 propter
764 1192 886 1254 quod
899 1190 1035 1251 cupis.
1055 1186 1138 1234 Sed
1154 1186 1266 1230 forte
1278 1199 1368 1228 non
1377 1183 1440 1227 in-

49 1271 215 1317 duceris
229 1269 354 1315 donis
369 1289 379 1314 2
392 1267 563 1313 terreris
578 1267 721 1321 minis,
734 1265 840 1309 facis
853 1271 1031 1323 propter
1047 1259 1168 1320 quod
1179 1258 1320 1301 times.
1337 1257 1443 1300 Cor·

49 1357 250 1403 rumpere
261 1350 304 1385 te
312 1339 407 1385 vult
416 1339 570 1400 aliquis
584 1347 634 1381 ut
642 1337 773 1391 dicas,
784 1334 907 1380 verbi
919 1331 1069 1391 gratia,
1081 1329 1240 1374 salsum
1252 1326 1443 1371 testimo-

50 1415 189 1459 nium.
207 1408 549 1457 Innumerabilia
562 1417 680 1461 sunt,
693 1405 768 1451 sed
780 1404 976 1465 planiora
987 1415 1202 1463 propono,
1217 1398 1271 1443 de
1284 1396 1443 1458 quibus

51 1494 203 1531 caetera
226 1482 478 1542 conjiciatis,
504 1477 739 1524 Attendisti
761 1486 811 1521 tu
828 1479 990 1529 Deum,
1007 1482 1050 1517 et
1073 1471 1215 1515 dixisti
1230 1470 1276 1512 in
1297 1468 1442 1512 animo

50 1565 150 1601 tuo:
181 1574 201 1597 «
226 1551 344 1607 Quid
362 1551 539 1612 prodest
554 1548 746 1603 homini,
773 1547 806 1590 si
824 1555 966 1591 totum
989 1541 1206 1588 mundum
1223 1539 1441 1593 lucretur,

54 1645 75 1668 »
103 1625 259 1670 animae
291 1631 436 1667 autem
458 1637 548 1665 suae
576 1619 887 1663 detrimentum
911 1613 1162 1676 patiatur3‘?
1187 1629 1206 1651 »
1232 1613 1331 1654 Non
1364 1607 1445 1652 ad-

54 1696 190 1741 ducor
209 1694 413 1755 praemio,
445 1701 496 1736 ut
518 1689 699 1751 perdam
723 1688 912 1732 animam
931 1700 1070 1729 meam
1105 1697 1184 1742 pro
1223 1680 1345 1724 lucro
1367 1694 1446 1738 pe-

54 1764 443 1814 cuniae.Convertit
455 1762 527 1807 ille
539 1777 583 1806 se
599 1761 655 1805 ad
666 1758 972 1804 incutiendum
981 1764 1166 1809 metum,
1179 1751 1255 1812 qni
1268 1750 1448 1811 praemio

55 1852 333 1897 corrumpere
355 1850 445 1879 non
459 1832 616 1887 valuit,
637 1830 789 1890 incipit
807 1827 962 1873 minari
982 1826 1192 1870 damnum
1206 1859 1216 1878 ‚
1237 1820 1448 1881 expulsio-

57 1926 173 1965 nem,
200 1907 339 1953 caedes
360 1904 550 1951 fortassis
572 1912 616 1947 et
635 1910 835 1946 mortem.
857 1899 923 1944 Ibi
941 1899 1047 1958 jam,
1065 1896 1099 1940 si
1119 1892 1334 1954 cupiditas
1357 1907 1448 1936 non

57 1980 194 2027 valuit
210 2015 221 2034 ‚
245 1977 359 2023 forte
381 1977 509 2020 timor
529 1972 691 2018 valebit
715 1980 765 2015 ut
791 1984 956 2030 pecces.
990 1971 1125 2012 Porro
1150 1974 1295 2009 autem
1325 1963 1359 2007 si
1392 1962 1448 2006 de

59 2050 289 2110 Scripturis
306 2056 455 2092 contra
468 2043 753 2104 cupiditatem
768 2042 886 2084 venit
901 2038 981 2082 tibi
999 2038 1043 2083 in
1061 2044 1269 2089 mentem,
1290 2053 1307 2074 «
1331 2032 1448 2086 Quid

62 2144 81 2167 >2
115 2121 294 2183 prodest
327 2118 515 2172 homini,
548 2116 582 2160 si
615 2123 758 2158 totum
790 2110 1006 2155 mundum
1037 2107 1254 2161 lucretur,
1292 2105 1448 2149 animae

65 2215 82 2236 »
117 2202 263 2237 autem
285 2206 374 2236 suae
392 2188 704 2233 detrimentum
716 2183 906 2244 patiatur
925 2197 933 2222 ε
962 2202 978 2222 »
994 2179 1143 2224 veniat
1155 2178 1284 2222 etiam
1294 2184 1447 2220 contra

60 2265 260 2309 timorem
286 2262 331 2306 in
359 2268 573 2312 mentem,
594 2254 769 2300 «Nolite
787 2253 940 2296 timere
954 2266 1024 2295 eos
1037 2286 1048 2303 ‚
1071 2249 1147 2309 qui
1162 2262 1318 2306 corpus
1337 2245 1445 2289 occi-

63 2354 84 2378 »
101 2333 425 2389 dunt,animam
435 2338 579 2374 autem
591 2342 680 2371 non
692 2332 875 2386 possunt
891 2321 1125 2367 occidere&
1136 2337 1155 2360 »
1169 2318 1446 2376 Quicumque

63 2415 105 2450 te
125 2404 222 2449 vult
237 2401 456 2456 occidere,
482 2414 621 2459 usque
643 2396 698 2441 ad
718 2411 874 2454 corpus
902 2393 940 2437 ei
968 2392 1091 2446 licet,
1117 2405 1256 2450 usque
1279 2388 1335 2432 ad
1355 2387 1449 2432 ani-

62 2490 178 2521 mam
210 2489 300 2519 non
334 2471 452 2516 licet.
488 2469 644 2514 Anima
671 2477 747 2511 tua
776 2481 867 2510 non
891 2463 1128 2516 morietur,
1164 2459 1245 2503 nisi
1270 2469 1320 2503 tu
1355 2473 1452 2502 eam

112 2579 123 2596 ¹
150 2584 164 2604 1
184 2573 258 2604 Cor.
277 2580 338 2610 m,
360 2579 410 2600 11.
435 2583 476 2589 -
499 2573 513 2588 ²
534 2564 614 2597 Psai.
635 2573 729 2595 mxx(
745 2588 753 2603 ,
788 2572 838 2603 17·
871 2577 912 2582 -κ
936 2557 948 2581 3
979 2557 1094 2590 Matt'n.
1126 2567 1193 2597 xvi,
1213 2554 1268 2586 26.
1292 2571 1332 2576 —
1360 2551 1374 2581 4
1402 2552 1448 2584 Id.

66 2640 87 2661 x
102 2654 111 2670 ,
140 2630 189 2661 18.

1245 2668 1267 2675 ι.-

254 2690 394 2721 CXVII.
1251 2683 1260 2702 t
