<?xml version="1.0" encoding="UTF-8"?>
<!DOCTYPE html PUBLIC "-//W3C//DTD XHTML 1.0 Transitional//EN"
    "http://www.w3.org/TR/xhtml1/DTD/xhtml1-transitional.dtd">
<html xmlns="http://www.w3.org/1999/xhtml" xml:lang="en" lang="en">
 <head>
  <title>
</title>
<meta http-equiv="Content-Type" content="text/html;charset=utf-8" />
  <meta name='ocr-system' content='tesseract 3.04.00' />
  <meta name='ocr-capabilities' content='ocr_page ocr_carea ocr_par ocr_line ocrx_word'/>
</head>
<body>
  <div class='ocr_page' id='page_1' title='image "./operaomniaaccura10auguuoft_0036.png"; bbox 0 0 1926 3339; ppageno 0'>
   <div class='ocr_carea' id='block_1_1' title="bbox 467 304 1420 344">
    <p class='ocr_par' dir='ltr' id='par_1_1' title="bbox 467 304 1420 344">
     <span class='ocr_line' id='line_1_1' title="bbox 467 304 1420 344; baseline -0.01 0"><span class='ocrx_word' id='word_1_1' title='bbox 467 304 523 344; x_wconf 77' lang='lat'><strong>26</strong></span> <span class='ocrx_word' id='word_1_2' title='bbox 910 313 943 339; x_wconf 87' lang='lat' dir='ltr'><strong>s.</strong></span> <span class='ocrx_word' id='word_1_3' title='bbox 979 308 1208 338; x_wconf 71' lang='lat' dir='ltr'><strong>Auens‘rtm</strong></span> <span class='ocrx_word' id='word_1_4' title='bbox 1239 308 1420 336; x_wconf 71' lang='lat' dir='ltr'>EPISCOPI</span> 
     </span>
    </p>
   </div>
   <div class='ocr_carea' id='block_1_2' title="bbox 451 369 1848 2553">
    <p class='ocr_par' dir='ltr' id='par_1_2' title="bbox 467 369 1841 505">
     <span class='ocr_line' id='line_1_2' title="bbox 467 369 1841 436; baseline -0.007 -12"><span class='ocrx_word' id='word_1_5' title='bbox 467 380 608 424; x_wconf 89' lang='lat' dir='ltr'><strong>minis.</strong></span> <span class='ocrx_word' id='word_1_6' title='bbox 636 381 751 436; x_wconf 82' lang='lat' dir='ltr'><strong>Ergo</strong></span> <span class='ocrx_word' id='word_1_7' title='bbox 774 385 816 420; x_wconf 92' lang='lat' dir='ltr'><strong>et</strong></span> <span class='ocrx_word' id='word_1_8' title='bbox 837 376 907 420; x_wconf 80' lang='lat' dir='ltr'><strong>hic</strong></span> <span class='ocrx_word' id='word_1_9' title='bbox 933 383 1047 418; x_wconf 84' lang='lat' dir='ltr'><strong>recte</strong></span> <span class='ocrx_word' id='word_1_10' title='bbox 1069 372 1229 416; x_wconf 85' lang='lat' dir='ltr'><strong>dicitur</strong></span> <span class='ocrx_word' id='word_1_11' title='bbox 1252 391 1260 416; x_wconf 92' lang='lat'>:</span> <span class='ocrx_word' id='word_1_12' title='bbox 1290 391 1309 414; x_wconf 87' lang='lat'>«</span> <span class='ocrx_word' id='word_1_13' title='bbox 1342 371 1425 417; x_wconf 85' lang='lat' dir='ltr'><strong>Sed</strong></span> <span class='ocrx_word' id='word_1_14' title='bbox 1446 386 1535 416; x_wconf 89' lang='lat' dir='ltr'><strong>non</strong></span> <span class='ocrx_word' id='word_1_15' title='bbox 1563 370 1610 414; x_wconf 91' lang='lat' dir='ltr'><strong>in</strong></span> <span class='ocrx_word' id='word_1_16' title='bbox 1636 369 1841 415; x_wconf 85' lang='lat' dir='ltr'><strong>omnibus</strong></span> 
     </span>
     <span class='ocr_line' id='line_1_3' title="bbox 467 446 1198 505; baseline -0.01 -13"><span class='ocrx_word' id='word_1_17' title='bbox 467 470 484 492; x_wconf 93' lang='lat'>»</span> <span class='ocrx_word' id='word_1_18' title='bbox 519 449 601 493; x_wconf 86' lang='lat' dir='ltr'><strong>illis</strong></span> <span class='ocrx_word' id='word_1_19' title='bbox 622 446 944 505; x_wconf 85' lang='lat' dir='ltr'><strong>beneplacitum</strong></span> <span class='ocrx_word' id='word_1_20' title='bbox 965 454 1027 487; x_wconf 89' lang='lat' dir='ltr'><strong>cst</strong></span> <span class='ocrx_word' id='word_1_21' title='bbox 1046 447 1148 487; x_wconf 89' lang='lat' dir='ltr'><strong>Deo.</strong></span> <span class='ocrx_word' id='word_1_22' title='bbox 1181 463 1198 483; x_wconf 68' lang='lat'><strong>1&gt;</strong></span> 
     </span>
    </p>

    <p class='ocr_par' dir='ltr' id='par_1_3' title="bbox 451 509 1848 2553">
     <span class='ocr_line' id='line_1_4' title="bbox 522 509 1843 576; baseline -0.007 -14"><span class='ocrx_word' id='word_1_23' title='bbox 522 522 601 562; x_wconf 93' lang='grc' dir='ltr'><strong>ΙΙΙ.</strong></span> <span class='ocrx_word' id='word_1_24' title='bbox 634 520 783 576; x_wconf 82' lang='lat' dir='ltr'><strong>Neque</strong></span> <span class='ocrx_word' id='word_1_25' title='bbox 814 525 919 558; x_wconf 84' lang='lat' dir='ltr'><strong>tunc</strong></span> <span class='ocrx_word' id='word_1_26' title='bbox 954 524 1124 567; x_wconf 87' lang='lat' dir='ltr'><strong>tamen,</strong></span> <span class='ocrx_word' id='word_1_27' title='bbox 1158 528 1301 572; x_wconf 86' lang='lat' dir='ltr'><strong>neque</strong></span> <span class='ocrx_word' id='word_1_28' title='bbox 1330 526 1448 555; x_wconf 90' lang='lat' dir='ltr'><strong>nunc</strong></span> <span class='ocrx_word' id='word_1_29' title='bbox 1480 509 1751 555; x_wconf 89' lang='lat' dir='ltr'><strong>infructuosa</strong></span> <span class='ocrx_word' id='word_1_30' title='bbox 1778 518 1843 554; x_wconf 86' lang='lat' dir='ltr'><strong>est</strong></span> 
     </span>
     <span class='ocr_line' id='line_1_5' title="bbox 460 582 1839 643; baseline -0.009 -8"><span class='ocrx_word' id='word_1_31' title='bbox 460 605 543 635; x_wconf 80' lang='lat' dir='ltr'><strong>vox</strong></span> <span class='ocrx_word' id='word_1_32' title='bbox 563 588 745 633; x_wconf 84' lang='lat' dir='ltr'><strong>dicentis</strong></span> <span class='ocrx_word' id='word_1_33' title='bbox 765 606 773 630; x_wconf 90' lang='lat'>:</span> <span class='ocrx_word' id='word_1_34' title='bbox 800 606 820 628; x_wconf 87' lang='lat'>«</span> <span class='ocrx_word' id='word_1_35' title='bbox 844 585 1080 638; x_wconf 73' lang='lat' dir='ltr'><strong>Attendite,</strong></span> <span class='ocrx_word' id='word_1_36' title='bbox 1107 582 1294 643; x_wconf 85' lang='lat' dir='ltr'><strong>populus</strong></span> <span class='ocrx_word' id='word_1_37' title='bbox 1314 599 1449 637; x_wconf 86' lang='lat' dir='ltr'><strong>meus,</strong></span> <span class='ocrx_word' id='word_1_38' title='bbox 1470 583 1612 641; x_wconf 89' lang='lat' dir='ltr'><strong>legem</strong></span> <span class='ocrx_word' id='word_1_39' title='bbox 1632 594 1788 625; x_wconf 72' lang='lat' dir='ltr'><strong>meam,</strong></span> <span class='ocrx_word' id='word_1_40' title='bbox 1818 598 1839 622; x_wconf 89' lang='lat'>»</span> 
     </span>
     <span class='ocr_line' id='line_1_6' title="bbox 461 650 1839 713; baseline -0.005 -12"><span class='ocrx_word' id='word_1_41' title='bbox 461 664 565 713; x_wconf 80' lang='lat' dir='ltr'><strong>Quae</strong></span> <span class='ocrx_word' id='word_1_42' title='bbox 589 658 749 702; x_wconf 90' lang='lat' dir='ltr'><strong>locutio</strong></span> <span class='ocrx_word' id='word_1_43' title='bbox 777 665 879 699; x_wconf 87' lang='lat' dir='ltr'><strong>nota</strong></span> <span class='ocrx_word' id='word_1_44' title='bbox 903 664 967 698; x_wconf 86' lang='lat' dir='ltr'><strong>est</strong></span> <span class='ocrx_word' id='word_1_45' title='bbox 993 655 1037 698; x_wconf 89' lang='lat' dir='ltr'><strong>in</strong></span> <span class='ocrx_word' id='word_1_46' title='bbox 1060 654 1262 697; x_wconf 88' lang='lat' dir='ltr'><strong>omnibus</strong></span> <span class='ocrx_word' id='word_1_47' title='bbox 1283 653 1434 697; x_wconf 82' lang='lat' dir='ltr'><strong>litteris</strong></span> <span class='ocrx_word' id='word_1_48' title='bbox 1449 688 1459 707; x_wconf 86' lang='lat'><strong>,</strong></span> <span class='ocrx_word' id='word_1_49' title='bbox 1481 650 1601 712; x_wconf 87' lang='lat' dir='ltr'><strong>quod</strong></span> <span class='ocrx_word' id='word_1_50' title='bbox 1631 666 1721 695; x_wconf 90' lang='lat' dir='ltr'><strong>non</strong></span> <span class='ocrx_word' id='word_1_51' title='bbox 1750 650 1810 694; x_wconf 85' lang='lat' dir='ltr'><strong>ait</strong></span> <span class='ocrx_word' id='word_1_52' title='bbox 1830 668 1839 695; x_wconf 73' lang='grc' dir='ltr'>ς</span> 
     </span>
     <span class='ocr_line' id='line_1_7' title="bbox 460 720 1845 784; baseline -0.007 -10"><span class='ocrx_word' id='word_1_53' title='bbox 460 729 672 784; x_wconf 79' lang='lat' dir='ltr'><strong>Attendc3</strong></span> <span class='ocrx_word' id='word_1_54' title='bbox 697 725 771 771; x_wconf 86' lang='lat' dir='ltr'><strong>sed</strong></span> <span class='ocrx_word' id='word_1_55' title='bbox 789 762 799 780; x_wconf 95' lang='lat'><strong>,</strong></span> <span class='ocrx_word' id='word_1_56' title='bbox 830 745 849 767; x_wconf 79' lang='lat'><strong>‹&lt;</strong></span> <span class='ocrx_word' id='word_1_57' title='bbox 871 724 1108 770; x_wconf 76' lang='lat' dir='ltr'><strong>Attendite.</strong></span> <span class='ocrx_word' id='word_1_58' title='bbox 1136 727 1199 768; x_wconf 77' lang='lat' dir='ltr'><strong>Ex</strong></span> <span class='ocrx_word' id='word_1_59' title='bbox 1217 723 1365 767; x_wconf 89' lang='lat' dir='ltr'><strong>multis</strong></span> <span class='ocrx_word' id='word_1_60' title='bbox 1387 723 1503 767; x_wconf 90' lang='lat' dir='ltr'><strong>onim</strong></span> <span class='ocrx_word' id='word_1_61' title='bbox 1529 720 1716 781; x_wconf 86' lang='lat' dir='ltr'><strong>populus</strong></span> <span class='ocrx_word' id='word_1_62' title='bbox 1739 735 1845 765; x_wconf 89' lang='lat' dir='ltr'><strong>con-</strong></span> 
     </span>
     <span class='ocr_line' id='line_1_8' title="bbox 459 791 1845 858; baseline -0.007 -14"><span class='ocrx_word' id='word_1_63' title='bbox 459 808 543 844; x_wconf 83' lang='lat' dir='ltr'><strong>stat</strong></span> <span class='ocrx_word' id='word_1_64' title='bbox 565 814 573 839; x_wconf 95' lang='lat'>:</span> <span class='ocrx_word' id='word_1_65' title='bbox 591 797 749 858; x_wconf 84' lang='lat' dir='ltr'><strong>quibus</strong></span> <span class='ocrx_word' id='word_1_66' title='bbox 771 795 916 839; x_wconf 83' lang='lat' dir='ltr'><strong>multis</strong></span> <span class='ocrx_word' id='word_1_67' title='bbox 940 795 1059 854; x_wconf 87' lang='lat' dir='ltr'><strong>quod</strong></span> <span class='ocrx_word' id='word_1_68' title='bbox 1077 794 1271 853; x_wconf 83' lang='lat' dir='ltr'><strong>sequitur</strong></span> <span class='ocrx_word' id='word_1_69' title='bbox 1292 792 1518 852; x_wconf 79' lang='lat' dir='ltr'><strong>pluraliter</strong></span> <span class='ocrx_word' id='word_1_70' title='bbox 1539 791 1711 836; x_wconf 89' lang='lat' dir='ltr'><strong>dicitur.</strong></span> <span class='ocrx_word' id='word_1_71' title='bbox 1732 809 1753 833; x_wconf 75' lang='grc' dir='ltr'><strong>(ι</strong></span> <span class='ocrx_word' id='word_1_72' title='bbox 1771 794 1845 835; x_wconf 83' lang='grc' dir='ltr'><strong>Ιη-</strong></span> 
     </span>
     <span class='ocr_line' id='line_1_9' title="bbox 461 860 1842 919; baseline -0.005 -8"><span class='ocrx_word' id='word_1_73' title='bbox 461 887 482 911; x_wconf 87' lang='grc'>»</span> <span class='ocrx_word' id='word_1_74' title='bbox 518 868 676 912; x_wconf 83' lang='lat' dir='ltr'><strong>clinate</strong></span> <span class='ocrx_word' id='word_1_75' title='bbox 703 882 851 910; x_wconf 86' lang='lat' dir='ltr'><strong>aurem</strong></span> <span class='ocrx_word' id='word_1_76' title='bbox 879 875 1063 910; x_wconf 86' lang='lat' dir='ltr'><strong>vestram</strong></span> <span class='ocrx_word' id='word_1_77' title='bbox 1094 865 1139 908; x_wconf 86' lang='lat' dir='ltr'><strong>in</strong></span> <span class='ocrx_word' id='word_1_78' title='bbox 1168 864 1299 908; x_wconf 86' lang='lat' dir='ltr'><strong>verba</strong></span> <span class='ocrx_word' id='word_1_79' title='bbox 1321 863 1404 907; x_wconf 87' lang='lat' dir='ltr'><strong>oris</strong></span> <span class='ocrx_word' id='word_1_80' title='bbox 1425 862 1525 906; x_wconf 86' lang='lat' dir='ltr'><strong>mei.</strong></span> <span class='ocrx_word' id='word_1_81' title='bbox 1554 879 1574 902; x_wconf 90' lang='lat'>»</span> <span class='ocrx_word' id='word_1_82' title='bbox 1600 860 1731 915; x_wconf 88' lang='lat' dir='ltr'><strong>Quod</strong></span> <span class='ocrx_word' id='word_1_83' title='bbox 1756 870 1842 919; x_wconf 85' lang='lat' dir='ltr'><strong>est,</strong></span> 
     </span>
     <span class='ocr_line' id='line_1_10' title="bbox 461 935 1846 992; baseline -0.003 -11"><span class='ocrx_word' id='word_1_84' title='bbox 461 958 482 982; x_wconf 90' lang='lat'>«</span> <span class='ocrx_word' id='word_1_85' title='bbox 517 937 761 992; x_wconf 77' lang='lat' dir='ltr'><strong>Attendite,</strong></span> <span class='ocrx_word' id='word_1_86' title='bbox 781 956 800 978; x_wconf 85' lang='lat'>»</span> <span class='ocrx_word' id='word_1_87' title='bbox 827 938 910 980; x_wconf 98' lang='grc'>1100</span> <span class='ocrx_word' id='word_1_88' title='bbox 933 946 1012 991; x_wconf 85' lang='lat' dir='ltr'><strong>est,</strong></span> <span class='ocrx_word' id='word_1_89' title='bbox 1043 955 1052 980; x_wconf 88' lang='lat'>:</span> <span class='ocrx_word' id='word_1_90' title='bbox 1081 955 1101 978; x_wconf 95' lang='lat'>«</span> <span class='ocrx_word' id='word_1_91' title='bbox 1125 935 1340 980; x_wconf 79' lang='lat' dir='ltr'><strong>Inclinate</strong></span> <span class='ocrx_word' id='word_1_92' title='bbox 1363 948 1513 977; x_wconf 90' lang='lat' dir='ltr'><strong>aurem</strong></span> <span class='ocrx_word' id='word_1_93' title='bbox 1534 941 1717 976; x_wconf 86' lang='lat' dir='ltr'><strong>vestram</strong></span> <span class='ocrx_word' id='word_1_94' title='bbox 1738 950 1747 976; x_wconf 75' lang='grc' dir='ltr'>ε</span> <span class='ocrx_word' id='word_1_95' title='bbox 1767 949 1788 972; x_wconf 89' lang='lat'>»</span> <span class='ocrx_word' id='word_1_96' title='bbox 1803 941 1846 976; x_wconf 87' lang='lat' dir='ltr'><strong>et</strong></span> 
     </span>
     <span class='ocr_line' id='line_1_11' title="bbox 459 1002 1845 1070; baseline -0.004 -17"><span class='ocrx_word' id='word_1_97' title='bbox 459 1009 579 1070; x_wconf 89' lang='lat' dir='ltr'><strong>quod</strong></span> <span class='ocrx_word' id='word_1_98' title='bbox 597 1008 684 1053; x_wconf 89' lang='lat' dir='ltr'><strong>illic</strong></span> <span class='ocrx_word' id='word_1_99' title='bbox 707 1009 785 1062; x_wconf 84' lang='lat' dir='ltr'><strong>ait,</strong></span> <span class='ocrx_word' id='word_1_100' title='bbox 805 1027 825 1048; x_wconf 85' lang='lat'>«</span> <span class='ocrx_word' id='word_1_101' title='bbox 842 1011 1001 1065; x_wconf 81' lang='lat' dir='ltr'><strong>Legem</strong></span> <span class='ocrx_word' id='word_1_102' title='bbox 1025 1022 1164 1050; x_wconf 86' lang='lat' dir='ltr'><strong>meam</strong></span> <span class='ocrx_word' id='word_1_103' title='bbox 1185 1027 1196 1064; x_wconf 79' lang='lat'><em>3</em></span> <span class='ocrx_word' id='word_1_104' title='bbox 1215 1025 1233 1046; x_wconf 89' lang='lat'>»</span> <span class='ocrx_word' id='word_1_105' title='bbox 1261 1006 1344 1049; x_wconf 91' lang='lat' dir='ltr'><strong>hoc</strong></span> <span class='ocrx_word' id='word_1_106' title='bbox 1367 1005 1426 1048; x_wconf 86' lang='lat' dir='ltr'><strong>ait</strong></span> <span class='ocrx_word' id='word_1_107' title='bbox 1445 1003 1539 1058; x_wconf 87' lang='lat' dir='ltr'><strong>hic,</strong></span> <span class='ocrx_word' id='word_1_108' title='bbox 1561 1002 1742 1046; x_wconf 85' lang='lat' dir='ltr'><strong>«Verba</strong></span> <span class='ocrx_word' id='word_1_109' title='bbox 1761 1002 1845 1047; x_wconf 87' lang='lat' dir='ltr'><strong>oris</strong></span> 
     </span>
     <span class='ocr_line' id='line_1_12' title="bbox 459 1072 1846 1137; baseline -0.004 -16"><span class='ocrx_word' id='word_1_110' title='bbox 459 1097 481 1121; x_wconf 84' lang='lat'>»</span> <span class='ocrx_word' id='word_1_111' title='bbox 517 1079 615 1123; x_wconf 88' lang='lat' dir='ltr'><strong>mei.</strong></span> <span class='ocrx_word' id='word_1_112' title='bbox 637 1096 656 1119; x_wconf 90' lang='lat'>»</span> <span class='ocrx_word' id='word_1_113' title='bbox 680 1077 759 1122; x_wconf 84' lang='lat' dir='ltr'><strong>Ille</strong></span> <span class='ocrx_word' id='word_1_114' title='bbox 781 1092 968 1137; x_wconf 77' lang='lat' dir='ltr'><strong>namque</strong></span> <span class='ocrx_word' id='word_1_115' title='bbox 990 1077 1060 1135; x_wconf 87' lang='lat' dir='ltr'><strong>pie</strong></span> <span class='ocrx_word' id='word_1_116' title='bbox 1083 1075 1269 1120; x_wconf 85' lang='lat' dir='ltr'><strong>attendit</strong></span> <span class='ocrx_word' id='word_1_117' title='bbox 1290 1074 1430 1133; x_wconf 90' lang='lat' dir='ltr'><strong>legem</strong></span> <span class='ocrx_word' id='word_1_118' title='bbox 1455 1073 1531 1117; x_wconf 88' lang='lat' dir='ltr'><strong>Dei</strong></span> <span class='ocrx_word' id='word_1_119' title='bbox 1548 1081 1591 1116; x_wconf 90' lang='lat' dir='ltr'><strong>et</strong></span> <span class='ocrx_word' id='word_1_120' title='bbox 1610 1072 1744 1116; x_wconf 84' lang='lat' dir='ltr'><strong>verba</strong></span> <span class='ocrx_word' id='word_1_121' title='bbox 1761 1072 1846 1117; x_wconf 88' lang='lat' dir='ltr'><strong>oris</strong></span> 
     </span>
     <span class='ocr_line' id='line_1_13' title="bbox 457 1142 1845 1209; baseline -0.004 -17"><span class='ocrx_word' id='word_1_122' title='bbox 457 1150 575 1209; x_wconf 86' lang='lat' dir='ltr'><strong>ejus,</strong></span> <span class='ocrx_word' id='word_1_123' title='bbox 613 1149 733 1208; x_wconf 80' lang='lat' dir='ltr'><strong>cujus</strong></span> <span class='ocrx_word' id='word_1_124' title='bbox 763 1162 911 1191; x_wconf 84' lang='lat' dir='ltr'><strong>aurem</strong></span> <span class='ocrx_word' id='word_1_125' title='bbox 940 1146 1118 1190; x_wconf 87' lang='lat' dir='ltr'><strong>inclinat</strong></span> <span class='ocrx_word' id='word_1_126' title='bbox 1146 1145 1366 1189; x_wconf 80' lang='lat' dir='ltr'><strong>humilitas</strong></span> <span class='ocrx_word' id='word_1_127' title='bbox 1394 1163 1402 1189; x_wconf 91' lang='lat'>:</span> <span class='ocrx_word' id='word_1_128' title='bbox 1438 1159 1529 1188; x_wconf 91' lang='lat' dir='ltr'><strong>non</strong></span> <span class='ocrx_word' id='word_1_129' title='bbox 1562 1143 1683 1203; x_wconf 87' lang='lat' dir='ltr'><strong>cujus</strong></span> <span class='ocrx_word' id='word_1_130' title='bbox 1717 1142 1845 1201; x_wconf 80' lang='lat' dir='ltr'><strong>erigit</strong></span> 
     </span>
     <span class='ocr_line' id='line_1_14' title="bbox 456 1214 1844 1277; baseline -0.005 -13"><span class='ocrx_word' id='word_1_131' title='bbox 456 1220 666 1264; x_wconf 75' lang='lat' dir='ltr'><strong>cervicem</strong></span> <span class='ocrx_word' id='word_1_132' title='bbox 699 1218 916 1277; x_wconf 86' lang='lat' dir='ltr'><strong>superbia.</strong></span> <span class='ocrx_word' id='word_1_133' title='bbox 943 1217 1071 1271; x_wconf 86' lang='lat' dir='ltr'><strong>Quod</strong></span> <span class='ocrx_word' id='word_1_134' title='bbox 1101 1217 1216 1260; x_wconf 88' lang='lat' dir='ltr'><strong>enim</strong></span> <span class='ocrx_word' id='word_1_135' title='bbox 1247 1214 1517 1270; x_wconf 81' lang='lat' dir='ltr'><strong>infunditur,</strong></span> <span class='ocrx_word' id='word_1_136' title='bbox 1543 1229 1734 1258; x_wconf 88' lang='lat' dir='ltr'><strong>concavo</strong></span> <span class='ocrx_word' id='word_1_137' title='bbox 1755 1214 1844 1258; x_wconf 89' lang='lat' dir='ltr'><strong>hu-</strong></span> 
     </span>
     <span class='ocr_line' id='line_1_15' title="bbox 456 1283 1846 1347; baseline -0.004 -14"><span class='ocrx_word' id='word_1_138' title='bbox 456 1289 648 1334; x_wconf 86' lang='lat' dir='ltr'><strong>militatis</strong></span> <span class='ocrx_word' id='word_1_139' title='bbox 684 1289 918 1347; x_wconf 84' lang='lat' dir='ltr'><strong>excipitur,</strong></span> <span class='ocrx_word' id='word_1_140' title='bbox 954 1287 1190 1331; x_wconf 85' lang='lat' dir='ltr'><strong>eminentia</strong></span> <span class='ocrx_word' id='word_1_141' title='bbox 1222 1286 1404 1330; x_wconf 88' lang='lat' dir='ltr'><strong>tumoris</strong></span> <span class='ocrx_word' id='word_1_142' title='bbox 1436 1284 1684 1345; x_wconf 79' lang='lat' dir='ltr'><strong>expellitur.</strong></span> <span class='ocrx_word' id='word_1_143' title='bbox 1720 1283 1846 1329; x_wconf 85' lang='lat' dir='ltr'><strong>Unde</strong></span> 
     </span>
     <span class='ocr_line' id='line_1_16' title="bbox 457 1354 1847 1417; baseline -0.003 -14"><span class='ocrx_word' id='word_1_144' title='bbox 457 1358 541 1404; x_wconf 84' lang='lat' dir='ltr'><strong>alio</strong></span> <span class='ocrx_word' id='word_1_145' title='bbox 562 1359 658 1403; x_wconf 91' lang='lat' dir='ltr'><strong>loco</strong></span> <span class='ocrx_word' id='word_1_146' title='bbox 680 1378 689 1402; x_wconf 87' lang='lat'>:</span> <span class='ocrx_word' id='word_1_147' title='bbox 713 1377 734 1400; x_wconf 94' lang='lat'>«</span> <span class='ocrx_word' id='word_1_148' title='bbox 754 1357 943 1411; x_wconf 89' lang='lat' dir='ltr'><strong>Inclina,</strong></span> <span class='ocrx_word' id='word_1_149' title='bbox 964 1357 1130 1417; x_wconf 87' lang='lat' dir='ltr'><strong>inquit,</strong></span> <span class='ocrx_word' id='word_1_150' title='bbox 1155 1371 1305 1400; x_wconf 89' lang='lat' dir='ltr'><strong>aurem</strong></span> <span class='ocrx_word' id='word_1_151' title='bbox 1323 1365 1458 1411; x_wconf 85' lang='lat' dir='ltr'><strong>tuam,</strong></span> <span class='ocrx_word' id='word_1_152' title='bbox 1485 1365 1527 1400; x_wconf 90' lang='lat' dir='ltr'><strong>et</strong></span> <span class='ocrx_word' id='word_1_153' title='bbox 1545 1356 1693 1415; x_wconf 83' lang='lat' dir='ltr'><strong>excipe</strong></span> <span class='ocrx_word' id='word_1_154' title='bbox 1711 1354 1847 1401; x_wconf 89' lang='lat' dir='ltr'><strong>verba</strong></span> 
     </span>
     <span class='ocr_line' id='line_1_17' title="bbox 458 1425 1846 1489; baseline -0.001 -17"><span class='ocrx_word' id='word_1_155' title='bbox 458 1448 478 1473; x_wconf 88' lang='lat'>»</span> <span class='ocrx_word' id='word_1_156' title='bbox 513 1428 800 1474; x_wconf 80' lang='lat' dir='ltr'><strong>intellectus1.</strong></span> <span class='ocrx_word' id='word_1_157' title='bbox 825 1447 845 1470; x_wconf 91' lang='lat'>»</span> <span class='ocrx_word' id='word_1_158' title='bbox 869 1429 978 1475; x_wconf 87' lang='lat' dir='ltr'><strong>Satis</strong></span> <span class='ocrx_word' id='word_1_159' title='bbox 1000 1428 1147 1489; x_wconf 88' lang='lat' dir='ltr'><strong>itaque</strong></span> <span class='ocrx_word' id='word_1_160' title='bbox 1164 1428 1376 1473; x_wconf 81' lang='lat' dir='ltr'><strong>admoniti</strong></span> <span class='ocrx_word' id='word_1_161' title='bbox 1397 1443 1546 1473; x_wconf 87' lang='lat' dir='ltr'><strong>sumus</strong></span> <span class='ocrx_word' id='word_1_162' title='bbox 1567 1427 1698 1472; x_wconf 86' lang='lat' dir='ltr'><strong>etiam</strong></span> <span class='ocrx_word' id='word_1_163' title='bbox 1713 1425 1846 1471; x_wconf 86' lang='lat' dir='ltr'><strong>istum</strong></span> 
     </span>
     <span class='ocr_line' id='line_1_18' title="bbox 458 1498 1848 1560; baseline -0.003 -14"><span class='ocrx_word' id='word_1_164' title='bbox 458 1500 678 1546; x_wconf 89' lang='lat' dir='ltr'><strong>Psalmum</strong></span> <span class='ocrx_word' id='word_1_165' title='bbox 699 1500 829 1560; x_wconf 88' lang='lat' dir='ltr'><strong>hujus</strong></span> <span class='ocrx_word' id='word_1_166' title='bbox 855 1499 1103 1545; x_wconf 87' lang='lat' dir='ltr'><strong>intellectus</strong></span> <span class='ocrx_word' id='word_1_167' title='bbox 1132 1500 1305 1560; x_wconf 86' lang='lat' dir='ltr'><strong>Asaph,</strong></span> <span class='ocrx_word' id='word_1_168' title='bbox 1338 1500 1441 1560; x_wconf 87' lang='lat' dir='ltr'><strong>quia</strong></span> <span class='ocrx_word' id='word_1_169' title='bbox 1463 1499 1652 1558; x_wconf 85' lang='lat' dir='ltr'><strong>genitivo</strong></span> <span class='ocrx_word' id='word_1_170' title='bbox 1679 1513 1781 1543; x_wconf 88' lang='lat' dir='ltr'><strong>casu</strong></span> <span class='ocrx_word' id='word_1_171' title='bbox 1801 1498 1848 1542; x_wconf 89' lang='lat' dir='ltr'><strong>in</strong></span> 
     </span>
     <span class='ocr_line' id='line_1_19' title="bbox 457 1569 1844 1632; baseline -0.001 -16"><span class='ocrx_word' id='word_1_172' title='bbox 457 1571 586 1616; x_wconf 87' lang='lat' dir='ltr'><strong>titulo</strong></span> <span class='ocrx_word' id='word_1_173' title='bbox 608 1571 796 1631; x_wconf 88' lang='lat' dir='ltr'><strong>positum</strong></span> <span class='ocrx_word' id='word_1_174' title='bbox 814 1579 894 1626; x_wconf 89' lang='lat' dir='ltr'><strong>est,</strong></span> <span class='ocrx_word' id='word_1_175' title='bbox 920 1571 1050 1632; x_wconf 86' lang='lat' dir='ltr'><strong>hujus</strong></span> <span class='ocrx_word' id='word_1_176' title='bbox 1066 1571 1338 1630; x_wconf 68' lang='lat' dir='ltr'><strong>intellectus,</strong></span> <span class='ocrx_word' id='word_1_177' title='bbox 1361 1587 1467 1627; x_wconf 91' lang='lat' dir='ltr'><strong>non,</strong></span> <span class='ocrx_word' id='word_1_178' title='bbox 1486 1571 1558 1615; x_wconf 92' lang='lat' dir='ltr'><strong>hic</strong></span> <span class='ocrx_word' id='word_1_179' title='bbox 1581 1569 1844 1626; x_wconf 87' lang='lat' dir='ltr'><strong>intellectus,</strong></span> 
     </span>
     <span class='ocr_line' id='line_1_20' title="bbox 457 1640 1845 1702; baseline -0.001 -16"><span class='ocrx_word' id='word_1_180' title='bbox 457 1641 662 1686; x_wconf 87' lang='lat' dir='ltr'><strong>inclinata</strong></span> <span class='ocrx_word' id='word_1_181' title='bbox 680 1656 782 1686; x_wconf 81' lang='lat' dir='ltr'><strong>aure</strong></span> <span class='ocrx_word' id='word_1_182' title='bbox 809 1641 1050 1700; x_wconf 82' lang='lat' dir='ltr'><strong>suscipere,</strong></span> <span class='ocrx_word' id='word_1_183' title='bbox 1074 1641 1120 1686; x_wconf 90' lang='lat' dir='ltr'><strong>id</strong></span> <span class='ocrx_word' id='word_1_184' title='bbox 1146 1651 1235 1698; x_wconf 88' lang='lat' dir='ltr'><strong>est,</strong></span> <span class='ocrx_word' id='word_1_185' title='bbox 1259 1642 1415 1687; x_wconf 89' lang='lat' dir='ltr'><strong>humili</strong></span> <span class='ocrx_word' id='word_1_186' title='bbox 1437 1643 1613 1702; x_wconf 79' lang='lat' dir='ltr'><strong>pietate.</strong></span> <span class='ocrx_word' id='word_1_187' title='bbox 1638 1643 1728 1686; x_wconf 90' lang='lat' dir='ltr'><strong>Nec</strong></span> <span class='ocrx_word' id='word_1_188' title='bbox 1744 1675 1756 1696; x_wconf 91' lang='lat'><strong>,</strong></span> <span class='ocrx_word' id='word_1_189' title='bbox 1774 1640 1845 1700; x_wconf 89' lang='lat' dir='ltr'><strong>ip-</strong></span> 
     </span>
     <span class='ocr_line' id='line_1_21' title="bbox 454 1711 1846 1772; baseline -0.001 -15"><span class='ocrx_word' id='word_1_190' title='bbox 454 1713 541 1757; x_wconf 88' lang='lat' dir='ltr'><strong>sius</strong></span> <span class='ocrx_word' id='word_1_191' title='bbox 564 1712 708 1771; x_wconf 84' lang='lat' dir='ltr'><strong>Asaph</strong></span> <span class='ocrx_word' id='word_1_192' title='bbox 731 1711 898 1756; x_wconf 90' lang='lat' dir='ltr'><strong>dictum</strong></span> <span class='ocrx_word' id='word_1_193' title='bbox 919 1720 1010 1769; x_wconf 84' lang='lat' dir='ltr'><strong>est3</strong></span> <span class='ocrx_word' id='word_1_194' title='bbox 1035 1713 1108 1756; x_wconf 90' lang='lat' dir='ltr'><strong>sed</strong></span> <span class='ocrx_word' id='word_1_195' title='bbox 1122 1747 1133 1767; x_wconf 92' lang='lat'><strong>,</strong></span> <span class='ocrx_word' id='word_1_196' title='bbox 1157 1712 1382 1772; x_wconf 84' lang='lat' dir='ltr'><strong>ipsiAsaph</strong></span> <span class='ocrx_word' id='word_1_197' title='bbox 1402 1733 1410 1758; x_wconf 88' lang='grc'>;</span> <span class='ocrx_word' id='word_1_198' title='bbox 1435 1711 1556 1772; x_wconf 84' lang='lat' dir='ltr'><strong>quod</strong></span> <span class='ocrx_word' id='word_1_199' title='bbox 1577 1727 1719 1771; x_wconf 84' lang='lat' dir='ltr'><strong>graeco</strong></span> <span class='ocrx_word' id='word_1_200' title='bbox 1741 1711 1846 1756; x_wconf 88' lang='lat' dir='ltr'><strong>arti-</strong></span> 
     </span>
     <span class='ocr_line' id='line_1_22' title="bbox 454 1783 1839 1844; baseline -0.001 -16"><span class='ocrx_word' id='word_1_201' title='bbox 454 1783 554 1828; x_wconf 87' lang='lat' dir='ltr'><strong>culo</strong></span> <span class='ocrx_word' id='word_1_202' title='bbox 572 1793 764 1843; x_wconf 84' lang='lat' dir='ltr'><strong>apparet,</strong></span> <span class='ocrx_word' id='word_1_203' title='bbox 784 1793 828 1828; x_wconf 88' lang='lat' dir='ltr'><strong>et</strong></span> <span class='ocrx_word' id='word_1_204' title='bbox 843 1785 889 1828; x_wconf 93' lang='lat' dir='ltr'><strong>in</strong></span> <span class='ocrx_word' id='word_1_205' title='bbox 910 1783 1174 1844; x_wconf 86' lang='lat' dir='ltr'><strong>quibusdam</strong></span> <span class='ocrx_word' id='word_1_206' title='bbox 1191 1783 1333 1828; x_wconf 86' lang='lat' dir='ltr'><strong>latinis</strong></span> <span class='ocrx_word' id='word_1_207' title='bbox 1358 1783 1582 1829; x_wconf 87' lang='lat' dir='ltr'><strong>codicibus</strong></span> <span class='ocrx_word' id='word_1_208' title='bbox 1603 1783 1839 1828; x_wconf 88' lang='lat' dir='ltr'><strong>invenitur.</strong></span> 
     </span>
     <span class='ocr_line' id='line_1_23' title="bbox 455 1854 1844 1913; baseline 0 -14"><span class='ocrx_word' id='word_1_209' title='bbox 455 1855 597 1899; x_wconf 87' lang='lat' dir='ltr'><strong>Verba</strong></span> <span class='ocrx_word' id='word_1_210' title='bbox 631 1855 762 1912; x_wconf 86' lang='lat' dir='ltr'><strong>igitur</strong></span> <span class='ocrx_word' id='word_1_211' title='bbox 794 1855 873 1900; x_wconf 87' lang='lat' dir='ltr'><strong>ista</strong></span> <span class='ocrx_word' id='word_1_212' title='bbox 907 1855 1154 1900; x_wconf 88' lang='lat' dir='ltr'><strong>intellectus</strong></span> <span class='ocrx_word' id='word_1_213' title='bbox 1186 1865 1314 1911; x_wconf 79' lang='lat' dir='ltr'><strong>sunt,</strong></span> <span class='ocrx_word' id='word_1_214' title='bbox 1349 1855 1395 1900; x_wconf 93' lang='lat' dir='ltr'><strong>id</strong></span> <span class='ocrx_word' id='word_1_215' title='bbox 1422 1864 1508 1911; x_wconf 90' lang='lat' dir='ltr'><strong>est,</strong></span> <span class='ocrx_word' id='word_1_216' title='bbox 1543 1854 1844 1913; x_wconf 70' lang='lat' dir='ltr'><strong>intelligentiae</strong></span> 
     </span>
     <span class='ocr_line' id='line_1_24' title="bbox 455 1924 1839 1987; baseline 0.001 -18"><span class='ocrx_word' id='word_1_217' title='bbox 455 1935 558 1970; x_wconf 91' lang='lat' dir='ltr'><strong>sunt</strong></span> <span class='ocrx_word' id='word_1_218' title='bbox 577 1960 588 1980; x_wconf 89' lang='lat'><strong>,</strong></span> <span class='ocrx_word' id='word_1_219' title='bbox 613 1941 712 1985; x_wconf 86' lang='lat' dir='ltr'><strong>quae</strong></span> <span class='ocrx_word' id='word_1_220' title='bbox 744 1924 843 1970; x_wconf 85' lang='lat' dir='ltr'><strong>data</strong></span> <span class='ocrx_word' id='word_1_221' title='bbox 875 1935 939 1971; x_wconf 89' lang='lat' dir='ltr'><strong>est</strong></span> <span class='ocrx_word' id='word_1_222' title='bbox 969 1926 1051 1986; x_wconf 88' lang='lat' dir='ltr'><strong>ipsi</strong></span> <span class='ocrx_word' id='word_1_223' title='bbox 1079 1927 1225 1986; x_wconf 84' lang='lat' dir='ltr'><strong>Asaph</strong></span> <span class='ocrx_word' id='word_1_224' title='bbox 1247 1947 1256 1972; x_wconf 88' lang='grc'>;</span> <span class='ocrx_word' id='word_1_225' title='bbox 1281 1926 1402 1987; x_wconf 87' lang='lat' dir='ltr'><strong>quod</strong></span> <span class='ocrx_word' id='word_1_226' title='bbox 1434 1942 1523 1971; x_wconf 92' lang='lat' dir='ltr'><strong>non</strong></span> <span class='ocrx_word' id='word_1_227' title='bbox 1547 1925 1625 1970; x_wconf 92' lang='lat' dir='ltr'><strong>uni</strong></span> <span class='ocrx_word' id='word_1_228' title='bbox 1647 1926 1839 1982; x_wconf 83' lang='lat' dir='ltr'><strong>homini,</strong></span> 
     </span>
     <span class='ocr_line' id='line_1_25' title="bbox 455 1995 1844 2057; baseline 0.001 -17"><span class='ocrx_word' id='word_1_229' title='bbox 455 1995 531 2040; x_wconf 90' lang='lat' dir='ltr'><strong>sed</strong></span> <span class='ocrx_word' id='word_1_230' title='bbox 557 1996 710 2041; x_wconf 85' lang='lat' dir='ltr'><strong>melius</strong></span> <span class='ocrx_word' id='word_1_231' title='bbox 732 1997 965 2056; x_wconf 81' lang='lat' dir='ltr'><strong>accipimus</strong></span> <span class='ocrx_word' id='word_1_232' title='bbox 983 1998 1308 2057; x_wconf 85' lang='lat' dir='ltr'><strong>congregationi</strong></span> <span class='ocrx_word' id='word_1_233' title='bbox 1331 1997 1482 2057; x_wconf 92' lang='lat' dir='ltr'><strong>populi</strong></span> <span class='ocrx_word' id='word_1_234' title='bbox 1500 1998 1604 2053; x_wconf 88' lang='lat' dir='ltr'><strong>Dei,</strong></span> <span class='ocrx_word' id='word_1_235' title='bbox 1629 1997 1748 2041; x_wconf 90' lang='lat' dir='ltr'><strong>unde</strong></span> <span class='ocrx_word' id='word_1_236' title='bbox 1770 2012 1844 2041; x_wconf 90' lang='lat' dir='ltr'><strong>ne-</strong></span> 
     </span>
     <span class='ocr_line' id='line_1_26' title="bbox 454 2066 1844 2127; baseline 0.001 -17"><span class='ocrx_word' id='word_1_237' title='bbox 454 2081 671 2127; x_wconf 84' lang='lat' dir='ltr'><strong>quaquam</strong></span> <span class='ocrx_word' id='word_1_238' title='bbox 697 2082 776 2111; x_wconf 90' lang='lat' dir='ltr'><strong>nos</strong></span> <span class='ocrx_word' id='word_1_239' title='bbox 809 2066 996 2112; x_wconf 84' lang='lat' dir='ltr'><strong>alienare</strong></span> <span class='ocrx_word' id='word_1_240' title='bbox 1031 2067 1257 2112; x_wconf 88' lang='lat' dir='ltr'><strong>debemus.</strong></span> <span class='ocrx_word' id='word_1_241' title='bbox 1292 2068 1495 2121; x_wconf 85' lang='lat' dir='ltr'><strong>Quamvis</strong></span> <span class='ocrx_word' id='word_1_242' title='bbox 1522 2068 1637 2112; x_wconf 88' lang='lat' dir='ltr'><strong>enim</strong></span> <span class='ocrx_word' id='word_1_243' title='bbox 1669 2068 1844 2127; x_wconf 88' lang='lat' dir='ltr'><strong>proprie</strong></span> 
     </span>
     <span class='ocr_line' id='line_1_27' title="bbox 452 2135 1838 2195; baseline 0.001 -15"><span class='ocrx_word' id='word_1_244' title='bbox 452 2135 621 2181; x_wconf 84' lang='lat' dir='ltr'><strong>dicatur</strong></span> <span class='ocrx_word' id='word_1_245' title='bbox 632 2139 859 2195; x_wconf 85' lang='lat' dir='ltr'><strong>Synagoga</strong></span> <span class='ocrx_word' id='word_1_246' title='bbox 874 2140 899 2181; x_wconf 88' lang='lat' dir='ltr'>J</span> <span class='ocrx_word' id='word_1_247' title='bbox 902 2137 1144 2192; x_wconf 83' lang='lat' dir='ltr'><strong>udaeorum,</strong></span> <span class='ocrx_word' id='word_1_248' title='bbox 1158 2137 1349 2182; x_wconf 89' lang='lat' dir='ltr'><strong>Ecclesia</strong></span> <span class='ocrx_word' id='word_1_249' title='bbox 1364 2153 1466 2182; x_wconf 88' lang='lat' dir='ltr'><strong>vero</strong></span> <span class='ocrx_word' id='word_1_250' title='bbox 1475 2138 1838 2193; x_wconf 85' lang='lat' dir='ltr'><strong>Christianorum,</strong></span> 
     </span>
     <span class='ocr_line' id='line_1_28' title="bbox 452 2206 1841 2267; baseline 0.002 -18"><span class='ocrx_word' id='word_1_251' title='bbox 452 2206 554 2266; x_wconf 87' lang='lat' dir='ltr'><strong>quia</strong></span> <span class='ocrx_word' id='word_1_252' title='bbox 579 2207 856 2266; x_wconf 85' lang='lat' dir='ltr'><strong>congregatio</strong></span> <span class='ocrx_word' id='word_1_253' title='bbox 878 2208 1013 2266; x_wconf 87' lang='lat' dir='ltr'><strong>magis</strong></span> <span class='ocrx_word' id='word_1_254' title='bbox 1035 2223 1243 2267; x_wconf 89' lang='lat' dir='ltr'><strong>pecorum</strong></span> <span class='ocrx_word' id='word_1_255' title='bbox 1263 2243 1274 2263; x_wconf 96' lang='lat'><strong>,</strong></span> <span class='ocrx_word' id='word_1_256' title='bbox 1303 2208 1557 2253; x_wconf 82' lang='lat' dir='ltr'><strong>convocatio</strong></span> <span class='ocrx_word' id='word_1_257' title='bbox 1578 2224 1681 2253; x_wconf 87' lang='lat' dir='ltr'><strong>vero</strong></span> <span class='ocrx_word' id='word_1_258' title='bbox 1706 2208 1841 2267; x_wconf 86' lang='lat' dir='ltr'><strong>magis</strong></span> 
     </span>
     <span class='ocr_line' id='line_1_29' title="bbox 451 2276 1839 2335; baseline 0.001 -15"><span class='ocrx_word' id='word_1_259' title='bbox 451 2277 679 2321; x_wconf 91' lang='lat' dir='ltr'><strong>hominum</strong></span> <span class='ocrx_word' id='word_1_260' title='bbox 700 2276 883 2335; x_wconf 86' lang='lat' dir='ltr'><strong>intelligi</strong></span> <span class='ocrx_word' id='word_1_261' title='bbox 903 2277 1034 2322; x_wconf 87' lang='lat' dir='ltr'><strong>solet:</strong></span> <span class='ocrx_word' id='word_1_262' title='bbox 1053 2287 1198 2322; x_wconf 86' lang='lat' dir='ltr'><strong>tamen</strong></span> <span class='ocrx_word' id='word_1_263' title='bbox 1216 2288 1259 2323; x_wconf 89' lang='lat' dir='ltr'><strong>et</strong></span> <span class='ocrx_word' id='word_1_264' title='bbox 1280 2279 1398 2323; x_wconf 84' lang='lat' dir='ltr'><strong>illam</strong></span> <span class='ocrx_word' id='word_1_265' title='bbox 1421 2279 1581 2323; x_wconf 82' lang='lat' dir='ltr'><strong>dictam</strong></span> <span class='ocrx_word' id='word_1_266' title='bbox 1593 2279 1839 2325; x_wconf 84' lang='lat' dir='ltr'><strong>invenimus</strong></span> 
     </span>
     <span class='ocr_line' id='line_1_30' title="bbox 452 2346 1835 2410; baseline 0 -18"><span class='ocrx_word' id='word_1_267' title='bbox 452 2346 687 2392; x_wconf 85' lang='lat' dir='ltr'><strong>Ecclesiam</strong></span> <span class='ocrx_word' id='word_1_268' title='bbox 705 2383 715 2402; x_wconf 93' lang='lat'><strong>‚</strong></span> <span class='ocrx_word' id='word_1_269' title='bbox 755 2357 797 2392; x_wconf 90' lang='lat' dir='ltr'><strong>et</strong></span> <span class='ocrx_word' id='word_1_270' title='bbox 838 2349 965 2393; x_wconf 86' lang='lat' dir='ltr'><strong>nobis</strong></span> <span class='ocrx_word' id='word_1_271' title='bbox 1003 2348 1183 2394; x_wconf 87' lang='lat' dir='ltr'><strong>fortasse</strong></span> <span class='ocrx_word' id='word_1_272' title='bbox 1218 2350 1363 2410; x_wconf 85' lang='lat' dir='ltr'><strong>potius</strong></span> <span class='ocrx_word' id='word_1_273' title='bbox 1404 2350 1608 2396; x_wconf 85' lang='lat' dir='ltr'><strong>convenit</strong></span> <span class='ocrx_word' id='word_1_274' title='bbox 1652 2349 1796 2394; x_wconf 89' lang='lat' dir='ltr'><strong>dicere</strong></span> <span class='ocrx_word' id='word_1_275' title='bbox 1825 2365 1835 2391; x_wconf 93' lang='lat'>:</span> 
     </span>
     <span class='ocr_line' id='line_1_31' title="bbox 456 2417 1839 2481; baseline 0.002 -19"><span class='ocrx_word' id='word_1_276' title='bbox 456 2437 478 2461; x_wconf 90' lang='lat'>«</span> <span class='ocrx_word' id='word_1_277' title='bbox 514 2417 636 2463; x_wconf 86' lang='lat' dir='ltr'><strong>Salva</strong></span> <span class='ocrx_word' id='word_1_278' title='bbox 659 2435 735 2464; x_wconf 91' lang='lat' dir='ltr'><strong>nos</strong></span> <span class='ocrx_word' id='word_1_279' title='bbox 756 2455 766 2474; x_wconf 85' lang='lat'><strong>,</strong></span> <span class='ocrx_word' id='word_1_280' title='bbox 805 2421 988 2464; x_wconf 90' lang='lat' dir='ltr'><strong>Domine</strong></span> <span class='ocrx_word' id='word_1_281' title='bbox 1022 2423 1136 2465; x_wconf 92' lang='lat' dir='ltr'><strong>Deus</strong></span> <span class='ocrx_word' id='word_1_282' title='bbox 1170 2430 1331 2476; x_wconf 84' lang='lat' dir='ltr'><strong>noster,</strong></span> <span class='ocrx_word' id='word_1_283' title='bbox 1363 2431 1406 2466; x_wconf 86' lang='lat' dir='ltr'><strong>et</strong></span> <span class='ocrx_word' id='word_1_284' title='bbox 1436 2437 1649 2481; x_wconf 84' lang='lat' dir='ltr'><strong>congrega</strong></span> <span class='ocrx_word' id='word_1_285' title='bbox 1672 2437 1751 2466; x_wconf 91' lang='lat' dir='ltr'><strong>nos</strong></span> <span class='ocrx_word' id='word_1_286' title='bbox 1784 2421 1839 2466; x_wconf 91' lang='lat' dir='ltr'><strong>de</strong></span> 
     </span>
     <span class='ocr_line' id='line_1_32' title="bbox 460 2489 1839 2553; baseline 0.004 -22"><span class='ocrx_word' id='word_1_287' title='bbox 460 2507 478 2530; x_wconf 82' lang='lat'>»</span> <span class='ocrx_word' id='word_1_288' title='bbox 513 2489 777 2545; x_wconf 83' lang='lat' dir='ltr'><strong>nationibus,</strong></span> <span class='ocrx_word' id='word_1_289' title='bbox 794 2500 844 2535; x_wconf 85' lang='lat' dir='ltr'><strong>ut</strong></span> <span class='ocrx_word' id='word_1_290' title='bbox 858 2491 1146 2536; x_wconf 88' lang='lat' dir='ltr'><strong>confiteamur</strong></span> <span class='ocrx_word' id='word_1_291' title='bbox 1166 2493 1331 2537; x_wconf 89' lang='lat' dir='ltr'><strong>nomini</strong></span> <span class='ocrx_word' id='word_1_292' title='bbox 1354 2502 1503 2538; x_wconf 84' lang='lat' dir='ltr'><strong>sancto</strong></span> <span class='ocrx_word' id='word_1_293' title='bbox 1521 2497 1634 2538; x_wconf 74' lang='lat' dir='ltr'><strong>tuo‘2.</strong></span> <span class='ocrx_word' id='word_1_294' title='bbox 1650 2511 1671 2535; x_wconf 73' lang='grc'><strong>1)</strong></span> <span class='ocrx_word' id='word_1_295' title='bbox 1687 2495 1839 2553; x_wconf 86' lang='lat' dir='ltr'><strong>Neque</strong></span> 
     </span>
    </p>
   </div>
   <div class='ocr_carea' id='block_1_3' title="bbox 501 2600 1148 2643">
    <p class='ocr_par' dir='ltr' id='par_1_4' title="bbox 501 2600 1148 2643">
     <span class='ocr_line' id='line_1_33' title="bbox 501 2600 1148 2643; baseline 0.008 -15"><span class='ocrx_word' id='word_1_296' title='bbox 501 2604 510 2619; x_wconf 78' lang='lat'>¹</span> <span class='ocrx_word' id='word_1_297' title='bbox 532 2600 624 2630; x_wconf 81' lang='lat' dir='ltr'><strong>Prov.</strong></span> <span class='ocrx_word' id='word_1_298' title='bbox 646 2609 725 2639; x_wconf 80' lang='lat' dir='ltr'><strong>xxu,</strong></span> <span class='ocrx_word' id='word_1_299' title='bbox 748 2610 797 2641; x_wconf 88' lang='lat'><strong>17.</strong></span> <span class='ocrx_word' id='word_1_300' title='bbox 823 2617 864 2623; x_wconf 82' lang='lat'><em>-</em></span> <span class='ocrx_word' id='word_1_301' title='bbox 886 2601 990 2633; x_wconf 69' lang='lat' dir='ltr'><strong>’Psal</strong></span> <span class='ocrx_word' id='word_1_302' title='bbox 1017 2612 1069 2642; x_wconf 86' lang='lat' dir='ltr'><strong>cv,</strong></span> <span class='ocrx_word' id='word_1_303' title='bbox 1094 2601 1148 2643; x_wconf 70' lang='lat'><strong>[47.</strong></span> 
     </span>
    </p>
   </div>
  </div>
 </body>
</html>
