1926 3339
499 300 579 338 102
931 313 965 341 s.
1002 315 1232 344 Ancusnm
1264 318 1443 346 EPIscom

493 375 656 434 plateas
679 378 827 421 currit.
861 379 1078 423 Intendite
1113 379 1167 423 ad
1203 396 1411 440 magnum
1441 385 1525 430 hoc
1557 386 1868 446 spectaculum.

497 447 593 490 Non
607 447 721 490 enim
736 447 893 492 desinit
905 451 1017 492 Deus
1029 448 1155 493 edere
1167 451 1293 495 nobis
1306 453 1424 512 quod
1436 471 1533 500 cum
1547 472 1703 516 magno
1714 459 1872 517 gaudio
1911 497 1917 501 ,

496 525 761 574 spectemus,
787 527 862 561 aut
883 518 983 562 circi
1006 518 1167 564 insania
1197 521 1299 566 huic
1316 526 1562 582 spectaculo
1583 528 1872 588 comparanda

495 594 572 628 est.
608 585 684 628 Illa
723 586 777 629 ad
813 602 1031 631 amurcam
1066 590 1274 647 pertinet,
1311 593 1394 638 hoc
1415 593 1471 638 ad
1497 596 1657 641 oleum.
1685 598 1872 652 Quando

495 670 597 712 ergo
620 655 775 698 auditis
799 658 1111 701 contumaciter
1135 660 1294 717 garrire
1324 662 1597 723 blasphemos
1612 703 1623 722 ‚
1648 677 1692 712 et
1728 667 1872 714 dicere

495 723 717 767 abundare
748 740 966 782 pressuras
1000 729 1266 787 temporibus
1295 732 1534 779 christianis
1554 757 1565 794 3
1603 737 1718 782 scitis
1755 739 1871 783 enim

492 794 591 853 quia
610 794 692 838 hoc
715 805 860 840 amant
883 795 1026 841 dicere
1058 818 1066 843 ;
1092 809 1135 844 et
1155 810 1280 846 vetus
1308 803 1507 864 quidem,
1532 808 1607 852 sed
1625 824 1648 852 a
1665 812 1873 870 tempori-

492 863 574 907 bus
608 865 848 909 christianis
875 868 1006 926 coepit
1028 870 1306 927 proverbium
1337 894 1344 918 :
1369 877 1466 919 Non
1489 876 1601 935 pluit
1628 881 1761 934 Deus,
1785 880 1871 925 duc

491 932 547 977 ad
581 934 858 979 Christianos.
893 939 1151 998 Quanquam
1172 942 1334 1000 priores
1354 944 1433 989 ista
1450 946 1667 993 dixerunt.
1694 950 1770 994 Isti
1790 965 1871 994 au-

493 1011 584 1046 tem
606 1004 737 1048 modo
759 1004 912 1050 dicunt
929 1016 971 1051 et
988 1009 1090 1068 quia
1112 1010 1223 1069 pluit
1238 1015 1372 1070 Deus,
1401 1015 1487 1061 duc
1508 1016 1562 1062 ad
1585 1018 1867 1065 Christianos.

485 1074 583 1117 Non
611 1073 723 1132 pluit
745 1078 881 1130 Deus,
906 1093 996 1122 non
1016 1080 1277 1127 seminamus
1299 1103 1307 1128 :
1334 1084 1445 1144 pluit
1478 1090 1612 1143 Deus,
1637 1104 1725 1134 non
1747 1091 1871 1135 tritu-

486 1158 645 1187 ramus.
667 1147 723 1188 Et
739 1146 841 1190 inde
861 1147 1018 1192 volunt
1034 1152 1257 1210 superbire
1273 1188 1284 1208 ‚
1316 1156 1434 1200 unde
1456 1156 1665 1204 deberent
1685 1161 1870 1221 amplius

486 1213 729 1273 supplicare
745 1250 756 1270 ‚
778 1215 986 1275 eligentes
1003 1219 1304 1280 blasphemare
1324 1242 1454 1286 quam
1477 1244 1614 1274 orare.
1637 1233 1749 1276 Cum
1766 1247 1869 1292 ergo

484 1284 564 1328 ista
577 1297 920 1332 commemorant
935 1324 946 1344 ‚
971 1305 1070 1334 curn
1093 1291 1172 1337 ista
1193 1295 1381 1354 jactant,
1406 1314 1505 1342 cum
1528 1300 1607 1344 ista
1626 1301 1802 1359 dicunt.
1826 1312 1870 1348 et

484 1358 798 1402 contumaciter
820 1359 988 1416 dicunt,
1014 1378 1104 1407 non
1123 1379 1224 1409 cum
1236 1367 1390 1412 timore
1405 1404 1416 1423 ,
1434 1370 1509 1414 sed
1531 1387 1631 1416 cum
1649 1372 1835 1418 elatione
1853 1410 1864 1430 ,

482 1441 572 1471 non
588 1443 664 1472 vos
687 1431 960 1487 perturbent.
984 1434 1093 1478 Put'a
1107 1436 1223 1480 enim
1245 1439 1345 1498 quia
1369 1455 1579 1500 pressurae
1610 1444 1864 1502 abundant,

480 1506 529 1541 tu
550 1498 696 1542 oleum
719 1510 825 1545 esto.
846 1503 976 1561 Nigra
997 1506 1186 1552 tenebris
1209 1508 1465 1568 ignorantiae
1482 1530 1657 1560 amurca
1672 1516 1865 1573 insultet,

481 1577 525 1612 et
556 1567 629 1612 illa
656 1579 864 1630 tanquam
898 1589 973 1633 per
996 1575 1159 1634 plateas
1180 1581 1371 1639 projecta
1388 1583 1564 1642 publice
1585 1586 1792 1633 insultet:
1818 1597 1866 1632 tu

481 1638 599 1697 apud
623 1648 663 1683 te
679 1640 724 1683 in
742 1643 874 1686 corde
889 1653 988 1699 tuo,
1013 1646 1090 1690 ubi
1105 1648 1181 1707 qui
1198 1649 1375 1696 videtin
1392 1654 1566 1700 occulto
1578 1655 1732 1701 reddet
1744 1657 1821 1702 tibi
1833 1662 1864 1714 ¹,

478 1707 645 1768 liquare
667 1710 711 1753 in
747 1712 1060 1769 gemellarium.
1100 1717 1224 1763 Oliva
1247 1720 1291 1764 in
1315 1723 1469 1768 arbore
1489 1726 1752 1785 quibusdam
1769 1729 1866 1789 qui-

477 1778 578 1822 dem
600 1783 928 1840 tempestatibus
951 1786 1151 1844 agitatur,
1174 1806 1263 1835 non
1285 1801 1431 1838 tamen
1453 1798 1660 1855 pressuris
1673 1799 1865 1845 torcula-

476 1850 532 1893 ris
555 1852 782 1909 atteritur3
809 1854 907 1900 ideo
929 1867 1167 1920 utrumque
1189 1862 1317 1907 simul
1339 1865 1501 1924 pendet
1529 1883 1581 1912 ex
1605 1869 1785 1927 arbore,
1821 1882 1865 1917 et

476 1920 596 1980 quod
615 1923 931 1982 projiciendum
957 1938 1042 1984 est,
1068 1940 1111 1974 et
1128 1932 1249 1992 quod
1266 1936 1594 1983 recondendum
1612 1949 1676 1985 est
1695 1961 1705 1986 ε
1726 1951 1769 1987 at
1786 1943 1863 1988 ubi

475 1990 530 2036 ad
548 1993 739 2037 torcular
758 2004 800 2038 et
819 2011 1035 2054 pressuras
1056 2012 1236 2047 ventum
1260 2003 1413 2061 fuerit,
1437 2018 1676 2071 utrumque
1699 2013 1862 2058 discer-

474 2062 608 2117 nitur,
627 2063 843 2109 dirimitur
858 2087 868 2123 ς
884 2077 927 2112 et
940 2068 1057 2115 aliud
1079 2075 1313 2132 appetitur,
1326 2077 1446 2122 aliud
1464 2081 1696 2140 respuitur.
1718 2084 1862 2129 Vultis

474 2147 598 2176 nosse
627 2135 715 2178 vim
747 2137 1031 2184 torcularium
1054 2142 1267 2188 istorum?
1286 2149 1342 2190 Ut
1359 2164 1494 2193 unum
1515 2150 1682 2212 aliquid
1699 2153 1857 2211 dicam,

468 2202 585 2246 unde
603 2213 645 2248 et
658 2205 737 2264 ipsi
757 2221 1031 2255 murmurant
1047 2214 1122 2272 qui
1135 2230 1183 2258 ea
1198 2214 1390 2263 faciunt:
1406 2222 1608 2277 Quantae,
1629 2223 1854 2284 inquiunt,

468 2273 631 2332 rapinae
645 2278 915 2336 temporibus
930 2282 1083 2326 nostris
1095 2318 1105 2338 ,
1121 2296 1297 2344 quantae
1313 2303 1521 2347 pressurae
1532 2292 1831 2340 innocentium
1844 2332 1855 2352 ,

466 2353 642 2401 quantae
658 2347 966 2405 expoliationes
989 2367 1133 2397 rerum
1151 2355 1420 2402 alienarum?
1445 2363 1507 2404 Ita
1530 2364 1695 2407 sanein
1717 2381 1859 2410 amur-

463 2429 558 2456 cam
581 2416 790 2471 attendis‚
815 2421 915 2479 quia
939 2423 1168 2480 rapiuntur
1191 2442 1255 2469 res
1287 2427 1438 2473 alienae
1465 2450 1472 2475 :
1501 2432 1546 2475 in
1583 2433 1730 2478 oleum
1766 2452 1855 2481 non

466 2485 651 2529 attendis
667 2522 677 2540 ‚
698 2489 798 2547 quia
822 2493 1086 2550 pauperibus
1118 2495 1340 2542 donantur
1369 2509 1411 2543 et
1434 2504 1634 2561 propriae.
1661 2508 1757 2550 Non
1779 2508 1855 2552 ha-

462 2553 594 2598 bebat
610 2559 843 2617 antiquitas
864 2561 966 2606 tales
983 2574 1174 2623 raptores
1196 2583 1339 2612 rerum
1363 2570 1601 2617 alienarum
1628 2593 1638 2619 z
1664 2576 1740 2620 sed
1758 2593 1847 2621 non

514 2645 521 2659 τ
546 2641 645 2671 Marri]
681 2653 724 2681 w,
744 2645 774 2673 ις,
