1926 3339
452 306 535 344 256
888 314 921 340 s.
957 313 1186 341 Aucus'nm
1220 315 1398 341 Emscom

455 400 475 422 »
510 381 629 424 mino
652 379 698 422 in
720 378 817 422 filiis
840 378 946 422 Dei?
968 377 1161 421 Dicimur
1182 376 1322 420 nubes
1352 385 1529 435 propter
1553 390 1753 430 carnem,
1790 385 1834 420 et

453 467 600 496 sumus
631 450 934 510 praedicatores
965 449 1156 492 veritatis
1187 458 1364 508 propter
1395 447 1580 491 imbrem
1616 446 1831 492 nubium:
1890 455 1892 503 ζ

1889 372 1892 406 1

1889 424 1892 451 1

454 522 529 566 sed
554 537 653 566 caro
676 529 823 565 nostra
845 518 968 563 aliter
990 519 1132 573 venit,
1157 534 1256 563 caro
1279 518 1392 562 illius
1415 517 1553 561 aliter.
1581 517 1774 561 Dicimur
1795 526 1839 561 et
1890 522 1892 527 '

454 594 531 638 filii
557 593 646 648 Dei,
663 592 739 637 sed
760 591 834 635 ille
856 590 980 635 aliter
1002 589 1138 634 Filius
1161 590 1253 634 Dei.
1272 589 1394 634 Illius
1418 590 1557 633 nubes
1580 604 1630 632 ex
1651 587 1835 647 virgine,
1891 587 1893 617 3

454 665 527 709 ille
550 663 686 708 Filius
708 678 759 707 ex
781 661 1039 716 aeternitate,
1058 661 1174 705 Patri
1197 661 1389 721 aequalis.
1406 661 1542 714 «Quis
1565 675 1667 719 ergo
1691 660 1738 703 in
1754 675 1839 704 nu-

457 754 478 777 »
513 735 644 779 bibus
666 732 914 794 aequabitur
936 732 1138 787 Domino,
1165 741 1241 776 aut
1264 732 1359 792 quis
1384 731 1530 776 similis
1552 732 1632 775 erit
1656 731 1840 775 Domino

457 823 478 846 »
513 804 560 848 in
582 803 680 848 filiis
705 803 807 848 Dei?
833 821 853 845 »
879 803 1003 847 Dicat
1024 802 1115 862 ipse
1137 802 1347 846 Dominus
1373 812 1519 846 utrum
1557 800 1741 846 similem
1770 800 1841 846 in-
1892 803 1895 824 ³

454 874 616 919 veniat.
633 877 803 927 «Quem
821 888 890 917 me
907 872 1062 917 dicunt
1078 872 1276 916 homines
1294 888 1383 916 esse
1406 872 1545 916 filium
1566 871 1752 916 hominis
1766 872 1839 915 11³»

455 948 570 990 Ecce
593 945 711 989 enim
733 943 835 1005 quia
857 943 1009 988 videor
1025 978 1035 998 ,
1064 944 1166 1003 quia
1200 943 1442 1002 conspicior
1459 978 1470 998 ,
1505 942 1607 1003 quia
1631 942 1746 986 inter
1767 956 1843 986 vos
1893 960 1895 964 ’

457 1015 653 1071 ambulo,
670 1024 714 1059 et
728 1013 909 1059 fortasse
924 1015 1151 1074 praesentia
1165 1013 1271 1058 vilui
1288 1035 1298 1072 3
1314 1013 1444 1058 dieite
1461 1033 1469 1058 z
1492 1033 1511 1055 «
1528 1018 1666 1067 Quem
1688 1028 1758 1057 me
1774 1011 1844 1056 di-

461 1106 482 1129 »
518 1096 625 1132 cunt
647 1086 845 1131 homines
867 1101 957 1129 esse
981 1085 1121 1129 fllium
1144 1085 1363 1129 hominis?
1390 1104 1410 1126 »
1437 1087 1564 1130 Certe
1582 1084 1684 1145 quia
1706 1083 1845 1127 filium

458 1158 646 1203 hominis
669 1157 841 1211 vident,
862 1156 1026 1200 nubem
1049 1157 1225 1200 vident:
1251 1155 1414 1211 dicant,
1441 1155 1510 1200 vel
1532 1156 1661 1200 dicite
1674 1190 1689 1210 ,
1715 1169 1846 1214 quem
1895 1193 1897 1197 ⁴

460 1244 530 1272 me
549 1228 703 1272 dieunt
719 1227 915 1271 homines
934 1242 1038 1270 esse.
1050 1229 1107 1270 Et
1124 1226 1443 1285 responderunt
1458 1226 1573 1269 dicta
1590 1225 1843 1269 hominum:

464 1318 484 1340 «
519 1299 603 1342 Alii
626 1298 779 1342 dicunt
801 1297 1053 1351 Jeremiam‚
1081 1295 1152 1339 alii
1175 1296 1331 1350 Eliam,
1349 1296 1419 1340 alii
1442 1299 1656 1340 Joannem
1680 1295 1848 1354 Baptis-

465 1388 482 1409 »
519 1377 624 1423 tam,
652 1377 727 1412 aut
750 1383 889 1411 unum
910 1382 962 1410 ex
986 1366 1252 1425 Prophetis2.
1276 1385 1295 1407 »
1311 1366 1554 1411 Nominatae
1576 1375 1678 1409 sunt
1698 1364 1848 1409 multae
1894 1351 1897 1389 Ῐ

462 1438 604 1482 nubes
633 1447 676 1482 et
698 1437 774 1481 filii
797 1438 890 1482 Dei.
916 1437 1091 1481 Etenim
1116 1438 1216 1497 quia
1233 1437 1338 1497 justi
1370 1446 1413 1480 et
1436 1436 1574 1481 saneti
1592 1472 1603 1491 ,
1632 1436 1785 1497 utique
1806 1444 1850 1480 et
1883 1467 1896 1476 v,

463 1508 545 1568 ipsi
568 1508 647 1551 filii
672 1509 751 1552 Dei
781 1527 789 1553 :
810 1508 1036 1563 Jeremias,
1063 1507 1178 1551 Elias
1195 1543 1205 1562 ,
1231 1511 1420 1552 Joannes
1439 1543 1449 1564 ,
1475 1507 1552 1551 filii
1574 1508 1651 1552 Dei
1668 1528 1679 1565 3
1699 1516 1743 1551 et
1766 1523 1851 1550 nu-

462 1581 555 1635 bes,
582 1580 684 1640 quia
708 1579 1014 1639 praedicatores
1029 1580 1120 1624 Dei.
1139 1579 1306 1623 Dixistis
1328 1596 1434 1640 quas
1457 1579 1596 1623 nubes
1616 1594 1686 1622 me
1712 1578 1850 1623 homi·
1914 1599 1917 1610 ν

462 1666 538 1694 1165
566 1665 654 1693 6556
676 1659 857 1708 putent,
898 1659 942 1693 et
968 1650 1013 1693 in
1047 1649 1208 1710 quibus
1231 1649 1328 1693 filiis
1353 1650 1430 1693 Dei
1453 1665 1521 1693 me
1544 1649 1742 1693 homines
1765 1665 1850 1692 nu-

462 1728 661 1764 merent:
687 1719 817 1764 dicite
841 1729 883 1763 et
905 1734 980 1764 vos
996 1754 1007 1775 ,
1028 1735 1159 1780 quem
1182 1735 1252 1763 me
1273 1719 1414 1764 dicitis
1437 1735 1540 1764 esse.
1568 1718 1851 1779 Respondens

463 1794 617 1835 Petrus
642 1806 721 1850 pro
744 1790 948 1834 omnibus
963 1826 973 1845 ,
999 1806 1079 1850 pro
1103 1791 1271 1834 unitate
1295 1806 1410 1835 unus
1430 1809 1439 1835 ε
1465 1809 1486 1832 «
1513 1793 1579 1834 Tu
1596 1805 1665 1845 es,
1689 1789 1848 1849 inquit,
1895 1793 1897 1847 j

466 1879 487 1902 >›
524 1861 720 1906 Christus
750 1860 887 1904 Filius
919 1860 998 1905 Dei
1024 1860 1110 1905 vivi
1135 1851 1419 1914 3.‘Quoniam
1453 1860 1549 1921 quis
1582 1861 1628 1904 in
1659 1860 1853 1904 nubibus
1895 1869 1898 1911 ᾗ

468 1949 488 1972 »
523 1931 772 1990 aequabitur
794 1931 981 1975 Domino
1000 1965 1011 1985 ,
1043 1940 1119 1975 aut
1143 1931 1239 1991 quis
1261 1930 1410 1974 similis
1432 1931 1513 1974 erit
1536 1930 1717 1974 Domino
1740 1930 1853 1973 inter
1895 1933 1898 1961 ἓ
1917 1947 1921 1959 ⁴

472 2020 488 2041 »
526 2000 637 2045 filios
653 2001 728 2045 Dei
742 2003 760 2045 Ρ
773 2020 793 2042 »
812 2004 877 2045 Tu
894 2017 937 2045 es
955 2001 1151 2046 Christus
1167 2001 1300 2045 Filius
1313 2002 1389 2046 Dei
1406 2001 1511 2046 vivi:
1524 2016 1614 2045 non
1630 1999 1852 2061 quomodo
1896 1998 1897 2006 ¹
1918 2002 1923 2044 1

465 2070 543 2114 filii
559 2071 650 2126 Dei,
669 2072 745 2132 qui
762 2071 842 2115 tibi
865 2087 954 2115 non
975 2080 1223 2131 aequantur.
1239 2071 1405 2115 Venisti
1426 2071 1472 2115 in
1493 2086 1638 2127 carne,
1665 2069 1742 2115 sed
1762 2083 1853 2115 non
1913 2105 1923 2121 ,

466 2142 690 2201 quomodo
713 2142 852 2186 nubes
868 2177 878 2197 ,
899 2158 999 2202 quae
1016 2142 1097 2186 tibi
1118 2157 1209 2186 non
1230 2150 1477 2201 aequantur.

525 2214 647 2255 VIII.
661 2212 766 2264 Quis
781 2212 897 2255 enim
912 2221 976 2267 tu,
995 2211 1065 2256 cui
1079 2210 1365 2272 respondetur
1382 2231 1391 2256 :
1406 2214 1506 2255 «Tu
1522 2227 1565 2255 es
1580 2212 1776 2257 Christus
1785 2209 1854 2257 Fi·
1896 2227 1898 2250 z
1918 2259 1920 2263 y

468 2299 488 2322 »
516 2280 598 2325 lius
615 2281 691 2325 Dei
707 2282 817 2339 vivi,
835 2300 853 2323 »
872 2297 1003 2341 quem
1020 2290 1285 2340 putaverunt
1301 2281 1373 2325 alii
1387 2282 1582 2326 homines
1596 2298 1685 2326 non
1697 2281 1850 2336 saneti,
1897 2327 1899 2329 ,

466 2367 556 2395 non
574 2353 697 2412 justi,
724 2369 863 2396 unum
888 2368 939 2396 ex
962 2352 1203 2412 Prophetis,
1225 2361 1300 2396 aut
1322 2352 1479 2408 Eliam,
1495 2347 1581 2398 'aut
1602 2353 1850 2408 Jeremiam,

467 2431 543 2465 aut
565 2425 780 2467 Joannem
803 2423 1063 2482 Baptistam3
1089 2422 1184 2482 quis
1208 2438 1308 2480 ergo
1334 2426 1413 2467 tu?
1434 2424 1551 2468 Audi
1572 2422 1694 2484 quod
1715 2422 1855 2482 sequi·
1896 2460 1897 2463 ,
1919 2478 1921 2483 1

467 2500 561 2536 tur:
582 2512 598 2532 ‹<
622 2497 736 2537 Deus
757 2492 1062 2552 glorificandus
1083 2494 1128 2537 in
1153 2493 1574 2554 consiliojustorum.
1592 2494 1730 2547 »Quis
1753 2508 1854 2551 ergo
1919 2493 1921 2499 ’

466 2561 514 2606 in
533 2563 727 2607 nubibus
749 2563 999 2623 aequabitur
1021 2562 1207 2607 Domino
1227 2597 1238 2618 ,
1271 2572 1347 2607 aut
1374 2564 1470 2624 quis
1493 2563 1642 2608 similis
1664 2563 1745 2608 erit
1767 2565 1854 2607 Do-
1896 2572 1899 2590 ³

518 2654 527 2670 ¹
557 2649 671 2681 Matth.
691 2660 756 2691 xm,
778 2649 828 2681 13.
857 2665 897 2671 --
920 2655 932 2671 ²
955 2648 1035 2680 lbid.
1058 2665 1100 2671 —
1120 2645 1233 2680 31bid.
1254 2650 1303 2680 16.
