1926 3339
421 294 662 324 EuAnnA'i-ro
694 295 739 322 m
772 292 973 323 PsALMUM
1007 296 1122 323 XCIX.
1366 286 1447 326 505

67 361 178 405 sicut
210 361 363 406 oculus
401 362 551 406 album
589 370 633 405 et
665 361 866 419 nigrum,
890 361 950 405 ita
971 361 1220 421 aequitatem
1245 362 1450 423 iniquita-

65 440 244 492 temque
272 432 502 477 discernat.
540 435 592 476 ln
617 432 698 476 hac
726 441 818 476 tota
844 431 1188 476 consideratione
1222 443 1447 490 creaturae,

66 518 200 562 quam
215 503 439 547 nominare
455 511 694 562 utcumque
717 512 760 546 ct
780 518 1032 561 percurrere
1052 504 1291 562 potuimus,
1313 503 1451 547 inter-

65 583 188 631 roget
205 589 248 617 se
271 573 413 617 anima
432 593 440 618 z
462 574 566 627 Quis
589 572 690 617 fecit
716 574 810 618 haec
837 574 1008 618 omnia?
1030 573 1127 634 quis
1144 575 1305 618 creavit
1328 575 1451 618 haec?

66 644 165 704 quis
187 645 232 688 in
254 644 321 688 his
344 654 387 688 te
404 645 570 704 ipsam?
589 644 705 697 Quid
727 653 829 689 sunt
846 645 925 689 ista
942 661 1041 705 quae
1055 644 1322 689 consideras?
1344 644 1453 706 quid

66 724 116 758 tu
138 731 237 774 quae
255 714 530 760 consideras?
547 715 652 768 Quis
666 714 739 758 ilie
756 716 830 775 qui
845 715 947 759 fecit
966 714 1278 759 consideranda
1291 725 1334 759 et
1347 732 1452 760 con-

66 785 354 830 siderantem?
376 786 472 846 quis
495 796 558 830 est
586 787 689 830 iste?
712 786 789 830 Dic
809 786 933 830 illum
963 806 971 831 :
997 796 1046 830 ut
1074 786 1189 831 dicas
1210 786 1353 842 illum,
1379 803 1453 831 co-

66 857 153 916 gita
176 856 316 901 illum.
346 861 471 901 Potes
494 857 609 901 enim
633 857 797 917 aliquid
824 857 1030 916 cogitare,
1067 867 1109 901 et
1132 857 1243 901 forte
1262 873 1351 902 non
1374 874 1453 918 po-

65 937 129 972 tes
152 928 293 972 dicere
320 929 471 974 :nulio
494 928 625 973 modo
650 938 795 974 autcm
841 929 1001 987 poteris
1033 929 1176 972 dicere
1216 928 1334 988 quod
1363 945 1454 973 non

64 999 257 1058 potueris
281 1001 486 1058 cogitare.
513 1003 629 1058 Ergo
654 1000 795 1058 cogita
819 998 943 1042 illum
966 999 1083 1058 prius
1106 1014 1239 1059 quam
1261 998 1376 1042 dicas
1397 997 1453 1041 il-

63 1068 158 1112 lum
183 1087 192 1113 z
218 1079 269 1113 ut
300 1070 461 1128 cogites
484 1069 607 1113 illum
623 1105 633 1124 ,
666 1068 822 1113 accede
848 1069 903 1113 ad
938 1068 1078 1112 illum.
1103 1067 1232 1121 Quod
1255 1068 1372 1114 enim
1391 1068 1455 1112 vis

63 1139 178 1183 hene
199 1140 346 1184 videre
364 1176 374 1195 ,
400 1150 450 1185 ut
475 1141 637 1185 habeas
659 1139 780 1200 quod
801 1139 1013 1200 loquaris,
1050 1138 1217 1183 accedis
1239 1147 1289 1182 ut
1321 1139 1456 1198 inspi-

65 1211 167 1265 cias,
192 1227 248 1254 ne
267 1210 380 1256 forte
407 1211 538 1271 longe
560 1211 753 1255 videndo
782 1209 959 1255 fallaris.
1002 1210 1087 1255 Sed
1116 1220 1166 1255 ut
1205 1209 1342 1254 oculis
1376 1210 1456 1254 ista

65 1296 273 1341 corpora,
311 1282 370 1326 sic
399 1282 472 1326 ille
505 1290 651 1325 niente
680 1281 961 1340 conspicitur,
999 1280 1130 1325 corde
1153 1279 1391 1324 attenditur
1414 1289 1457 1324 et

64 1353 254 1397 videtur.
284 1357 340 1398 Et
359 1354 436 1397 ubi
459 1363 522 1398 est
553 1370 626 1398 cor
658 1353 778 1397 unde
801 1352 875 1396 ille
896 1352 1119 1397 videatur?
1145 1349 1179 1394 a*
1196 1352 1341 1407 Beati,
1367 1351 1452 1407 ait,

66 1441 88 1465 >›
124 1424 279 1468 mundi
301 1424 448 1476 corde,
479 1424 686 1485 quoniam
707 1424 789 1483 ipsi
809 1427 949 1467 Deum
971 1423 1228 1468 videbunt1.
1249 1442 1268 1464 >›
1293 1422 1453 1478 Audio,

65 1494 212 1550 credo,
238 1504 288 1538 ut
308 1511 485 1554 possum
510 1495 722 1553 intelligo,
749 1495 880 1540 corde
903 1494 1040 1537 videri
1057 1497 1313 1547 Deum,·nec
1335 1507 1457 1552 posse

65 1565 147 1609 nisi
164 1565 333 1609 mundo
355 1566 486 1610 corde
507 1566 700 1624 conspici
727 1585 736 1610 :
764 1566 839 1610 sed
862 1567 992 1610 audio
1017 1565 1144 1608 aliam
1171 1564 1454 1623 Scripturam,

70 1655 89 1678 «
124 1636 230 1689 Quis
248 1637 502 1693 gloriabitur
519 1645 684 1680 castum
706 1651 750 1680 se
773 1637 932 1681 habere
951 1652 1025 1681 cor
1045 1637 1062 1679 P
1079 1645 1154 1679 aut
1176 1635 1272 1694 quis
1297 1633 1458 1692 gloria-

68 1725 90 1749 »
126 1708 246 1752 bitur
268 1708 481 1752 mundum
507 1723 550 1752 se
573 1724 662 1752 esse
685 1724 707 1752 a
726 1710 964 1767 peccato‘2?
987 1727 1005 1748 »
1033 1706 1215 1751 Attendi
1237 1721 1338 1764 ergo
1357 1705 1459 1748 uni-

66 1794 234 1823 versam
259 1788 501 1823 creaturam
518 1813 528 1833 ‚
550 1788 764 1838 quantum
788 1779 911 1838 potui
933 1800 944 1836 3
968 1777 1238 1838 corporalem
1261 1774 1460 1820 animad-

66 1850 176 1893 verti
196 1850 241 1893 in
266 1849 380 1894 coelo
408 1858 451 1893 et
472 1849 664 1903 interra,
690 1849 925 1908 spiritalem
945 1858 1090 1893 autem
1112 1848 1156 1891 in
1181 1863 1250 1891 me
1266 1848 1358 1906 ipso
1383 1846 1459 1906 qui

66 1921 240 1982 loquor,
265 1921 341 1982 qui
366 1921 563 1965 membra
584 1930 756 1979 vegeto,
783 1922 857 1981 qui
878 1936 1030 1965 vocem
1052 1919 1249 1973 intendo,
1276 1919 1353 1978 qui
1375 1917 1461 1960 lin-

67 2007 197 2051 guam
220 2007 390 2047 moveo,
426 1992 501 2051 qui
527 1992 660 2035 verba
687 1992 928 2050 pronuntio
947 2027 958 2043 ,
983 2005 1220 2050 sensusque
1242 1988 1457 2032 discerno.

66 2067 124 2108 Et
148 2063 327 2124 quando
349 2063 676 2121 comprehendo
707 2077 777 2107 me
805 2062 851 2105 in
878 2064 973 2106 me?
997 2061 1121 2106 Unde
1149 2076 1251 2119 ergo
1285 2074 1462 2119 possum

68 2135 189 2195 quod
217 2150 346 2194 supra
378 2136 473 2177 me?
502 2133 778 2177 Promittitur
812 2142 960 2176 tamen
993 2131 1112 2176 cordi
1140 2132 1334 2175 humano
1356 2129 1462 2174 visio

68 2207 162 2260 Dei,
184 2215 228 2249 et
244 2206 453 2248 indicitur
470 2204 673 2264 quaedam
696 2205 891 2264 operatio
914 2202 1159 2247 mundandi
1181 2201 1321 2246 cordis
1343 2221 1351 2245 ε
1378 2201 1463 2245 hoc

69 2276 228 2321 dicitur
249 2276 305 2319 ab
327 2276 548 2334 Scriptura
567 2294 574 2319 :
600 2279 706 2319 Para
729 2274 849 2318 unde
871 2273 1018 2318 videas
1042 2272 1163 2334 quod
1181 2288 1313 2327 amas,
1341 2280 1464 2315 ante-

69 2363 202 2408 quam
227 2346 389 2390 videas.
415 2345 578 2390 Audito
604 2347 719 2390 enim
747 2350 832 2390 Deo
855 2355 898 2389 ct
924 2345 1102 2389 nomine
1124 2346 1215 2403 ejus
1232 2378 1242 2398 ‚
1273 2343 1344 2387 cui
1374 2358 1464 2386 non

69 2417 198 2461 dulce
219 2415 418 2476 estquod
437 2416 574 2470 audit,
594 2417 675 2460 nisi
699 2417 834 2475 impio
858 2415 1048 2459 multum
1068 2423 1252 2468 remoto‚
1273 2412 1464 2456 multum

69 2488 201 2545 longe
223 2486 371 2531 facto?
391 2506 410 2528 «
436 2487 651 2539 Quoniam
675 2501 792 2540 ecce,
810 2487 970 2546 inquit,
991 2486 1065 2545 qui
1084 2485 1215 2543 longe
1237 2483 1402 2527 faciunt
1420 2497 1464 2526 se

75 2576 95 2598 υ
131 2557 206 2601 abs
229 2566 272 2600 te
288 2592 298 2612 ,
324 2556 532 2616 peribunt
558 2576 566 2600 :
595 2574 615 2596 »
647 2557 867 2617 sequitur,
898 2575 917 2598 «
943 2555 1168 2600 Perdidisti
1192 2568 1368 2599 omnem
1388 2553 1464 2612 qui

122 2649 130 2664 ¹
148 2641 261 2673 Manli.
283 2653 316 2683 v,
343 2641 375 2674 8.
395 2659 434 2664 -
455 2648 467 2663 2
490 2643 584 2672 Prov.
602 2651 655 2680 xx,
674 2651 706 2681 ς).
