1926 3339
138 348 379 376 ENARnA-rro
413 348 444 373 11
478 346 522 373 ΙΝ
554 344 758 373 PsALMUM
792 344 1005 381 Lxxxvnt‚
1041 343 1179 372 smum
1214 346 1260 372 11.
1319 336 1398 374 281

27 434 47 458 n
79 414 275 460 continui
292 414 338 457 in
361 413 458 455 sinu
482 426 580 455 meo
608 409 846 455 multarum
879 410 1089 467 gentium.
1119 427 1140 450 »
1164 409 1310 464 Ibam,
1342 411 1411 454 in-

24 487 118 549 quit
133 521 144 540 ‚
171 484 409 545 praedicare
424 518 435 537 ‚
462 492 505 526 et
528 482 760 542 opprobria
782 480 1013 525 audiebam
1028 515 1039 535 ‚
1065 489 1108 524 et
1129 481 1175 524 in
1196 480 1294 524 sinu
1315 496 1413 526 meo

24 556 324 613 continebam3
348 555 447 615 quia
468 552 707 612 implebam
725 572 732 598 :
754 571 773 594 «
793 552 1168 612 Blasphemamur,
1191 567 1412 610 rogamus,

26 646 47 670 »
81 627 204 688 quasi
224 633 512 686 purgamenta
534 624 690 668 mundi
711 623 816 668 facti
838 638 1010 678 sumus,
1040 622 1239 667 omnium
1270 623 1418 683 perip-

27 716 49 740 »
82 712 197 742 sema
212 699 243 740 ¹.
264 715 284 737 »
309 696 393 741 Diu
416 695 728 740 continuerunt
753 694 985 739 Christiani
1007 692 1241 753 opprobria
1258 693 1302 736 in
1320 693 1418 738 sinu

24 784 117 823 suo,
134 769 180 812 in
203 766 333 813 corde
352 783 454 823 suo3
479 782 559 811 nec
583 765 805 810 audebant
823 766 1018 809 resistere
1039 764 1386 809 conviciantibus
1405 784 1414 810 z

26 849 150 885 antea
177 855 276 883 cum
307 839 472 883 crimen
514 838 737 882 videretur
772 835 1034 896 respondere
1069 851 1267 895 pagano,
1298 851 1418 881 nunc

19 911 107 972 jam
124 909 287 954 crimen
309 918 371 953 est
394 924 616 952 remanere
638 922 872 968 paganum.
900 906 1069 951 Gratias
1090 906 1278 950 Domino
1292 941 1303 961 ‚
1325 922 1418 950 me-

26 996 118 1026 mor
137 980 219 1024 fuit
237 979 572 1040 opprobriorum
588 988 837 1023 nostrorum
859 996 868 1022 :
887 977 1089 1021 exaltavit
1102 992 1240 1020 cornu
1257 977 1419 1021 Christi

27 1051 112 1106 sui,
139 1048 241 1094 fecit
263 1049 563 1093 admirabilem
587 1047 705 1107 apud
728 1063 849 1106 reges
872 1056 1012 1091 terrae.
1032 1050 1126 1091 Jam
1142 1046 1275 1091 modo
1290 1063 1421 1092 nemo

27 1121 208 1166 insultat
229 1120 512 1176 Christianis3
537 1128 612 1163 aut
629 1119 663 1164 si
685 1118 880 1173 insultat,
901 1134 991 1163 non
1014 1117 1191 1178 publice
1214 1117 1419 1163 insultat:

27 1193 85 1237 sic
121 1191 340 1252 loquitur,
378 1199 427 1234 ut
461 1190 560 1249 plus
592 1190 747 1234 timeat
779 1188 942 1244 audiri⁷
976 1205 1107 1250 quam
1146 1188 1252 1233 velit
1284 1188 1418 1233 credi.

33 1281 49 1303 «
85 1262 214 1315 Quod
236 1261 434 1306 continui
451 1262 495 1306 in
513 1261 610 1304 sinu
629 1276 727 1305 meo
747 1259 986 1304 multarum
1010 1260 1223 1318 gentium.
1248 1278 1268 1301 n

84 1336 207 1377 XIII.
240 1352 259 1374 «
285 1331 414 1385 Quod
437 1331 808 1391 exprobraverunt
822 1331 985 1374 inimici
1002 1330 1066 1374 tui
1085 1366 1095 1377 ,
1116 1330 1331 1375 Domine2
1361 1348 1370 1374 :
1398 1347 1420 1370 »

29 1413 70 1449 et
87 1404 227 1448 Judaei
263 1413 306 1447 et
330 1403 504 1462 Pagani.
543 1422 563 1444 «
587 1401 716 1456 Quod
741 1403 1130 1462 exprobraverunt.
1160 1420 1179 1442 »
1216 1400 1329 1454 Quid
1350 1416 1425 1444 ex-

0 1506 2 1527 ,
29 1476 378 1536 probraverunt‘?
410 1495 429 1516 «
455 1474 855 1519 Commutationem
884 1473 1045 1518 Christi
1067 1473 1145 1515 tui.
1175 1490 1195 1513 )›
1231 1475 1324 1516 Hoc
1346 1487 1423 1515 ex-

28 1546 362 1606 probraverunt,
387 1565 406 1586 «
426 1545 827 1589 Commutationem
850 1543 1010 1588 Christi
1034 1543 1115 1586 tui.
1141 1561 1160 1583 »
1188 1545 1282 1586 Hoc
1305 1542 1422 1586 enim

31 1616 299 1676 objecerunt,
323 1615 425 1675 quia
446 1623 646 1658 mortuus
669 1623 732 1657 est
755 1613 967 1667 Christus,
984 1612 1085 1672 quia
1109 1613 1342 1656 crucifixus
1361 1621 1425 1657 est

0 1693 3 1736 ζ
31 1687 240 1732 Christus.
264 1686 376 1738 Quid
392 1684 601 1745 objicitis,
627 1683 792 1728 insani?
811 1683 1116 1743 Quamvisjam
1126 1699 1254 1727 nemo
1268 1692 1331 1726 est
1349 1683 1426 1743 qui

0 1747 4 1816 ᾖ
31 1757 205 1818 objiciat
236 1776 244 1801 :
266 1766 412 1800 tamen
428 1756 461 1800 si
479 1756 555 1815 qui
573 1754 731 1815 reliqui
750 1763 1068 1808 remanserunt,
1088 1754 1197 1814 quid
1219 1754 1422 1814 objicitis,

0 1822 4 1883 Ῑ
32 1828 130 1888 quia
153 1836 350 1872 mortuus
368 1826 666 1872 estChristus?
682 1824 760 1869 Ille
773 1841 862 1869 non
876 1824 1188 1884 perimebatur,
1207 1824 1282 1868 sed
1302 1840 1425 1869 corn-

0 1898 5 1962 ‘3
32 1899 299 1943 mutabatur.
336 1901 536 1942 Mortuus
560 1896 720 1941 dicitur
742 1906 919 1955 propter
945 1895 1159 1939 triduum.
1188 1898 1301 1940 Ecce
1319 1895 1427 1956 quid

1 1966 5 2020 ἰ
32 1969 398 2029 exprobraverunt
420 1967 584 2011 inimici
605 1967 670 2010 tui
699 1986 707 2010 :
734 1982 822 2011 non
846 1966 1137 2020 amissionem,
1163 1981 1254 2010 non
1277 1965 1426 2026 perdi-

2 2039 6 2093 ἰ
33 2040 192 2084 tionem
214 2060 224 2095 3
249 2038 325 2082 sed
346 2038 476 2098 plane
503 2057 523 2079 «
554 2038 956 2082 Commutationem
980 2037 1146 2082 Christi
1168 2037 1248 2080 tui.
1276 2055 1296 2077 η
1323 2040 1427 2080 Mu-

32 2119 145 2154 tatus
173 2118 237 2154 est
259 2108 332 2152 ille
355 2125 378 2152 a
403 2107 628 2167 temporali
663 2107 751 2151 vita
776 2107 830 2151 ad
855 2116 1080 2161 aeternam,
1106 2115 1300 2150 mutatus
1324 2115 1387 2150 est
1404 2122 1428 2150 a

3 2175 7 2238 Ι
33 2180 192 2226 Judaeis
220 2179 275 2224 ad
297 2181 483 2234 Gentes,
514 2187 707 2222 mutatus
730 2187 793 2222 est
819 2180 949 2222 etiam
984 2193 1007 2221 a
1030 2186 1144 2221 terra
1174 2177 1220 2220 in
1243 2176 1424 2221 coelum.

3 2252 8 2302 ἶ
33 2255 144 2296 Eant
166 2267 285 2296 nunc
307 2251 408 2295 vani
429 2250 593 2294 inimici
611 2250 692 2304 tui,
714 2259 758 2293 et
782 2248 926 2293 adhuc
943 2248 1207 2308 exprobrent
1230 2264 1429 2292 commu-

4 2306 8 2378 ι
36 2323 242 2368 tationem
264 2321 425 2367 Christi
449 2321 528 2364 tui.
558 2321 731 2365 Utinam
758 2330 800 2364 et
834 2320 915 2379 ipsi
936 2329 1165 2364 mutentur
1191 2338 1200 2363 :
1228 2334 1430 2363 commu-

5 2396 8 2443 ἱ
35 2395 242 2438 tationem
265 2393 425 2438 Christi
447 2408 536 2436 non
559 2391 904 2451 exprobrabunt.
941 2391 1027 2435 Sed
1045 2389 1243 2450 displicet
1270 2390 1430 2435 Christi

5 2447 9 2505 ¹1
35 2464 244 2518 mutatio,
282 2464 383 2523 quia
406 2462 485 2521 ipsi
517 2462 675 2505 mutari
705 2461 878 2506 nolunt.
916 2463 1067 2521 Neque
1096 2461 1211 2506 enim
1244 2470 1308 2504 est
1345 2459 1428 2504 illis

6 2529 9 2583 ξ
37 2529 332 2587 commutatio,
353 2542 396 2576 et
409 2548 498 2576 non
519 2532 761 2576 timuerunt
784 2532 968 2575 Deum?
999 2550 1018 2573 «
1041 2530 1167 2584 Quod
1191 2531 1427 2591 exprobra-

7 2599 10 2646 ἶ
42 2622 61 2645 »
94 2613 253 2648 verunt
274 2603 438 2649 inimici
460 2603 540 2658 tui,
559 2603 946 2646 commutationem
967 2601 1126 2646 Christi
1150 2602 1230 2645 tui.
1257 2621 1276 2643 »

92 2692 249 2730 ¹C0r.1v‚
274 2689 322 2721 13.
346 2706 386 2711 -
406 2695 418 2711 ²
438 2688 515 2720 Psal.
537 2698 689 2728 mxxviii,
709 2686 762 2720 52.
785 2704 826 2709 —-
843 2685 856 2709 3
876 2687 922 2718 Id.
944 2697 1011 2727 mv,
1037 2694 1091 2718 20.
