1926 3339
488 294 564 331 178
906 307 938 331 s.
979 304 1207 330 Ant-‚usum
1244 303 1422 329 Eriscom

482 388 500 409 n
536 384 632 417 cam
646 372 675 412 ¹.
703 388 720 411 ι)
741 372 839 413 Jam
861 369 976 412 enim
999 384 1088 413 non
1109 368 1187 412 diu
1209 367 1328 411 iilam
1350 380 1516 427 quaeres
1542 384 1549 409 ε
1578 365 1678 424 quia
1699 374 1742 408 et
1766 365 1857 424 ipsa
1911 378 1913 418 ξ

477 449 676 484 occurret
700 439 803 494 tibi,
828 448 878 483 ut
897 440 1116 483 osculetur
1133 438 1360 498 justitiam.

534 513 659 554 xm.
690 529 710 552 «
736 511 901 554 Veritas
923 509 976 553 dc
999 519 1112 552 terra
1148 517 1242 552 orta
1271 517 1358 562 est,
1399 516 1441 551 et
1464 506 1629 566 justitia
1656 504 1710 549 de
1744 504 1856 550 coelo

479 600 498 622 »
533 581 751 640 prospexit
765 584 796 625 ¹².
822 581 987 624 Veritas
1009 580 1063 623 de
1087 588 1198 627 terra
1215 589 1309 623 orta
1326 588 1387 622 est
1405 614 1416 633 ,
1431 596 1451 619 »
1476 578 1672 622 Christus
1693 575 1748 620 (16
1770 575 1856 619 foe-
1911 571 1914 607 ἕ

475 653 590 696 mina
613 661 739 695 natus
754 662 830 694 est.
863 670 883 692 «
906 651 1072 694 Veritas
1092 650 1147 693 de
1168 659 1279 693 terra
1296 659 1389 694 orta
1411 658 1490 703 est,
1505 667 1524 690 »
1546 647 1682 692 Filius
1705 647 1783 692 Dei
1801 646 1856 690 de
1911 640 1914 686 ἶ

474 737 602 766 carne
636 720 855 779 processit.
892 719 1009 774 Quid
1036 728 1099 763 est
1132 720 1322 765 veritas?
1357 719 1492 764 Filius
1524 717 1617 762 Dei.
1655 716 1773 771 Quid
1795 725 1858 761 est
1911 740 1913 773 3

471 793 610 836 terra?
631 793 757 836 Caro.
786 793 1009 847 Interroga
1031 788 1150 834 unde
1175 798 1302 833 natus
1327 798 1389 832 est
1416 789 1638 842 Christus,
1665 796 1709 832 et
1736 785 1858 832 vides
1912 779 1913 782 ¹

473 862 574 922 quia
599 881 620 905 ι(
645 862 812 906 Veritas
835 861 889 905 de
927 869 1040 904 terra
1069 869 1163 904 orta
1192 869 1270 903 est.
1301 878 1321 901 »
1350 859 1435 904 Sed
1465 859 1560 903 haee
1581 858 1859 918 veritaquuae

474 942 567 977 orta
586 942 650 977 est
670 931 725 976 de
746 941 861 976 terra
880 967 891 987 ‚
927 940 1018 975 erat
1040 940 1140 974 ante
1161 939 1343 983 terram,
1374 939 1417 974 et
1439 945 1516 989 per
1536 929 1675 988 ipsam
1696 927 1868 973 factum>
1910 930 1915 978 ¹,

473 1012 537 1047 est
553 994 721 1048 >coelum
743 1013 787 1047 et
809 1012 936 1047 terra.
965 1000 1051 1046 Sed
1071 1009 1122 1044 ut
1147 1001 1313 1060 justitia
1342 999 1397 1045 (16
1429 999 1543 1044 60610
1565 999 1855 1058 prospiceret,
1912 999 1915 1050 ’ζ

474 1073 521 1117 1(1
541 1083 630 1130 est,
665 1083 715 1117 ut
735 1073 1079 1132 justificarentur
1105 1071 1301 1115 homines
1323 1070 1471 1118 divina
1506 1070 1640 1128 gratia
1657 1105 1668 1124 ‚
1703 1069 1859 1114 veritas
1911 1074 1915 1119 ᾗ

474 1152 576 1188 nata
597 1153 661 1187 est
683 1142 737 1186 de
758 1143 894 1188 Maria
913 1142 1079 1199 virgine
1100 1160 1110 1186 :
1130 1149 1180 1185 ut
1205 1150 1347 1200 posset
1366 1156 1444 1200 pro
1466 1140 1548 1184 illis
1572 1139 1860 1200 justificandis

474 1213 631 1259 offerre
653 1213 912 1257 sacrificium
927 1247 938 1267 ,
964 1210 1221 1256 sacrificium
1235 1211 1466 1270 passionis,
1484 1210 1743 1255 sacrificium
1759 1224 1860 1255 cru-

473 1284 548 1327 eis.
574 1286 631 1328 Et
651 1283 770 1328 unde
794 1283 972 1327 offerret
989 1282 1249 1328 sacrificium
1275 1296 1355 1340 pro
1373 1281 1560 1341 peccatis
1582 1280 1762 1334 nostris,
1778 1279 1861 1325 nisi
1914 1281 1915 1291 ¹

474 1355 749 1397 moreretur?
778 1353 901 1398 Unde
924 1362 1071 1398 autem
1101 1361 1344 1397 moreretur
1359 1387 1369 1407 ,
1396 1352 1478 1395 nisi
1500 1368 1524 1396 a
1546 1351 1670 1395 nobis
1689 1350 1860 1409 aecipe-
1911 1343 1916 1396 ζ

476 1433 541 1468 ret
560 1424 636 1468 ubi
668 1426 939 1476 moreretur?
964 1424 1014 1468 Id
1047 1433 1111 1468 est
1126 1459 1137 1479 ,
1174 1423 1256 1467 nisi
1275 1439 1298 1466 a
1325 1423 1452 1473 nobis
1475 1430 1665 1468 sumeret
1685 1436 1860 1467 carnem
1911 1414 1915 1428 ’

476 1495 703 1538 mortalem
719 1530 729 1549 ,
761 1495 956 1539 Christus
979 1495 1087 1538 mori
1118 1510 1208 1538 non
1233 1503 1375 1553 posset
1401 1513 1410 1538 :
1435 1494 1537 1554 quia
1558 1492 1753 1537 Verbum
1771 1506 1861 1536 non
1897 1491 1901 1494 ’

475 1565 660 1608 moritur
677 1600 688 1619 ,
716 1564 924 1609 Divinitas
955 1580 1045 1608 non
1066 1564 1274 1619 moritur,
1299 1564 1448 1607 Virtus
1469 1573 1512 1608 et
1538 1563 1755 1622 Sapientia
1783 1561 1878 1606 Dei.
1912 1576 1914 1615 ξ

475 1650 566 1678 non
587 1634 785 1678 moritur.
809 1633 1041 1687 Quomodo
1063 1634 1241 1678 offerret
1267 1634 1524 1677 sacrificium
1544 1633 1765 1678 victimam
1791 1646 1875 1679 sa·¹

471 1703 660 1749 lutarem
677 1739 688 1759 ‚
707 1705 742 1749 si
763 1720 854 1749 non
874 1706 1149 1749 moreretur?
1171 1704 1403 1758 Quomodo
1421 1713 1567 1749 autem
1590 1712 1830 1748 moreretur
1845 1736 1858 1757 ,
1912 1711 1914 1715 ’

472 1774 552 1818 nisi
575 1790 751 1819 carnem
787 1773 1016 1824 indueret?
1038 1774 1272 1828 Quomodo
1305 1789 1479 1818 carnem
1506 1774 1709 1819 indueret
1727 1807 1738 1829 ‚
1778 1772 1861 1818 nisi

472 1844 629 1889 veritas
650 1844 705 1889 de
722 1853 836 1889 terra
857 1845 1073 1889 oriretur?
1105 1863 1127 1887 «
1152 1844 1320 1888 Veritas
1350 1842 1406 1889 de
1439 1853 1552 1889 terra
1585 1852 1679 1889 orta
1703 1852 1793 1899 est,
1816 1851 1860 1888 et
1912 1848 1914 1863 '

476 1933 496 1957 »
526 1916 694 1975 justitia
711 1915 766 1960 (16
787 1915 902 1960 60610
924 1916 1157 1976 prospexit.
1185 1934 1207 1958 »
1912 1962 1914 1977 ζ

528 1989 650 2031 xlv.
679 1990 910 2031 Possumus
932 1986 1035 2031 hinc
1067 1985 1212 2031 dicere
1238 1986 1425 2034 aiterum
1447 2000 1622 2030 sensum
1647 2004 1656 2030 :
1688 2004 1710 2028 ι(
1735 1984 1881 2035 Veri-,
1912 1995 1915 2006 ³

472 2077 493 2100 »
529 2067 592 2102 tas
618 2058 673 2103 de
700 2067 816 2104 terra
850 2067 944 2102 orta
972 2067 1038 2102 est
1063 2077 1073 2103 2
1103 2076 1124 2100 »
1150 2057 1365 2103 confessio
1395 2058 1451 2103 ab
1486 2058 1680 2103 homine.
1717 2060 1879 2106 Homo,
1910 2064 1913 2100 .’

470 2128 589 2177 enim
605 2137 808 2188 peccator
825 2144 933 2173 eras.
953 2130 990 2172 Ο
1013 2137 1149 2184 terra,
1169 2129 1246 2189 qui
1266 2128 1446 2189 quando
1462 2129 1665 2188 peccasti,
1683 2127 1858 2183 audisti,
1876 2167 1877 2170 ,
1910 2161 1914 2187 7

472 2216 493 2239 «
529 2201 659 2242 Terra
678 2213 722 2243 es
736 2233 747 2254 ,
773 2207 817 2242 et
834 2198 881 2242 in
904 2207 1064 2243 terram
1084 2198 1168 2243 ibis
1183 2199 1215 2256 ³,
1237 2217 1258 2240 »
1282 2199 1448 2244 oriatur
1465 2198 1521 2244 de
1543 2208 1586 2243 te
1607 2199 1784 2253 veritas,
1810 2206 1882 2246 ut·
1911 2214 1914 2220 ’

469 2268 670 2327 respiciat
705 2268 760 2312 de
783 2267 898 2313 coelo
919 2269 1102 2327 justitia.
1133 2269 1363 2321 Quomodo
1388 2285 1412 2313 a
1437 2278 1480 2313 te
1508 2269 1647 2314 oritur
1675 2269 1832 2313 veritas
1844 2299 1883 2324 ,,,
1911 2266 1913 2270 ⁴

469 2353 572 2382 cum
602 2347 653 2383 tu
673 2347 876 2398 peccator
903 2339 957 2382 sis
971 2373 983 2394 ‚
1014 2353 1116 2382 cum
1138 2347 1188 2382 tu
1208 2339 1385 2399 iniquus
1407 2339 1492 2383 sis?
1513 2339 1733 2388 Confitere
1754 2353 1859 2398 pec·
1870 2365 1883 2391 ς
1909 2351 1912 2354 ⁴

468 2418 564 2453 cata
586 2417 676 2464 tua,
694 2418 738 2453 et
760 2409 923 2453 orietur
944 2408 999 2452 de
1022 2417 1064 2452 te
1081 2409 1252 2453 veritas.
1267 2410 1311 2454 Si
1331 2409 1449 2454 enim
1469 2423 1571 2453 cum
1591 2410 1645 2454 sis
1662 2409 1878 2469 iniquus,·‘

469 2479 575 2524 dieis
601 2489 644 2524 te
659 2480 829 2541 justum
845 2515 856 2535 ‚
882 2479 1106 2540 quomodo
1133 2495 1157 2524 a
1182 2489 1225 2524 te
1254 2481 1411 2525 veritas
1433 2481 1622 2525 orietur?
1646 2480 1690 2526 Si
1712 2489 1879 2533 autem}
1910 2475 1912 2483 '

471 2567 572 2596 cum
593 2550 648 2595 sis
669 2550 844 2611 iniquus
861 2585 872 2607 ,
897 2548 1002 2594 dicis
1023 2558 1066 2595 te
1087 2549 1311 2610 iniquum,
1331 2551 1537 2595 «Veritas
1557 2550 1613 2596 de
1634 2560 1748 2597 terra
1765 2559 1878 2601 orta¹

521 2643 531 2661 ¹
553 2636 632 2670 psal.
651 2647 760 2678 unu,
778 2634 829 2669 15.
849 2653 888 2658 —
908 2642 921 2658 ³
941 2636 988 2668 Id.
1011 2646 1140 2678 xxxxiv,
1162 2643 1212 2667 12.
1235 2652 1276 2659 —
1295 2634 1308 2660 3
1325 2635 1407 2669 Gen.
1429 2647 1474 2678 m,
1495 2647 1544 2678 ¹9-
