1926 3339
299 331 541 360 munuum
573 334 587 359 1
619 334 663 360 IN
696 331 900 360 PsALMUM
933 334 1013 372 xc,
1047 333 1186 362 sznmo
1217 337 1247 362 1.
1390 326 1475 365 299

95 397 207 443 facta
225 406 327 441 sunt
344 397 516 441 omnia?
530 398 681 456 Neque
703 395 758 440 ad
772 397 851 440 ista
868 412 999 456 opera
1022 406 1064 441 te
1084 397 1238 442 invitat
1250 401 1364 443 Deus
1385 400 1478 445 Sal-

93 478 216 514 vator
237 468 447 512 Dominus
469 476 614 511 noster
634 469 656 510 J
663 482 758 510 esus
774 467 990 523 Christus,
1014 483 1112 528 quae
1133 467 1238 511 fecit
1258 468 1313 511 ab
1335 469 1474 525 initio,

93 539 148 584 de
169 538 328 599 quibus
346 537 554 596 scriptum
576 546 638 581 est
656 556 664 581 :
685 537 876 582 «Omnia
890 553 967 596 per
983 538 1126 598 ipsum
1148 536 1258 582 facta
1276 542 1403 582 sunt1
1425 558 1433 583 :
1454 557 1474 580 »

92 624 236 669 neque
253 607 308 652 ad
329 607 401 652 issa
423 623 522 668 quae
544 605 646 651 fecit
666 607 712 650 in
735 616 861 651 terra.
886 610 984 667 Non
1008 609 1091 653 hoc
1119 608 1197 652 tibi
1218 607 1323 652 dicit
1347 627 1357 654 ε
1380 611 1478 654 Non

91 680 173 723 eris
194 678 430 738 discipulus
458 693 579 722 meus
597 713 608 733 ‚
643 678 723 722 nisi
752 678 1039 723 ambulaveris
1063 694 1193 739 super
1223 683 1383 735 mare2,
1403 689 1480 724 aut

90 750 172 794 nisi
194 749 462 794 suscitaveris
479 758 702 793 mortuum
729 749 1114 809 quatriduanumss,
1136 759 1211 794 aut
1232 750 1313 794 nisi
1331 749 1480 795 oculos

90 820 194 865 caeci
226 820 316 863 nati
340 819 557 879 aperueris
571 820 603 862 ⁴.
629 821 718 880 Nec
738 820 838 863 hoc.
864 820 977 872 Quid
999 829 1062 864 est
1090 836 1192 879 ergo
1214 821 1375 865 intrare
1403 836 1481 880 per

85 891 295 952 januam?
312 889 507 934 «Discite
523 906 546 933 a
568 905 652 942 me,
666 889 767 949 quia
788 889 902 933 mitis
919 905 1015 933 sum
1030 899 1073 934 et
1088 889 1262 934 humilis
1279 889 1475 934 corde-³.»

90 960 221 1015 Quod
245 959 384 1005 factus
401 970 464 1004 est
485 969 664 1020 propter
685 969 727 1004 te
742 995 753 1009 ,
779 960 863 1004 hoc
884 960 930 1003 in
948 975 999 1004 eo
1016 959 1147 1004 debes
1166 959 1409 1004 attendere.
1431 970 1482 1005 ut

89 1032 284 1076 imiteris.
309 1031 518 1076 Miracula
536 1031 652 1075 enim
675 1040 718 1074 et
743 1029 942 1074 nondum
970 1040 1098 1074 natus
1121 1030 1175 1074 de
1200 1031 1337 1075 Maria
1358 1030 1476 1076 fecit.

90 1102 195 1156 Quis
222 1102 337 1145 enim
366 1116 564 1161 unquam
597 1100 723 1156 fecit,
757 1100 836 1144 nisi
857 1101 947 1160 ipse
983 1101 1037 1144 de
1059 1116 1148 1161 quo
1183 1101 1351 1145 dictum
1381 1110 1444 1145 est
1468 1120 1478 1146 ;

95 1191 112 1213 «
148 1171 231 1226 Qui
254 1171 357 1216 facit
373 1169 587 1215 mirabilia
610 1186 768 1229 magna
786 1170 902 1215 solus
917 1172 959 1214 ΟΡ
978 1189 997 1211 »
1019 1173 1069 1214 In
1090 1171 1223 1230 ipsius
1252 1171 1367 1214 enim
1390 1171 1480 1215 vir—

89 1251 204 1295 tute,
226 1252 267 1285 et
286 1252 411 1286 antea
429 1243 505 1302 qui
525 1240 746 1295 fecerunt,
772 1251 1013 1301 potuerunt
1043 1239 1210 1301 aliquid
1237 1240 1379 1285 facere
1400 1257 1408 1282 ε
1435 1241 1480 1285 in

89 1313 249 1357 virtute
271 1313 430 1357 Christi
448 1313 563 1356 Elias
581 1321 801 1356 mortuum
818 1311 1039 1356 suscitavit
1053 1314 1084 1354 ⁷.
1105 1311 1194 1356 Nisi
1211 1310 1324 1355 forte
1345 1312 1482 1371 major

89 1392 152 1427 est
175 1386 327 1427 Petrus
362 1399 494 1443 quam
522 1384 719 1428 Christus
735 1418 745 1437 ,
771 1382 872 1442 quia
901 1382 1097 1427 Christus
1130 1397 1237 1427 voce
1259 1382 1481 1426 suscitavit

89 1456 408 1511 aegrotantem&
435 1457 586 1498 Petrus
611 1462 757 1497 autem
780 1468 880 1497 cum
903 1453 1129 1508 transiret,
1161 1453 1319 1497 umbra
1344 1453 1479 1512 ipsius

89 1524 296 1583 tangendi
324 1524 660 1583 proferebantur
694 1524 845 1582 aegroti
859 1526 891 1567 9.
934 1524 1158 1568 Potentior
1193 1539 1296 1583 ergo
1329 1528 1481 1568 Petrus

88 1611 220 1656 quam
243 1596 470 1640 Christus?
503 1596 608 1648 Quis
641 1596 724 1639 hoc
753 1595 1102 1639 dementissimus
1131 1595 1320 1639 dixerit?
1341 1600 1480 1648 Quare

88 1682 191 1725 ergo
214 1675 333 1710 tanta
350 1666 544 1726 potentia
565 1666 610 1709 in
628 1667 786 1710 Petro?
801 1666 912 1719 Quia
930 1667 1126 1710 Christus
1142 1666 1187 1710 in
1207 1670 1350 1710 Petro.
1374 1666 1479 1710 Ideo

89 1735 198 1781 dixit
219 1756 228 1780 :
254 1755 271 1775 «
290 1737 450 1780 Omnes
473 1736 549 1796 qui
567 1744 808 1792 venerunt,
835 1736 952 1780 fures
969 1746 1072 1781 sunt
1096 1746 1140 1780 et
1161 1736 1351 1781 latrones
1366 1738 1401 1762 1⁰
1421 1755 1429 1781 :
1455 1754 1475 1777 »

88 1806 135 1852 id
163 1817 247 1862 est,
283 1808 360 1868 qui
387 1817 602 1852 venerunt
635 1823 711 1852 sua
739 1817 916 1868 sponte,
951 1824 974 1852 a
1007 1823 1076 1851 me
1099 1823 1189 1852 non
1216 1818 1318 1852 sunt
1337 1807 1477 1863 missi,

88 1879 166 1939 qui
191 1887 407 1922 venerunt
427 1879 519 1922 sine
545 1893 615 1922 me
631 1913 642 1933 ‚
676 1877 721 1922 in
742 1878 904 1938 quibus
935 1893 1014 1936 ego
1035 1894 1125 1922 non
1146 1877 1238 1934 fui,
1263 1893 1372 1938 quos
1401 1892 1480 1936 ego

88 1965 179 1994 non
200 1949 437 1993 introduxi.
456 1951 685 2009 Quotquot
706 1964 808 2007 ergo
831 1948 1038 1993 miracula
1060 1948 1174 1993 facta
1193 1958 1296 1992 sunt
1310 1984 1321 2003 ‚
1351 1949 1438 1992 sive
1456 1964 1480 1992 a

88 2018 436 2079 praecedentibus
450 2054 461 2074 ‚
482 2019 570 2063 sive
583 2035 607 2063 a
628 2019 1011 2079 consequentibus,
1036 2020 1151 2063 idem
1168 2020 1259 2079 ipse
1276 2019 1481 2063 Dominus

88 2089 207 2145 iecit,
232 2090 309 2150 qui
325 2089 428 2134 fecit
441 2099 485 2134 et
505 2090 734 2149 praesentia
751 2105 842 2133 sua.
859 2092 948 2134 Nec
970 2090 1026 2134 ad
1046 2090 1137 2150 ipsa
1151 2105 1253 2148 ergo
1272 2089 1481 2134 miracula

88 2161 305 2215 hortatur,
322 2176 422 2220 quae
445 2161 535 2219 ipse
554 2159 656 2204 fecit
678 2169 721 2204 et
735 2169 967 2220 antequam
986 2171 1095 2205 esset
1114 2162 1248 2205 homo
1265 2181 1274 2205 ε
1295 2159 1367 2205 sed
1391 2175 1480 2220 quo

90 2242 132 2277 te
155 2233 381 2276 hortatur?
396 2235 453 2277 Ut
473 2232 649 2276 imiteris
663 2232 784 2292 quod
798 2248 885 2276 non
899 2242 1057 2291 posset,
1074 2233 1155 2276 nisi
1174 2231 1312 2277 factus
1328 2232 1476 2275 homo.

92 2303 292 2348 Tolerare
313 2303 426 2347 enim
450 2303 666 2363 passiones
681 2302 898 2363 numquid
916 2313 1072 2363 posset⁷
1091 2305 1172 2348 nisi
1188 2304 1350 2348 homo?
1368 2302 1481 2347 Mori

91 2382 134 2417 et
155 2373 349 2432 crucifigi
372 2384 415 2418 et
429 2372 648 2418 humiliari
665 2390 755 2418 non
776 2383 936 2433 posset,
959 2375 1040 2418 nisi
1060 2376 1207 2419 homo.
1228 2375 1295 2419 Sic
1313 2389 1416 2431 ergo
1438 2382 1481 2417 et

91 2453 140 2488 tu
156 2443 371 2488 molestias
387 2445 517 2505 hujus
534 2443 681 2488 saeculi
701 2460 803 2489 cum
819 2445 977 2505 pateris
989 2481 1001 2501 ‚
1018 2462 1125 2506 quas
1141 2444 1245 2490 facit
1262 2443 1478 2500 diabolus,

139 2565 148 2580 ¹
163 2560 255 2590 Joan.
270 2569 294 2599 1,
316 2557 343 2590 3.
366 2576 407 2580 —
427 2565 438 2580 ²
460 2558 634 2599 Matih.1v‚
658 2558 712 2591 25.
735 2575 776 2581 --
791 2556 805 2581 3
819 2561 912 2591 Joan.
928 2557 1113 2602 x1‚38-44.
1135 2577 1176 2582 -
1192 2557 1207 2588 4
1225 2559 1269 2591 Id.
1290 2569 1336 2599 ix,
1358 2568 1480 2599 1-7.-

91 2611 107 2636 5
126 2614 239 2645 Matth.
254 2624 299 2654 xi,
318 2622 372 2655 29.
388 2630 431 2636 —
445 2611 460 2635 6
480 2613 559 2645 Psal.
581 2624 670 2653 mm,
697 2613 747 2646 18.
774 2621 839 2647 —7
861 2614 879 2647 3
898 2617 977 2657 Reg.
997 2625 1075 2656 xvn,
1095 2623 1150 2647 22.
1171 2631 1213 2638 -
1229 2613 1245 2637 3
1259 2616 1351 2646 Joan.
1368 2611 1476 2655 11‚43‚

93 2687 132 2692 -
152 2672 253 2703 9Act.
274 2681 308 2710 v,
333 2669 384 2701 15.
402 2686 442 2692 —
467 2676 497 2693 ¹0
515 2672 606 2702 Joan.
623 2681 655 2711 x,
671 2670 704 2701 8.
