1926 3339
473 267 559 308 446
904 281 937 307 s.
971 276 1203 308 Anssusnm
1236 279 1418 307 muscom

469 363 489 386 η
524 345 720 389 restituta
741 345 847 388 est1.
875 360 896 385 »
923 347 1083 389 Totum
1105 344 1160 389 ad
1177 344 1399 390 Christum
1421 356 1689 398 revocemus,
1712 343 1746 386 si
1767 341 1856 388 vo?
1903 336 1908 378 ἒ

464 414 611 459 lumus
633 415 715 459 iter
739 422 867 459 rectae
893 413 1190 471 intelligentiae
1211 423 1358 458 tenere
1390 433 1399 458 ε
1426 428 1516 458 non
1542 412 1796 458 recedamus
1826 428 1851 458 a

465 484 611 544 lapide
633 484 875 543 angulari2,
901 499 956 527 ne
981 483 1224 548 intellectus
1258 494 1404 528 noster
1427 484 1597 527 ruinam
1619 483 1750 527 faciat
1775 502 1784 527 :
1806 483 1852 527 iu

465 554 541 598 illo
558 554 782 609 solidetur,
804 553 926 614 quod
938 552 1129 597 instabili
1151 563 1275 598 motu
1296 554 1482 597 nutabat
1497 575 1508 610 3
1526 554 1573 597 in
1595 552 1672 598 illo
1688 554 1852 597 incum-
1904 581 1907 584 <

466 625 556 679 bat,
591 623 712 684 quod
741 639 818 682 per
846 623 1011 667 incerta
1035 623 1270 682 pendebat.
1308 623 1530 683 Quidquid
1568 622 1853 667 dubitationis
1902 637 1906 672 ς

467 694 602 738 habet
633 696 765 738 homo
795 695 839 738 in
876 693 1020 738 animo
1045 692 1200 737 auditis
1229 693 1459 753 Scripturis
1488 693 1590 748 Dei,
1625 709 1650 737 a
1680 693 1852 739 Christo
1904 691 1907 741 s

469 781 556 809 non
580 766 754 809 recedat
772 786 785 823 ·,
808 780 909 809 cum
927 766 964 809 ei
987 764 1179 809 fueritin
1200 764 1283 808 illis
1304 764 1445 809 verbis
1467 764 1663 809 Christus
1683 763 1855 808 revela-
1906 814 1907 817 Ἴ

470 844 556 891 tus,
577 835 790 893 intelligat
815 851 858 880 se
877 835 1135 880 intellexisse
1160 854 1170 880 ς
1196 845 1430 895 antequam
1454 844 1600 879 autem
1626 834 1854 894 perveniat
1900 837 1904 841 “

469 906 525 951 ad
545 907 705 951 Christi
721 906 1009 962 intellectum,
1035 922 1125 951 non
1141 922 1185 951 se
1201 916 1435 966 praesumat
1452 905 1722 950 intellexisse.
1746 924 1766 948 «
1783 905 1850 949 Fi-

471 995 491 1018 »
527 977 593 1021 nis
613 977 729 1021 enim
745 977 870 1036 Legis
883 977 1079 1022 Christus
1091 986 1154 1021 est
1167 976 1440 1037 adjustitiam
1455 976 1575 1021 omni
1589 975 1848 1021 credenti3.»
1902 994 1905 999 ⁸

469 1047 587 1101 Quid
608 1057 672 1092 est
699 1063 824 1107 ergo,
851 1056 894 1091 et
916 1047 1141 1108 quomodo
1165 1048 1373 1107 accipitur
1394 1048 1440 1091 in
1461 1047 1660 1102 Christo,
1689 1065 1710 1090 «
1740 1048 1854 1092 Cum

472 1135 493 1158 »
528 1126 641 1161 terra
656 1119 746 1177 ejus
768 1118 968 1162 restituta
988 1120 1082 1162 est?
1101 1136 1121 1159 »
1148 1120 1259 1163 Nam
1279 1117 1501 1178 quomodo
1528 1117 1665 1163 David
1687 1115 1852 1161 intelli·
1884 1115 1887 1117 ’

470 1196 595 1245 gatur
614 1188 827 1243 Christus,
851 1187 979 1232 facile
1001 1197 1065 1232 est
1082 1203 1326 1246 agnoscere.
1348 1190 1544 1234 Christus
1562 1190 1680 1233 enim
1701 1204 1752 1232 ex
1766 1189 1860 1232 Ma-
1904 1180 1905 1183 Ἴ

469 1260 546 1314 ria,
572 1269 616 1303 et
642 1275 692 1304 ex
723 1259 886 1304 semine
909 1259 1074 1319 David,
1107 1269 1150 1304 et
1170 1261 1273 1321 quia
1300 1276 1352 1305 ex
1381 1261 1543 1311 semine
1560 1256 1659 1320 'ejus
1681 1259 1858 1304 futurus
1902 1266 1906 1316 ξ

470 1340 584 1387 erat,
629 1340 858 1391 propterea
893 1332 1069 1376 nomine
1106 1333 1197 1392 ejus
1218 1332 1283 1376 'in
1311 1332 1450 1391 figura
1488 1332 1850 1392 prophetabatur.
1887 1344 1905 1392 J

470 1405 586 1462 Ergo
607 1403 743 1449 David
771 1404 968 1449 Christus
1001 1423 1011 1449 ε
1036 1404 1139 1464 quia
1161 1413 1205 1447 et
1231 1403 1530 1464 interpretatio
1554 1402 1692 1449 David
1723 1418 1857 1447 manu
1901 1446 1904 1455 .

470 1472 595 1518 sortis
624 1485 683 1518 est
710 1493 719 1518 :
754 1483 798 1518 et
825 1475 920 1534 quis
951 1484 1041 1519 tam
1069 1489 1203 1518 manu
1225 1473 1348 1519 fortis
1364 1510 1375 1529 ,
1401 1490 1532 1534 quam
1555 1475 1631 1535 qui
1653 1475 1708 1519 de
1730 1488 1860 1519 cruce
1903 1479 1904 1482 ’

472 1544 689 1589 mundum
709 1545 838 1590 vicit?
859 1548 966 1591 Nam
994 1554 1091 1604 post
1113 1545 1471 1590 resurrectionem
1495 1554 1538 1589 et
1565 1545 1859 1590 ascensionem

471 1616 580 1674 ejus,
606 1625 786 1675 accepto
809 1616 972 1675 Spiritu
994 1624 1161 1671 sancto,
1185 1615 1468 1676 loquentibus
1491 1615 1708 1675 Apostolis
1734 1615 1861 1660 variis
1901 1640 1904 1648 v

471 1685 680 1745 linguis4,
714 1696 932 1731 commota
966 1686 1205 1731 multitudo
1241 1702 1393 1731 eorum
1419 1687 1613 1746 ipsorum
1646 1687 1720 1748 qui
1759 1701 1861 1731 eum
1900 1706 1903 1723 -·

472 1758 803 1813 crucifixerant,
829 1757 1058 1802 consilium
1081 1758 1281 1818 quaesivit
1302 1757 1477 1817 salutis,
1504 1759 1685 1819 accepit,
1717 1757 1860 1803 credi-

472 1828 559 1887 dit,
585 1830 787 1888 ignotum
809 1838 898 1884 est,
933 1829 1120 1874 donatus
1155 1839 1219 1874 est
1249 1838 1392 1874 reatus
1417 1829 1638 1889 sanguinis
1665 1829 1858 1885 Christi,
1902 1822 1903 1825 ¹

471 1898 716 1959 impertitus
744 1908 807 1943 est
839 1908 969 1959 potus
999 1899 1217 1958 sanguinis
1249 1900 1431 1958 Christi,
1457 1899 1559 1944 facti
1585 1909 1688 1962 sunt
1708 1898 1861 1944 fideles
1911 1936 1913 1939 .

472 1971 581 2029 ejus,
616 1971 740 2030 cujus
772 1969 946 2014 fuerant
977 1980 1298 2030 persecutores,
1339 1969 1619 2015 crediderunt
1652 1971 1700 2015 in
1737 1985 1857 2026 eum,
1898 1995 1902 1999 >

471 2056 604 2101 quem
626 2042 956 2097 crucifixerunt,
982 2050 1026 2086 et
1047 2051 1147 2086 ante
1169 2057 1300 2102 quem
1326 2041 1582 2087 insultantes
1607 2050 1738 2102 caput
1760 2041 1854 2101 agi-
1899 2061 1902 2066 ’

471 2114 716 2168 taverunt⁵‚
742 2128 842 2156 eum
873 2112 1016 2172 ipsum
1038 2122 1170 2173 caput
1199 2112 1360 2156 habere
1387 2112 1636 2157 voluerunt.
1665 2115 1731 2156 Ita
1752 2126 1857 2171 ergo
1899 2113 1902 2119 “

477 2201 497 2224 ι(
531 2183 746 2227 Restituta
773 2192 837 2228 est
866 2192 979 2227 terra
1003 2183 1114 2243 ejus,
1154 2201 1174 2224 »
1195 2184 1317 2243 quod
1339 2183 1471 2226 habet
1499 2181 1652 2227 titulus
1677 2181 1855 2227 Psalmi.

474 2255 603 2297 Terra
620 2253 735 2297 enim
758 2254 848 2313 ejus
871 2256 895 2298 J
900 2253 1026 2297 udaea
1044 2272 1053 2298 :
1074 2262 1118 2297 et
1133 2253 1318 2313 perierat
1335 2254 1474 2297 omnis
1491 2255 1516 2297 J
1520 2252 1660 2308 udaea,
1676 2251 1858 2314 quando
1898 2251 1899 2254 ’

471 2324 779 2368 crucifixerunt
801 2324 1035 2385 Dominum
1057 2339 1185 2368 suum
1203 2359 1213 2379 ,
1239 2324 1486 2382 ignorantes
1510 2324 1753 2384 phrenetici
1775 2338 1857 2367 sae-
1895 2361 1900 2382 ⁴,

470 2394 634 2439 vientes
654 2394 700 2437 in
722 2393 958 2450 Medicum,
987 2403 1031 2438 et
1051 2394 1233 2439 salutem
1247 2395 1415 2440 insania
1437 2394 1712 2455 repellentes.
1741 2397 1858 2439 Tan-

470 2480 604 2525 quam
633 2479 734 2523 ergo
755 2464 942 2524 perierat
963 2467 987 2509 J
992 2463 1117 2509 udaea
1140 2474 1232 2509 tota
1264 2484 1273 2510 :
1303 2481 1436 2526 quam
1463 2467 1581 2510 tota?
1617 2465 1705 2525 Ipsi
1726 2464 1859 2510 etiam

519 2568 529 2584 ¹
551 2560 632 2593 Psal.
651 2571 738 2603 xcvi,
767 2572 795 2593 1.
821 2578 864 2583 —
883 2568 896 2584 ²
914 2560 1030 2604 Ephes.
1046 2571 1081 2603 11,
1102 2569 1156 2595 20.
1180 2578 1222 2584 —
1242 2559 1256 2585 3
1274 2563 1366 2595 Rom.
1388 2572 1422 2604 x,
1445 2559 1477 2604 4.
1503 2578 1545 2585 —
1569 2559 1587 2591 4
1603 2563 1678 2595 Act.
1697 2572 1733 2605 11,
1752 2559 1786 2604 4,
1802 2561 1856 2603 37.
1893 2610 1897 2614 δ

473 2633 515 2640 -
529 2614 544 2640 ⁵
557 2615 671 2650 Matth.
691 2627 790 2658 xxvu,
813 2615 866 2658 39.
