1926 3339
437 278 677 306 ENARRATLO
710 281 753 306 nv
789 280 987 307 PsALMUM
1027 284 1107 308 xci.
1381 278 1464 316 385

10 375 13 395 ἢ
78 351 278 386 numerat
292 344 433 386 Deus?
447 352 522 387 aut
542 343 656 403 ipsos
673 344 869 389 homines
884 348 1112 390 numerat?
1127 347 1282 392 Infelix
1304 351 1434 397 homo
1451 354 1460 397 l

10 412 11 417 ’
78 421 128 456 ut
148 427 258 457 esses
275 413 441 458 curavit
463 432 472 459 :
499 423 549 458 ut
577 414 687 458 bene
708 415 825 460 vivas
856 431 944 460 non
967 419 1122 460 curat?
1150 420 1337 463 Istorum
1364 437 1466 480 ergo

78 483 158 527 ista
173 499 257 528 vox
278 494 355 529 est.
386 504 406 527 «
431 487 487 529 Et
509 484 713 531 dixerunt
732 505 741 531 :
767 489 865 533 Non
886 487 1052 533 videbit
1075 488 1306 546 Dominus,
1326 507 1469 553 neque

81 572 102 596 »
137 554 351 615 intelliget
372 559 486 601 Deus
508 558 660 602 Jacob.
686 576 707 599 »

136 628 239 670 XII.
275 646 293 669 α
322 627 556 686 Intelligite
577 645 696 674 nunc
718 629 794 690 qui
815 630 1066 690 insipientes
1091 631 1188 676 estis
1209 632 1255 676 in
1275 633 1441 694 populo
1455 670 1467 691 ‚

83 716 102 738 »
137 705 181 740 et
193 696 315 741 stulti
332 697 568 758 aliquando
590 700 767 759 sapite1.
788 719 807 741 »
834 701 1054 760 Populum
1071 717 1198 746 suum
1221 704 1381 760 erudit,
1397 705 1472 749 cui

78 777 261 828 possunt
281 772 546 815 commoveri
569 771 700 831 pedes
715 807 726 827 ,
751 772 929 832 quando
963 771 1190 818 felicitates
1218 775 1471 836 iniquorum

77 838 196 884 videt
211 840 342 886 homo
362 876 372 896 ‚
392 842 484 902 jam
511 841 624 886 hene
646 842 794 886 vivens
817 843 862 886 in
885 858 1070 888 numero
1090 854 1339 889 sanctorum
1364 848 1468 903 Dei,

77 909 123 954 id
154 921 244 967 est,
279 913 324 956 in
355 928 538 957 numero
561 913 751 957 filiorum
772 913 976 957 Ecclesiae
999 934 1010 971 3
1044 913 1165 958 videt
1185 916 1289 975 quia
1311 917 1471 962 florent

77 983 198 1038 mali,
216 993 260 1027 et
280 982 446 1028 faciunt
466 983 741 1044 iniquitatem
755 1019 765 1039 ,
782 993 826 1028 et
847 983 1079 1028 aemulatur
1099 1000 1192 1040 eos,
1219 995 1262 1030 et
1285 986 1472 1032 adduci-

79 1065 150 1106 tur
167 1063 217 1099 ut
233 1054 427 1098 imitetur
450 1053 564 1099 facta
588 1055 782 1114 ipsorum
802 1075 813 1112 3
837 1055 940 1115 quia
959 1054 1078 1099 videt
1100 1056 1221 1116 quasi
1255 1057 1366 1101 nihil
1389 1058 1474 1103 sihi

77 1126 282 1186 prodesse
304 1124 424 1185 quod
446 1125 557 1169 bene
579 1125 697 1170 vivat
718 1125 911 1181 humilis,
927 1126 998 1170 hic
1014 1142 1188 1186 sperans
1206 1128 1468 1173 mercedem.

77 1200 187 1242 Nam
203 1196 238 1241 si
261 1195 379 1240 illam
403 1205 546 1255 speret
566 1196 776 1251 futuram,
797 1211 888 1241 non
909 1195 1027 1240 illam
1050 1196 1209 1256 perdit,
1235 1198 1339 1258 quia
1360 1215 1475 1244 non-

77 1266 185 1312 dum
206 1266 323 1311 venit
341 1276 512 1326 tempus
538 1276 588 1310 ut
611 1266 795 1327 accipiat
816 1282 926 1311 eam.
951 1269 1003 1311 In
1024 1267 1148 1312 vinea
1170 1269 1377 1327 operaris,
1402 1270 1472 1315 fac

81 1353 190 1398 opus
212 1347 337 1383 tuum
354 1373 364 1393 ,
390 1347 434 1382 et
462 1337 643 1397 accipies
665 1336 910 1382 mercedem
940 1346 1076 1381 tuam.
1102 1341 1140 1381 Α
1166 1338 1474 1397 patrefamilias

80 1425 171 1455 non
197 1409 381 1467 exigeres
410 1418 647 1469 antequam
674 1408 910 1468 operareris
925 1443 936 1463 ,
968 1418 1011 1452 et
1032 1424 1056 1452 a
1078 1411 1170 1452 Deo
1192 1409 1323 1469 exigis
1345 1420 1472 1455 ante-

81 1496 214 1542 quam
237 1479 456 1540 opereris?
479 1482 534 1524 Et
556 1480 637 1524 ista
658 1479 888 1524 tolerantia
910 1479 965 1522 ad
985 1494 1094 1538 opus
1118 1488 1244 1523 tuum
1269 1482 1472 1540 pertinet,

82 1562 125 1597 et
142 1553 225 1596 hoc
245 1552 300 1596 ad
326 1550 571 1595 mercedem
606 1551 809 1610 pertinet.
834 1550 981 1595 Minus
1010 1551 1070 1594 vis
1094 1548 1236 1594 facere
1255 1552 1300 1595 in
1324 1552 1473 1609 vinea,

81 1623 159 1684 qui
179 1638 269 1666 non
285 1622 347 1666 vis
370 1620 553 1666 tolerare
572 1622 698 1681 :quia
712 1622 857 1680 etipsa
880 1620 1108 1664 tolerantia
1131 1621 1186 1664 ad
1209 1622 1344 1681 ipsam
1369 1639 1477 1682 ope-

81 1693 295 1738 rationem
315 1692 532 1752 pertinet,
558 1701 609 1735 ut
629 1692 823 1735 invenias
851 1691 1113 1735 mercedem.
1139 1692 1269 1745 Quod
1290 1694 1324 1737 si
1347 1694 1475 1739 dolo-

81 1780 151 1808 sus
173 1779 239 1819 es,
264 1762 362 1807 vide
386 1778 440 1807 ne
463 1779 553 1808 non
568 1762 711 1806 solum
733 1778 823 1806 non
840 1761 1022 1820 accipias
1045 1762 1308 1817 mercedem,
1335 1764 1412 1807 sed
1433 1773 1478 1809 et

82 1850 261 1895 poenam
284 1834 477 1879 invenias
497 1855 507 1891 3
532 1833 634 1893 quia
657 1831 830 1877 voluisti
853 1848 942 1876 esse
960 1833 1181 1891 operarius
1203 1832 1394 1878 dolosus.
1419 1837 1478 1880 Et

82 1906 262 1967 quidem
295 1905 517 1964 operarius
549 1902 725 1947 dolosus
755 1912 804 1947 ut
834 1903 1014 1962 incipias
1037 1919 1127 1947 non
1166 1903 1280 1947 bene
1302 1904 1474 1961 facere,

84 1977 234 2022 oculos
266 1974 584 2037 patrisfamilias
606 1975 793 2019 attendit
811 2010 822 2030 ,
860 1975 915 2019 ad
936 1973 1061 2018 illum
1086 1975 1239 2034 aspicit
1269 1976 1345 2035 qui
1367 1993 1490 2021 con—-

82 2048 208 2093 duxit
221 2047 277 2092 ad
296 2047 484 2102 vineam,
516 2055 566 2090 ut
587 2062 688 2090 cum
710 2045 782 2090 ille
811 2046 1013 2090 averterit
1047 2045 1210 2098 oculos,
1242 2056 1377 2091 cesset
1395 2083 1405 2102 ‚
1432 2056 1478 2092 et

84 2135 174 2163 non
203 2119 316 2162 bene
344 2126 549 2178 operetur
570 2138 580 2174 3
603 2132 701 2161 cum
725 2126 871 2160 autem
899 2115 973 2160 ille
1005 2116 1269 2160 converterit
1295 2117 1473 2174 oculos,

84 2190 198 2235 bene
216 2199 434 2250 operetur.
466 2193 580 2234 Deus
607 2198 749 2234 autem
782 2188 859 2249 qui
888 2197 930 2232 te
953 2186 1184 2243 conduxit,
1206 2204 1296 2232 non
1325 2190 1480 2234 avertit

86 2260 235 2306 oculos
249 2281 259 2318 3
275 2276 365 2304 non
390 2260 470 2304 tibi
490 2259 592 2304 licet
614 2259 763 2304 dolose
781 2260 949 2319 operari
969 2278 976 2303 ;
993 2274 1121 2318 super
1140 2267 1182 2302 te
1196 2274 1365 2319 semper
1377 2269 1480 2305 sunt

86 2330 203 2375 oculi
231 2329 578 2391 patrisfamilias3
605 2331 742 2390 quaeri
774 2330 852 2373 ubi
885 2328 1011 2373 illum
1044 2328 1199 2384 fallas,
1237 2339 1280 2373 et
1309 2345 1425 2374 cessa
1446 2330 1482 2375 si

86 2411 224 2462 potes.
245 2405 362 2462 Ergo
381 2402 414 2446 si
436 2402 512 2462 qui
539 2400 651 2446 forte
675 2402 843 2462 aliquid
862 2400 1116 2459 cogitabatis
1132 2435 1142 2455 ,
1162 2401 1340 2461 quando
1356 2401 1482 2447 vide-

88 2473 200 2517 batis
222 2472 360 2517 malos
382 2473 561 2527 florere,
593 2482 636 2516 et
659 2472 941 2531 cogitationes
961 2480 1116 2516 vestrae
1139 2469 1361 2516 faciebant
1393 2489 1480 2517 nu-

88 2552 181 2588 tare
201 2542 334 2604 pedes
354 2552 518 2588 vestros
534 2544 577 2588 in
594 2543 662 2588 via
679 2543 753 2588 Dei
773 2564 783 2601 3
803 2542 925 2588 vobis
941 2542 1138 2603 loquitur
1157 2541 1351 2587 Psalmus
1375 2543 1478 2590 iste:

141 2637 148 2653 ¹
171 2629 254 2661 Psal.
276 2640 366 2671 me,
386 2629 417 2661 8.

189 2694 215 2721 ο
231 2695 264 2724 x
279 2687 306 2717 ⁴.
321 2694 367 2723 11.
1166 2681 1215 2719 25
