1926 3339
403 317 643 346 munim-no
676 319 721 346 IN
754 317 957 346 PsALMUM
991 321 1073 347 xci.
1349 311 1431 350 335

46 382 216 427 nullum
239 382 358 428 aliud
379 383 597 427 canticum
622 398 699 427 nos
722 382 850 428 docet
872 387 1002 439 Deus,
1030 384 1111 428 nisi
1133 384 1250 439 fidei,
1281 387 1370 445 spei
1390 397 1435 431 et

45 453 265 498 charitatis
286 472 295 498 :
322 462 371 497 ut
393 453 499 497 fides
521 462 667 498 nostra
694 454 819 499 firma
842 453 895 498 sit
915 454 961 498 in
983 455 1099 515 ipso,
1124 455 1321 515 quandiu
1344 472 1434 500 non

43 523 168 568 illum
190 523 387 568 videmus
404 559 414 578 ,
438 523 663 568 credentes
687 524 733 568 in
751 540 850 569 eum
873 541 1005 586 quem
1028 540 1118 570 non
1138 525 1360 581 videmus,
1385 535 1437 570 ut

48 593 310 653 gaudeamus
337 609 438 638 cum
461 593 722 650 viderimus,
746 605 790 639 et
813 594 915 639 fidei
937 604 1095 640 nostrae
1113 595 1317 640 succedat
1339 611 1439 656 spe-

47 665 130 709 cies
150 663 259 708 lueis
285 665 376 725 ejus
396 699 406 718 ,
429 664 504 707 ubi
531 665 621 725 jam
653 681 743 710 non
775 665 902 710 nobis
925 665 1116 711 dicetur:
1153 665 1295 712 Crede
1317 665 1438 727 quod

47 750 136 779 non
161 735 303 790 vides,
329 736 402 779 sed
419 771 429 789 ,
456 735 607 780 Gaude
634 736 738 796 quia
755 736 890 780 vides.
918 739 1023 796 Spes
1049 737 1179 781 etiam
1201 747 1348 782 nostra
1365 737 1437 781 in-

47 805 371 851 commutabilis
392 806 468 858 sit,
504 815 546 849 et
567 806 724 865 figatur
753 807 798 850 in
820 805 920 861 illo,
946 816 990 850 et
1011 823 1100 851 non
1123 816 1251 851 nutet
1273 816 1315 851 et
1332 807 1440 852 ssuc-

47 886 142 921 tuet
161 912 172 931 ,
204 892 294 920 non
317 877 505 936 agitetur
531 895 541 921 ι
566 877 677 921 sicut
704 876 793 936 ipse
817 880 931 921 Deus
957 877 1002 920 in
1028 893 1118 938 quo
1152 877 1322 936 figitur,
1348 893 1439 922 non

46 956 187 1008 potest
208 948 375 1007 agitari.
404 950 507 1008 Spes
529 948 644 991 enim
677 946 810 992 modo
835 956 1043 999 vocatur3
1069 957 1172 992 tunc
1201 963 1290 991 non
1313 963 1408 1007 spes
1424 983 1436 1003 ,

47 1017 121 1062 sed
139 1034 203 1061 res
229 1018 323 1061 er‘it.
352 1017 522 1061 Tandiu
546 1017 661 1061 enim
689 1027 866 1061 vocatur
897 1033 1014 1078 spes,
1040 1017 1237 1078 quandiu
1263 1033 1353 1062 non
1373 1019 1440 1062 vi-

47 1087 175 1132 detur
205 1087 326 1147 quod
358 1096 581 1146 speratur,
618 1086 792 1131 dicente
814 1087 1025 1147 Apostolo
1055 1107 1065 1133 ε
1102 1108 1123 1130 «
1153 1090 1257 1148 Spes
1291 1097 1437 1132 autem

50 1177 71 1200 »
106 1175 204 1219 quae
226 1157 416 1212 videtur,
443 1174 532 1202 non
554 1168 618 1202 cst
640 1174 748 1218 spes.
776 1158 905 1212 Quod
923 1159 1040 1203 enim
1063 1159 1182 1204 videt
1203 1159 1316 1220 quis,
1332 1158 1441 1219 quid

52 1248 71 1270 »
106 1231 281 1288 sperat?
305 1229 348 1274 Si
365 1238 510 1273 autem
529 1228 649 1289 quod
673 1245 762 1274 non
785 1229 983 1274 videmus
1006 1246 1243 1290 speramus,
1270 1246 1346 1290 per
1363 1246 1441 1290 pa·

51 1318 71 1342 »
106 1299 301 1343 tientiam
325 1302 644 1359 expectamu31.
665 1299 835 1344 »Modo
853 1301 1179 1360 ergoipatientia
1203 1301 1440 1346 necessaria

49 1381 112 1415 est
132 1407 147 1426 ,
181 1370 379 1431 quandiu
410 1371 555 1415 veniat
585 1370 705 1431 quod
740 1371 999 1430 promissum
1024 1380 1102 1415 est.
1129 1374 1266 1416 Nemo
1290 1381 1437 1415 autem

49 1442 215 1502 patiens
237 1451 299 1486 est
327 1443 371 1485 in
390 1441 531 1485 bonis.
557 1441 744 1495 Quando
767 1442 954 1501 exigitur
981 1442 1036 1486 de
1063 1443 1241 1486 homine
1264 1443 1437 1502 patien-

48 1513 105 1557 tia
121 1548 131 1567 ,
152 1513 197 1556 in
219 1512 342 1556 malis
364 1512 466 1570 agit.
493 1511 680 1565 Quando
702 1511 862 1556 dicitur
889 1531 897 1557 :
924 1512 1096 1556 Patiens
1123 1521 1217 1557 esto
1231 1548 1242 1568 ,
1270 1512 1409 1557 tolera
1424 1547 1436 1569 ,

48 1584 211 1628 sustine
237 1604 246 1629 :
272 1583 468 1627 molestia
490 1593 578 1638 est,
606 1583 686 1627 sub
709 1599 796 1644 qua
818 1592 860 1627 te
882 1586 997 1628 Deus
1018 1584 1114 1628 vult
1135 1600 1226 1628 esse
1249 1584 1408 1630 fortem
1425 1619 1438 1640 ,

48 1655 321 1709 tolerantem,
349 1653 667 1713 longanimem,
689 1654 941 1714 patientem.
971 1654 1055 1700 Sed
1077 1655 1296 1716 numquid
1317 1655 1439 1700 deci-

48 1727 111 1786 pit
128 1726 204 1786 qui
225 1725 657 1785 promisit?Medicus
672 1726 808 1769 exerit
826 1725 988 1769 ferrum
1005 1725 1060 1771 ad
1082 1724 1318 1770 secandum
1336 1725 1438 1772 vul-

49 1812 150 1840 nera
167 1831 178 1851 ,
195 1805 237 1840 et
256 1795 363 1840 dicit
380 1796 419 1839 ei
440 1811 572 1855 quem
595 1805 790 1840 secturus
808 1805 901 1840 est-z
923 1796 1094 1840 Patiens
1116 1805 1223 1851 esto,
1249 1797 1435 1853 sustine,

49 1866 185 1912 tolera
213 1886 221 1910 :
254 1866 300 1910 in
335 1865 559 1910 doloribus
592 1866 722 1925 exigit
744 1866 1020 1926 patientiam,
1047 1866 1123 1910 sed
1143 1876 1241 1926 post
1267 1866 1439 1922 dolores

50 1937 263 1997 promittit
287 1935 486 1980 salutem.
504 1939 561 1981 Et
584 1935 656 1980 ille
676 1937 752 1997 qui
775 1936 930 1981 tolerat
947 1936 1118 1981 dolores
1139 1939 1185 1982 in
1208 1936 1322 1982 ferro
1345 1953 1441 1982 me-

47 2007 129 2053 dici
144 2044 157 2063 ,
178 2008 258 2052 nisi
277 2007 357 2052 sibi
378 2017 595 2067 proponat
615 2008 843 2052 sanitatem
860 2043 870 2061 ,
895 2023 1028 2068 quam
1056 2008 1255 2052 nondum
1277 2009 1436 2065 habet,

48 2078 194 2123 deficit
214 2079 261 2122 in
287 2077 438 2123 dolore
460 2093 593 2138 quem
618 2078 792 2137 patitur.
821 2077 961 2123 Multa
987 2094 1089 2138 ergo
1118 2078 1229 2123 mala
1254 2089 1356 2123 sunt
1387 2079 1435 2123 in

46 2150 127 2195 isto
148 2149 330 2205 saeculo,
357 2149 474 2193 intus
491 2185 501 2204 ,
525 2148 627 2193 foris
647 2184 657 2204 ,
678 2164 853 2208 prorsus
876 2165 965 2195 non
983 2159 1184 2205 cessant,
1211 2150 1441 2195 abundant

46 2220 247 2266 scandala
280 2240 289 2266 ε
315 2236 444 2265 nemo
480 2220 553 2265 illa
580 2221 737 2275 sentit,
771 2221 852 2265 nisi
874 2221 950 2282 qui
974 2222 1170 2280 graditur
1192 2223 1305 2266 viam
1340 2222 1436 2266 Dei.

46 2293 98 2337 Ei
116 2292 272 2336 dicitur
290 2292 335 2335 in
352 2291 557 2336 omnibus
580 2290 738 2335 divinis
756 2292 924 2351 paginis
943 2301 992 2336 ut
1014 2292 1169 2337 toleret
1191 2293 1436 2352 praesentia,

49 2372 190 2424 speret
211 2361 376 2418 futura,
397 2371 511 2406 amet
529 2377 661 2422 quem
684 2378 774 2406 non
795 2361 928 2417 videt,
955 2372 1005 2406 ut
1026 2363 1316 2423 amplectatur
1336 2379 1440 2407 cum

47 2435 218 2480 viderit.
251 2435 447 2480 Charitas
481 2434 619 2488 enim,
655 2450 754 2494 quae
778 2434 903 2478 tertia
935 2434 1061 2478 nobis
1095 2435 1349 2494 adjungitur
1383 2433 1439 2479 ad

49 2505 180 2551 fidem
200 2516 244 2550 et
263 2522 400 2566 spem,
416 2506 552 2566 major
575 2514 637 2549 est
652 2521 781 2565 supra
799 2504 930 2549 fidem
951 2515 995 2549 et
1013 2521 1133 2565 spem
1147 2509 1164 2532 ‘²
1180 2525 1189 2550 ;
1205 2507 1309 2567 quia
1330 2507 1439 2552 fides

51 2593 196 2623 rerum
227 2587 291 2622 est
324 2593 424 2639 quae
454 2593 545 2622 non
579 2576 806 2636 videntur3
832 2577 913 2621 erit
951 2586 1096 2622 autem
1119 2578 1304 2639 species,
1332 2595 1435 2624 cum

99 2666 109 2686 i
129 2665 222 2696 Rom.
239 2673 314 2705 vm,
331 2662 388 2705 24,
411 2662 466 2695 25.
486 2678 528 2685 —
548 2668 562 2685 ²
579 2673 593 2694 ι
614 2662 688 2695 Cor.
708 2672 775 2704 xm,
795 2660 835 2694 13
849 2687 856 2693 .
