1926 3339
0 334 1 370 l
351 342 593 371 ENARRATIO
624 346 668 371 IN
701 343 905 371 PsALMUM
937 345 1107 372 Lxxxix.
1326 340 1405 377 291

0 451 1 466 1
28 408 197 453 labores
224 408 389 453 invenit
416 417 460 453 et
486 408 671 453 dolores.
707 411 853 452 Potest
879 417 922 451 et
950 409 1008 452 sic
1039 409 1223 468 intelligi
1258 430 1267 455 ε
1303 413 1414 464 Quia

0 483 1 490 ’
28 477 128 524 licet
148 479 195 522 in
223 481 345 524 Novo
378 481 652 523 Testamento
671 477 895 523 constituti
916 478 1047 523 simus
1061 514 1072 533 ,
1098 479 1218 539 quod
1236 490 1413 539 octoge-

0 546 1 582 i
28 549 170 594 narius
191 549 404 607 significat
426 564 636 593 numerus
652 584 663 604 ,
689 547 874 608 amplius
896 549 1029 593 habet
1045 550 1140 594 haec
1166 550 1252 595 vita
1270 561 1416 596 nostra

0 631 1 671 ἦ
27 618 222 664 laborem
239 628 281 663 et
296 618 509 675 dolorem,
539 618 645 664 dum
667 620 712 663 in
733 620 1053 680 nobismetipsis
1072 621 1410 680 ingemiscimus,

28 688 306 749 adoptionem
344 699 617 750 expectantes
646 690 990 751 redemptionem
1024 694 1214 752 corporis
1257 693 1411 737 nostri.

31 777 52 802 «
87 762 171 820 Spe
183 761 299 805 enim
320 760 425 805 salvi
446 759 548 805 facti
570 777 718 806 sumus
737 780 745 806 :
771 771 814 806 et
835 762 956 823 quod
972 762 1172 807 nondum
1193 763 1409 818 videmus,

0 831 2 881 l
30 849 52 874 »
84 847 162 892 per
178 833 433 892 patientiam
452 842 728 893 expectamus
742 835 803 876 ¹.»
821 836 879 878 Et
900 835 983 879 hoc
1006 833 1060 878 ad
1077 834 1413 879 misericordiam

0 907 1 910 ’
25 903 104 948 Dei
124 903 313 962 pertinet
338 921 348 948 ε
372 903 492 947 unde
513 904 723 964 sequitur,
752 912 796 947 et
816 903 950 959 dicit,
980 923 1000 946 ‹<
1025 905 1244 965 Quoniam
1261 920 1415 964 super-

29 989 52 1015 »
83 974 203 1017 venit
224 988 354 1032 super
385 988 464 1017 nos
487 974 803 1027 mansuetudo,
834 982 876 1017 et
902 974 1203 1033 corripiemur.
1232 993 1253 1015 >›
1279 979 1416 1027 Quem

0 1050 1 1053 ’
30 1059 52 1085 »
85 1042 200 1086 enim
217 1042 358 1102 diligit
380 1044 604 1098 Dominus,
628 1044 808 1103 corripit
826 1065 837 1101 3
853 1043 1047 1102 flagellat
1068 1055 1216 1089 autem
1240 1060 1417 1090 omnem

0 1113 2 1137 l
30 1132 51 1156 »
85 1113 246 1170 filium,
272 1130 403 1175 quem
432 1114 616 1174 recipit²
642 1134 651 1160 ε
674 1134 694 1156 n
722 1124 765 1159 ct
781 1115 857 1159 dat
885 1117 1014 1160 etiam
1043 1117 1209 1175 magnis
1231 1117 1418 1178 quibus-

0 1183 1 1187 ’
28 1184 129 1229 dam
141 1185 367 1229 stimulum
382 1186 537 1240 carnis,
564 1201 587 1229 a
607 1201 697 1246 quo
719 1185 1064 1246 colaphizentur,
1084 1203 1141 1231 ne
1154 1187 1421 1232 extollantur

0 1256 1 1290 ἶ
26 1255 72 1300 in
91 1256 395 1314 magnitudine
416 1255 731 1300 revelationum
755 1272 931 1301 suarum
948 1293 963 1313 ,
989 1266 1038 1301 ut
1058 1258 1194 1303 virtus
1220 1259 1268 1302 in
1290 1258 1418 1301 infir-

0 1328 1 1382 }
27 1328 176 1371 mitate
206 1328 502 1387 perficiatur3.
534 1327 722 1381 Quidam
760 1343 862 1372 sane
895 1328 1065 1373 codices
1100 1345 1188 1374 non
1219 1331 1415 1386 habent,

0 1426 1 1429 =
32 1417 53 1442 «
84 1399 392 1459 corripiemur3
419 1417 440 1440 »
465 1398 541 1443 sed
557 1435 567 1454 ,
597 1418 617 1441 «
641 1398 891 1443 erudiemur
907 1435 917 1455 ,
950 1418 970 1440 »
1000 1401 1121 1460 quod
1144 1401 1199 1445 ad
1222 1401 1421 1449 eamdem

26 1470 408 1515 mansuetudinem
425 1480 667 1515 revocatur.
692 1473 791 1516 Non
813 1472 928 1515 enim
946 1481 1089 1531 potest
1111 1473 1272 1516 erudiri
1293 1476 1417 1535 quis-

0 1555 1 1601 ,
27 1557 158 1602 quam
179 1542 271 1586 sine
295 1540 446 1586 labore
475 1551 520 1586 et
553 1540 704 1586 dolore
727 1561 735 1586 :
762 1560 781 1584 «
807 1541 919 1595 Quia
945 1543 1083 1587 virtus
1105 1543 1150 1588 in
1167 1544 1420 1591 infirmitate

0 1614 1 1643 ἓ
29 1630 50 1654 »
84 1612 322 1676 perficitur.
349 1632 367 1653 »

83 1685 164 1728 XI.
190 1701 210 1725 «
234 1682 340 1736 Quis
358 1683 479 1727 novit
494 1690 754 1742 potestatem
768 1683 843 1726 irae
858 1692 963 1739 tuae,
985 1693 1028 1727 et
1053 1699 1140 1743 prae
1163 1685 1319 1730 timore
1341 1696 1420 1733 tuo

32 1772 52 1796 »ι
83 1755 192 1798 iram
214 1762 333 1798 tuam
355 1753 687 1798 dinumerare4?
711 1772 731 1795 »
754 1753 893 1798 Valde
925 1770 1164 1814 paucorum
1188 1757 1419 1803 hominum

29 1834 107 1881 cst,
127 1825 287 1886 inquit,
311 1840 436 1869 nosse
461 1825 547 1868 irae-
567 1834 653 1869 tuae
672 1833 932 1884 potestatem
959 1845 968 1869 ε
995 1827 1097 1886 quia
1119 1826 1337 1888 plerisque
1359 1830 1419 1874 ita

30 1897 162 1955 magis
184 1912 284 1941 cum
305 1896 441 1956 parcis
462 1896 671 1950 irasceris,
698 1905 750 1940 ut
771 1911 861 1940 non
881 1895 936 1940 ad
956 1896 1080 1952 iram,
1106 1897 1181 1941 sed
1203 1900 1347 1957 potius
1365 1900 1420 1945 ad

29 1966 405 2012 mansuetudinem
418 1976 540 2011 tuam
556 1967 773 2026 pertinere
790 1965 1059 2026 intelligatur
1072 1966 1197 2012 labor
1214 1979 1258 2013 et
1276 1970 1416 2027 dolor,

30 2055 118 2100 quo
134 2039 311 2099 corripis
337 2038 572 2099 erudisque
589 2053 698 2098 quos
730 2037 871 2096 diligis
888 2073 898 2092 ,
924 2053 980 2081 ne
1001 2039 1143 2097 poenis
1165 2042 1420 2087 excrucien-

30 2118 102 2155 tur
122 2110 307 2154 aeternis.
337 2109 457 2154 Sicut
473 2108 590 2152 enim
606 2108 764 2166 legitur
784 2108 831 2152 in
853 2107 936 2153 alio
960 2108 1132 2153 Psalmo
1148 2145 1159 2165 ‚
1189 2130 1205 2151 «
1230 2112 1420 2157 Irritavit

33 2199 54 2223 »
83 2181 322 2226 Dominum
346 2189 574 2240 peccator,
607 2195 686 2240 pro
707 2180 1008 2238 magnitudine
1028 2180 1104 2224 irae
1127 2197 1215 2225 suae
1234 2198 1324 2228 non
1346 2200 1415 2228 ex·

32 2269 54 2293 >2
87 2251 271 2312 quiret5.
328 2250 435 2304 Quis
479 2266 582 2310 ergo
634 2250 778 2305 novit,
827 2249 871 2294 id
922 2259 985 2294 est
1000 2286 1011 2305 ,
1067 2254 1416 2314 quotusquisque

33 2338 56 2363 »
85 2321 299 2381 reperitur
314 2320 391 2381 qui
404 2321 572 2365 noverit
592 2329 853 2380 potestatem
869 2320 944 2364 irae
966 2330 1070 2375 tuae,
1091 2331 1135 2365 et
1148 2338 1239 2382 prae
1262 2325 1419 2369 timore

35 2410 55 2433 »
88 2401 166 2438 tuo
195 2393 305 2437 iram
337 2400 458 2436 tuam
490 2391 794 2436 dinumerare?
818 2410 838 2433 »
867 2392 1012 2437 Etiam
1038 2393 1110 2437 hic
1138 2393 1415 2452 subauditur,

32 2463 128 2522 quis
160 2463 296 2508 novit.
327 2466 469 2517 Quam
490 2461 669 2506 difficile
692 2462 914 2506 invenitur
935 2464 1012 2523 qui
1041 2464 1212 2509 noverit
1247 2465 1308 2510 ita
1331 2482 1420 2526 prae

32 2534 187 2579 timore
202 2543 280 2578 tuo
296 2533 571 2578 dinumerare
591 2534 698 2577 iram
718 2542 855 2588 tuam,
875 2542 925 2577 ut
946 2533 1076 2577 etiam
1097 2535 1180 2579 hoc
1204 2535 1350 2592 addat,
1377 2547 1420 2581 et

82 2637 91 2653 ¹
111 2632 203 2662 Rom.
225 2640 272 2669 ix,
289 2629 399 2661 23—25.
420 2635 486 2651 —2
505 2628 603 2661 Hebr.
623 2639 677 2669 xii,
693 2628 725 2659 6.
743 2645 785 2651 -ὴ
808 2627 820 2651 3
835 2637 854 2660 2
874 2630 944 2660 Cor.
966 2640 1022 2669 511,
1045 2640 1075 2671 ς.
1097 2647 1138 2652 —
1154 2620 1169 2651 4
1189 2632 1266 2662 psal.
1288 2643 1419 2673 mxxix,

40 2697 92 2727 11,
113 2694 164 2718 12.
186 2702 227 2707 —
245 2683 318 2716 ⁵1d.
342 2696 375 2724 x,
394 2683 427 2726 4.

1224 2740 1284 2778 19.
