1926 3339
457 344 540 381 370
896 346 927 374 S·
965 344 1192 373 Aucus'rffll
1226 343 1405 370 EP15COP1

450 416 659 479 loquendi
691 412 1015 460 Ecclesiasticus
1046 408 1257 470 procedit.
1299 409 1462 450 Tamen
1496 404 1528 446 si
1564 416 1695 462 quem
1725 390 1837 443 forte

453 485 723 534 consuetudo
742 483 914 529 traxerit
930 518 940 538 ,
966 491 1014 526 ut
1038 480 1148 525 illud
1169 486 1291 523 exeat
1313 492 1363 521 ex
1386 490 1460 520 ore
1481 471 1602 534 quod
1622 470 1840 530 improbat

453 559 604 614 corde,
630 555 845 615 intelligat
873 554 969 598 illos
987 567 1157 606 omnes,
1189 550 1244 594 de
1273 562 1463 609 quorum
1493 543 1741 589 nominibus
1764 556 1841 600 ap-

453 629 614 691 pellata
636 635 737 672 sunt
755 624 892 669 sidera
904 660 915 679 ,
938 623 1135 667 homines
1158 620 1288 664 fuisse
1303 654 1313 668 ,
1335 634 1414 662 nee
1429 633 1479 661 ex
1495 631 1545 660 eo
1559 629 1648 658 esse
1664 611 1842 669 coepisse

452 701 531 745 ista
552 699 690 743 sidera
712 697 758 740 in
774 695 887 740 coelo
903 730 914 749 ,
935 710 987 737 ex
1005 708 1094 753 quo
1115 691 1178 735 illi
1200 697 1445 749 coeperunt.
1472 690 1528 731 Et
1550 693 1649 729 ante
1665 683 1725 726 ibi
1748 680 1843 725 fue—-

452 778 555 814 runt
582 787 590 813 :
613 767 688 812 sed
710 782 786 827 per
803 763 1015 809 beneficia
1038 759 1240 822 quaedam
1260 757 1508 803 mortalium
1525 752 1723 799 mortalia
1743 787 1754 808 ,
1779 749 1843 795 illi

452 840 650 885 homines
672 854 751 898 pro
784 846 980 896 tempore
1008 849 1086 877 suo
1103 868 1113 888 ,
1145 831 1246 892 quia
1274 829 1513 890 plurimum
1540 831 1780 885 potuerunt
1801 830 1845 866 et

454 912 733 956 eminuerunt
748 909 795 953 in
817 909 901 953 hoc
920 904 1079 951 saeculo
1092 939 1103 960 ,
1138 918 1239 948 cum
1262 900 1382 946 chari
1403 906 1544 943 essent
1565 894 1814 940 hominibus
1830 927 1841 948 ,

450 999 540 1028 non
570 990 750 1042 propter
783 979 918 1023 vitam
956 986 1165 1021 aeternam
1194 1010 1204 1029 ,
1241 971 1317 1017 sed
1349 979 1527 1031 propter
1564 963 1844 1012 commodum

450 1051 711 1113 temporale,
736 1049 1056 1095 deferebantur
1073 1046 1134 1090 eis
1156 1043 1293 1089 divini
1311 1043 1513 1086 honores.
1539 1040 1716 1082 Veteres
1729 1034 1845 1078 enim

445 1123 592 1168 saeculi
622 1122 820 1181 decepti,
859 1128 902 1163 et
939 1118 1144 1177 decipere
1178 1115 1396 1168 volentes,
1427 1112 1475 1155 in
1508 1123 1660 1154 eorum
1693 1104 1846 1150 adula-

450 1196 614 1240 tionem
638 1194 713 1254 qui
750 1192 830 1236 sibi
861 1189 1028 1250 aliquid
1050 1187 1294 1233 secundum
1319 1198 1510 1230 amorem
1536 1178 1682 1226 saeculi
1709 1183 1846 1238 praes-

452 1267 658 1320 titissent,
675 1263 813 1308 sidera
832 1259 1122 1306 ostendebant
1138 1258 1184 1301 in
1201 1257 1316 1302 coelo
1332 1291 1342 1311 ,
1361 1255 1554 1299 dicentes
1566 1287 1576 1307 ,
1593 1249 1713 1311 quod
1732 1247 1848 1292 illius

447 1345 555 1380 esset
569 1334 679 1379 illud
700 1334 817 1378 sidus
838 1367 848 1388 ,
875 1341 918 1375 et
939 1329 1052 1374 illud
1072 1328 1190 1373 illius
1213 1348 1221 1373 :
1245 1325 1445 1371 homines
1461 1332 1608 1367 autem
1624 1320 1699 1381 qui
1722 1328 1848 1362 antea

448 1423 537 1452 non
564 1413 844 1466 aspexerant,
879 1411 928 1446 ut
950 1401 1153 1446 viderent
1182 1398 1285 1459 quia
1307 1396 1369 1440 ibi
1402 1402 1526 1438 erant
1546 1401 1590 1436 et
1612 1391 1685 1434 illa
1710 1388 1849 1433 sidera

386 1529 391 1536 4
450 1487 684 1539 antequam
713 1483 994 1520 nascerentur
1010 1508 1020 1528 ,
1044 1470 1217 1531 decepti
1244 1466 1549 1522 crediderunt,
1574 1471 1616 1506 et
1637 1468 1847 1519 concepta
1901 1492 1905 1495 ,

446 1559 509 1594 est
532 1549 680 1609 opinio
702 1547 918 1592 vanitatis.
941 1547 1064 1589 Hane
1085 1542 1339 1602 opinionem
1350 1537 1504 1583 erroris
1517 1533 1718 1580 diabolus
1735 1546 1845 1576 con-

448 1620 666 1676 firmavit,
700 1618 895 1664 Christus
927 1616 1098 1660 evertit.
1127 1616 1213 1658 Nos
1240 1625 1342 1669 ergo
1372 1606 1614 1653 secundum
1637 1602 1758 1664 quod
1777 1601 1846 1646 lo-

445 1692 648 1751 quimur,
680 1698 836 1750 quarta
865 1687 1176 1738 sabbatorum,
1210 1691 1394 1743 quartus
1422 1678 1514 1723 dies
1540 1674 1798 1734 intelligitur
1821 1688 1844 1716 a

445 1762 515 1806 die
539 1761 778 1806 Dominico.
810 1758 1019 1804 Attendat
1040 1757 1188 1816 itaque
1216 1752 1418 1798 Charitas
1441 1752 1615 1802 Vestra,
1636 1744 1742 1807 quid
1767 1743 1847 1788 sibi

447 1832 642 1878 velitiste
664 1830 833 1875 titulus.
863 1829 942 1873 Hic
960 1827 1125 1887 grande
1143 1823 1401 1883 mysterium
1417 1857 1427 1877 ,
1451 1829 1494 1864 et
1527 1833 1675 1863 revera
1698 1814 1848 1860 occul-

446 1914 556 1948 tum.
588 1905 698 1949 Nam
729 1902 939 1962 pleraque
973 1898 1106 1958 ipsius
1138 1895 1298 1941 Psalmi
1329 1892 1556 1937 manifeste
1591 1896 1768 1941 sonant,
1806 1893 1850 1929 et

446 1973 674 2019 manifeste
690 1981 889 2026 movent,
904 1980 947 2015 et
960 1970 1046 2014 cito
1063 1966 1372 2025 intelliguntur
1390 1983 1398 2008 2
1420 1963 1491 2007 hic
1505 1969 1656 2005 autem
1674 1955 1843 2012 titulus,

443 2044 563 2106 quod
592 2044 822 2089 fatendum
852 2051 942 2097 est,
970 2041 1104 2085 habet
1132 2054 1221 2083 non
1246 2051 1400 2097 parum
1430 2030 1705 2078 obscuritatis
1732 2048 1740 2073 :
1764 2027 1841 2073 sed

442 2117 579 2162 aderit
597 2117 821 2167 Dominus,
841 2113 1056 2158 serenabit
1072 2109 1275 2154 nubilum
1295 2144 1305 2163 ,
1323 2117 1366 2151 et
1378 2104 1585 2151 videbitis
1603 2100 1843 2154 Psalmum,

443 2198 487 2233 et
508 2205 558 2232 ex
577 2188 722 2232 fronte
750 2185 905 2231 Psalmi
923 2182 1191 2242 cognoscetis
1209 2194 1325 2224 eum.
1346 2181 1397 2222 In
1415 2175 1561 2221 fronte
1579 2174 1695 2218 enim
1716 2171 1858 2216 habet

447 2257 643 2303 Psalmus
666 2258 766 2311 iste,
789 2276 808 2298 «
835 2255 1027 2299 Psalmus
1045 2253 1127 2313 ipsi
1141 2249 1279 2296 David
1294 2285 1304 2303 ,
1326 2265 1387 2309 qu
1398 2257 1489 2291 arta
1507 2246 1812 2290 sabbatorum.
1836 2260 1853 2282 »

448 2332 499 2374 In
518 2329 667 2374 limine
689 2336 753 2371 est
774 2325 950 2374 titulus,
988 2325 1033 2367 in
1053 2321 1249 2383 postibus
1271 2320 1380 2364 fixus
1403 2327 1480 2362 est.
1508 2315 1678 2361 Volunt
1700 2311 1848 2357 homi-

445 2418 521 2446 nes
543 2399 721 2445 titulum
739 2409 1021 2457 cognoscere,
1041 2394 1155 2437 etsie
1175 2390 1357 2435 domum
1373 2389 1550 2432 intrare.
1583 2383 1840 2430 Recolamus

445 2488 547 2531 ergo
582 2470 848 2530 Scripturam
872 2475 1066 2511 sanctam
1099 2465 1144 2508 in
1170 2462 1353 2515 Genesi,
1382 2460 1519 2519 primo
1556 2458 1625 2502 die
1652 2453 1762 2516 quid
1783 2454 1837 2498 sit

446 2545 640 2600 factum,
666 2541 909 2585 invenimus
935 2541 1077 2581 lucem
1105 2554 1113 2581 ι
1135 2532 1326 2579 secundo
1348 2531 1418 2576 die
1441 2528 1558 2591 quid
1581 2528 1635 2573 sit
1652 2526 1819 2571 factum
1839 2544 1851 2582 3

445 2615 693 2662 invenimus
715 2613 1040 2656 firmamentum
1060 2642 1072 2662 ,
1097 2604 1217 2666 quod
1245 2601 1476 2663 appellavit
1500 2604 1612 2645 Deus
1635 2596 1803 2643 coelum
1832 2613 1841 2637 ;

451 2687 578 2733 tertio
600 2685 670 2730 die
697 2681 805 2745 quid
831 2681 884 2726 sit
918 2678 1104 2736 factum,
1139 2676 1384 2721 invenimus
1417 2672 1603 2731 speciem
1632 2678 1758 2711 terrae
1791 2679 1814 2708 e
1834 2673 1852 2708 t
