1926 3339
459 331 536 366 120
876 341 908 369 s.
947 344 1173 370 accusa-tm
1209 344 1387 370 EPISCOPI

459 405 558 448 tiam
593 404 885 462 definitivam,
922 422 1010 450 non
1035 407 1150 451 misit
1181 406 1294 451 foras
1316 422 1409 451 reos
1442 415 1485 451 et
1515 405 1636 449 duxit
1666 404 1827 449 velum.
1892 423 1894 426 ’

455 477 569 518 Ante
594 474 732 519 voluit
760 476 1074 535 praenuntiare,
1100 476 1219 537 quod
1249 477 1460 535 disposuit
1488 475 1643 520 facere.
1669 477 1833 532 Nempe

455 545 838 604 congregabuntur
860 555 959 590 ante
981 562 1080 590 eum
1102 562 1250 591 omnes
1271 556 1432 605 gentes.
1459 545 1575 599 Quid
1594 544 1648 589 de
1669 543 1754 588 illis
1773 542 1835 587 fa·
1892 594 1895 602 Ι

458 615 571 659 ciet?
596 615 820 673 Separabit
841 630 909 659 eas
926 650 936 669 ‚
962 624 1005 658 et
1024 615 1129 659 alios
1150 625 1283 674 ponet
1301 615 1358 660 ad
1380 615 1599 659 dexteram
1616 650 1626 670 ,
1653 614 1758 659 alios
1780 613 1836 658 ad

457 684 671 728 sinistram
690 686 719 726 ¹.
736 684 961 743 Numquid
977 683 1144 728 medius
1161 684 1281 729 locus
1295 695 1486 730 servatus
1499 686 1588 729 est?
1603 683 1722 737 Quid
1739 683 1836 728 dex-

458 754 532 798 tris
551 754 745 797 dicturus
763 755 854 797 est?
884 773 903 795 «
928 754 1083 798 Venite
1106 754 1323 799 benedicti
1341 756 1477 800 Patris
1490 756 1575 799 mei
1590 789 1601 810 ‚
1627 753 1837 814 percipite
1894 737 1897 772 i

460 842 481 866 »
516 839 697 882 regnum
711 828 742 868 2.
769 843 788 866 »
809 824 925 877 Quid
947 825 1150 869 sinistris?
1171 843 1191 866 «
1218 828 1282 869 Ite
1304 826 1508 884 inignem
1532 834 1744 869 aeternum
1763 824 1838 884 qui

462 914 480 936 »
515 904 691 954 paratus
711 904 773 938 est
790 894 964 940 diabolo
981 905 1024 939 et
1041 895 1202 953 angelis
1217 897 1307 955 ejus
1321 897 1352 940 ³.
1378 916 1395 937 »
1425 896 1466 941 Si
1484 911 1573 941 non
1588 894 1711 939 times
1723 895 1839 939 mitti
1895 910 1899 947 ,¹

456 981 567 1025 quo,
587 964 688 1009 vide
705 980 804 1008 cum
822 981 925 1025 quo.
953 966 996 1010 Si
1018 980 1119 1023 ergo
1141 981 1272 1025 opera
1294 966 1370 1011 illa
1391 967 1536 1012 omnia
1559 981 1743 1025 regnum
1759 964 1839 1009 Dei

457 1051 547 1081 non
575 1035 883 1095 possidebunt3
908 1037 995 1080 imo
1029 1052 1118 1080 non
1142 1052 1293 1096 opera,
1319 1037 1394 1082 sed
1427 1038 1503 1098 qui
1538 1037 1638 1081 talia
1667 1045 1835 1095 agunt:

457 1122 557 1151 nam
581 1122 711 1165 opera
732 1105 833 1150 talia
853 1108 896 1151 in
920 1107 1020 1165 igne
1053 1122 1145 1150 non
1169 1109 1343 1152 erunt4.
1369 1111 1467 1153 Non
1488 1109 1604 1152 enim
1635 1106 1711 1152 illo
1740 1107 1841 1166 igne

457 1176 657 1220 ardentes
674 1176 860 1220 furaturi
874 1186 976 1220 sunt
996 1186 1040 1221 et
1062 1179 1346 1223 adulteraturi
1363 1178 1458 1224 :sed
1472 1179 1548 1239 qui
1566 1177 1666 1222 talia
1684 1186 1837 1236 agunt,
1898 1201 1902 1238 3

458 1261 640 1304 regnum
664 1246 738 1289 Dei
758 1262 846 1290 non
882 1247 1183 1305 possidebunt.
1215 1250 1313 1294 Non
1337 1264 1439 1307 ergo
1465 1257 1594 1292 erunt
1626 1264 1649 1292 a
1679 1247 1842 1291 dextris

457 1332 558 1360 cum
580 1315 662 1359 illis
691 1316 850 1375 quibus
879 1316 1073 1362 dicetur:
1102 1338 1122 1361 «
1149 1319 1305 1363 Venite
1330 1317 1550 1363 benedicti
1572 1318 1708 1363 Patris
1730 1317 1838 1374 mci,
1898 1322 1902 1373 ζ

459 1405 479 1428 »
515 1386 722 1446 percipite
737 1402 945 1446 regnum:
964 1388 1065 1449 quia
1079 1389 1155 1449 qui
1173 1389 1275 1433 talia
1292 1399 1445 1449 agunt,
1463 1403 1644 1448 regnum
1658 1388 1731 1433 Dei
1752 1403 1843 1433 non

463 1476 480 1497 »
515 1456 817 1516 possidebunt.
848 1478 865 1498 »
894 1458 937 1502 Si
958 1474 1058 1516 ergo
1081 1475 1104 1503 a
1131 1458 1289 1504 dextris
1308 1476 1398 1504 non
1426 1468 1578 1514 erunt,
1601 1475 1692 1503 non
1713 1467 1844 1503 restat
1900 1460 1901 1463 ’

459 1527 540 1570 11131
565 1536 614 1570 ut
636 1527 721 1570 sint
741 1543 764 1571 a
782 1528 975 1572 sinistris.
1001 1529 1190 1573 Sinistris
1209 1530 1316 1590 quid
1338 1529 1479 1574 dicet?
1501 1548 1518 1569 ‹<
1546 1533 1611 1574 Ite
1632 1529 1678 1572 in
1702 1529 1846 1588 ignem

460 1615 480 1638 >1
515 1606 744 1641 aeternum.
772 1599 879 1651 Quia
904 1598 984 1642 erit
1007 1608 1178 1659 tempus
1201 1616 1352 1644 eorum
1375 1601 1421 1644 in
1442 1609 1670 1644 aeternum.
1703 1619 1720 1640 »

514 1669 638 1711 XXI.
669 1670 851 1727 Expone
893 1684 1027 1728 ergo,
1064 1670 1234 1730 inquit,
1275 1671 1426 1727 nobis,
1461 1671 1607 1730 ligna,
1646 1670 1840 1725 foenum,
1903 1723 1905 1726 Ι

455 1739 658 1798 stipulam
693 1739 769 1799 qui
802 1740 1020 1785 aedificant
1057 1757 1185 1801 super
1217 1740 1555 1787 fundamentum
1575 1777 1586 1798 ,
1622 1740 1844 1802 quomodo
1902 1783 1905 1810 ε

453 1826 543 1854 11011
561 1820 765 1869 pereant,
796 1811 872 1855 sed
893 1811 998 1857 salvi
1018 1813 1126 1857 fiant
1144 1849 1155 1869 ‚
1180 1813 1239 1858 sic
1260 1823 1407 1858 tamen
1429 1815 1648 1874 quasiuper
1676 1814 1840 1873 ignem.

455 1880 651 1924 Obscura
669 1881 848 1941 quidem
865 1881 938 1925 illa
960 1884 1143 1942 quaestio
1157 1919 1168 1939 ,
1183 1883 1260 1927 sed
1272 1894 1321 1928 ut
1335 1900 1509 1944 possum
1523 1885 1712 1930 breviter
1726 1884 1840 1929 dico.

457 1953 644 2005 Fratres,
666 1961 769 1995 sunt
785 1951 983 1996 homines
998 1954 1177 1998 omnino
1195 1964 1515 2015 contemptores
1536 1955 1684 2000 saeculi
1696 1956 1842 2016 hujus,
1902 1937 1906 1989 ,¹

454 2020 614 2079 quibus
632 2037 721 2065 non
743 2030 806 2065 est
838 2031 1009 2080 gratum
1029 2023 1247 2084 quidquid
1270 2025 1568 2085 temporaliter
1601 2026 1701 2071 fluit
1716 2062 1727 2082 ‚
1753 2041 1845 2072 non
1904 2046 1907 2056 ·

453 2091 622 2135 licerent
642 2090 874 2137 dilectione
890 2092 1032 2154 aliqua
1054 2095 1235 2139 terrenis
1264 2097 1467 2156 operibus
1483 2132 1494 2152 ‚
1520 2098 1657 2141 sancti
1672 2133 1683 2152 ‚
1709 2097 1841 2153 casti,

452 2161 724 2206 continentes
736 2197 747 2218 ‚
768 2163 888 2222 justi,
909 2164 1097 2210 fortassis
1116 2174 1159 2210 et
1175 2167 1320 2211 omnia
1335 2183 1411 2211 sua
1427 2168 1847 2227 vendentesethpau-
1904 2171 1926 2223 ξ’

453 2232 630 2292 peribus
647 2232 977 2290 distribuentes,
1004 2245 1080 2281 aut
1099 2237 1368 2296 possidentes
1382 2273 1393 2294 ‚
1409 2248 1620 2299 tanquam
1637 2255 1728 2302 non
1749 2254 1846 2299 pos-

451 2304 638 2348 sidentes
653 2339 664 2359 ,
690 2314 733 2349 et
757 2314 927 2351 utentes
948 2307 1034 2351 1100
1068 2308 1246 2352 mundo'
1270 2318 1480 2369 tanquam
1512 2326 1602 2355 non
1626 2312 1841 2373 utentesf‘.

454 2378 566 2420 Sunt
588 2385 734 2420 autem
760 2377 832 2421 alii
855 2379 931 2438 qui
963 2379 1093 2424 rebus
1124 2380 1365 2426 infirmitati
1396 2381 1607 2426 concessis
1629 2382 1846 2431 inhaerent

450 2445 725 2506 aliquantum
747 2447 998 2493 dilectione.
1030 2453 1128 2496 Non
1150 2451 1261 2511 rapit
1282 2451 1430 2496 villam
1455 2452 1662 2508 alienam,
1689 2452 1765 2496 sed
1785 2453 1844 2497 sic

452 2526 568 2561 amat
588 2533 732 2573 suam,
757 2528 808 2563 ut
841 2520 875 2563 si
914 2520 1176 2579 perdiderit,
1218 2523 1520 2567 conturbetur.
1559 2526 1656 2569 Non
1678 2524 1845 2583 appetit

501 2618 509 2633 ¹
530 2612 644 2644 Matth.
677 2624 738 2646 xxv
756 2639 764 2654 ‚
791 2614 842 2646 32.
867 2631 908 2637 -
929 2615 1041 2647 1111111.
1064 2615 1116 2657 34.
1144 2633 1185 2640 —-
1209 2616 1222 2639 3
1250 2617 1330 2649 Ibid.
1361 2617 1413 2658 41,
1443 2635 1484 2641 -·
1517 2616 1533 2647 4
1559 2618 1626 2650 Gal.
1654 2629 1698 2659 v,
1726 2626 1780 2650 21.
1801 2635 1843 2642 —--

456 2668 469 2692 5
496 2680 505 2698 1
529 2670 600 2701 Cor.
622 2679 682 2710 vn,
703 2670 751 2702 30,
