1926 3339
447 280 532 322 492
879 287 913 318 s.
949 286 1183 318 mausum
1215 289 1397 319 1·:1›1scox›1

449 367 470 390 »
508 345 693 406 amplius
715 360 814 390 cum
838 343 889 390 eo
912 359 1002 389 non
1027 344 1401 389 ambulaverunt1.
1429 360 1449 384 »
1476 345 1644 388 Durum
1658 343 1743 388 illis
1763 343 1832 387 vi-

446 434 542 463 sum
564 427 628 462 est
645 417 765 478 quod
779 418 862 461 ait:
889 416 1011 461 «Nisi
1029 417 1124 475 quis
1139 415 1468 460 manducaverit
1480 430 1654 460 carnem
1671 429 1830 470 meam,

449 507 470 530 »
505 505 594 533 non
606 489 787 532 habebit
807 487 941 532 vitam
959 495 1166 530 aeternam
1184 505 1193 531 z
1222 504 1241 527 »
1265 495 1526 546 acceperunt
1546 484 1657 529 illud
1673 484 1804 530 stulte
1818 519 1830 540 ,

448 559 677 605 carnaliter
693 558 803 602 illud
828 558 1155 616 cogitaverunt,
1182 565 1226 600 et
1252 566 1515 616 putaverunt
1536 555 1657 616 quod
1677 555 1834 616 praeci-

447 644 572 674 surus
593 637 702 672 esset
723 627 932 672 Dominus
954 626 1188 686 particulas
1211 626 1423 686 quasdam
1444 625 1499 670 de
1520 641 1700 685 corpore
1723 640 1802 670 suo
1820 660 1832 680 ,

448 709 490 743 et
507 698 687 742 daturus
702 697 784 741 illis
799 733 810 752 ,
834 706 877 740 et
898 696 1126 741 dixerunt:
1156 716 1176 738 «
1200 700 1340 741 Durus
1363 706 1426 740 est
1447 696 1519 740 hic
1536 711 1692 740 sermo.
1712 713 1732 736 n
1749 695 1836 754 Ipsi

448 779 571 813 erant
593 769 712 823 duri,
748 784 838 812 non
866 783 1021 811 sermo.
1055 767 1229 811 Etenim
1257 769 1292 811 si
1325 767 1424 811 duri
1447 782 1536 811 non
1568 775 1735 821 essent,
1761 765 1837 810 sed

448 839 572 883 mites
602 848 765 892 essent,
788 838 983 882 dicerent
1000 836 1081 881 sibi
1105 856 1112 881 :
1143 840 1239 881 Non
1258 837 1347 881 sine
1369 852 1496 880 causa
1513 835 1620 880 dicit
1639 836 1740 890 hoc,
1757 835 1837 879 nisi

448 910 548 969 quia
563 919 626 953 est
640 909 700 952 ibi
713 907 891 968 aliquod
902 918 1218 953 sacramentum
1232 907 1384 951 latens.
1399 910 1627 951 Manerent
1638 922 1736 950 cum
1761 905 1836 949 illo

446 980 587 1035 lenes,
612 996 700 1024 non
724 980 845 1036 duri,
865 988 907 1023 et
923 979 1138 1023 discerent
1151 980 1204 1022 ab
1220 977 1295 1023 illo
1311 1014 1321 1032 ,
1342 977 1462 1038 quod
1476 977 1559 1022 illis
1577 976 1838 1021 discedenti-

447 1050 529 1094 bus
551 1051 624 1110 qui
649 1059 949 1093 remanserunt
964 1084 974 1103 ,
996 1048 1257 1093 didicerunt.
1279 1051 1387 1093 Nam
1410 1064 1510 1092 cum
1535 1048 1837 1092 remansissent

449 1136 548 1164 cum
562 1120 635 1164 illo
658 1119 862 1179 Discipuli
891 1119 1139 1174 duodecim,
1159 1119 1244 1163 illis
1266 1120 1584 1175 recedentibus,
1611 1133 1837 1178 suggesse-

449 1201 552 1236 runt
574 1192 662 1246 illi,
690 1201 899 1252 tanquam
922 1191 1119 1235 dolentes
1139 1190 1315 1235 illorum
1339 1201 1522 1235 mortem
1539 1227 1550 1246 ,
1570 1191 1689 1251 quod
1711 1206 1837 1235 scan-

449 1262 622 1306 dalizati
647 1272 749 1306 sunt
770 1263 816 1305 in
836 1262 971 1306 verbo
994 1264 1101 1321 ejus,
1127 1272 1172 1306 et
1193 1272 1474 1306 recesserunt.
1501 1262 1580 1306 Ille
1605 1271 1749 1305 autem
1771 1261 1840 1304 iu-

447 1334 601 1377 struxit
624 1349 695 1377 eos
714 1369 724 1388 ,
760 1342 803 1376 et
827 1332 886 1376 ait
907 1332 1013 1377 illis:
1043 1352 1062 1374 «
1091 1333 1273 1392 Spiritus
1296 1343 1360 1377 est
1390 1333 1466 1393 qui
1498 1333 1708 1386 vivificat,
1740 1347 1839 1376 caro

450 1421 470 1444 n
507 1413 653 1447 autem
690 1403 801 1446 nihil
836 1401 1041 1461 prodest:
1068 1403 1200 1446 verba
1222 1419 1322 1463 quae
1358 1402 1531 1447 locutus
1560 1418 1657 1446 sum
1685 1402 1808 1446 vobis
1826 1437 1837 1453 ,

450 1493 471 1515 »
508 1475 680 1534 spiritus
704 1483 767 1518 est
789 1483 831 1518 et
854 1474 955 1518 vita.
975 1492 995 1515 »
1015 1474 1305 1533 Spiritualiter
1330 1471 1559 1531 intelligite
1576 1472 1696 1533 quod
1717 1472 1841 1516 locu-

448 1555 517 1590 tus
539 1562 633 1590 sum
652 1566 660 1590 :
680 1562 770 1590 non
791 1547 874 1590 1100
890 1561 1047 1605 corpus
1063 1545 1183 1605 quod
1200 1546 1354 1589 videtis
1368 1580 1378 1600 ,
1405 1544 1709 1588 manducaturi
1723 1544 1836 1598 estis,

449 1626 491 1660 et
505 1617 684 1660 bibituri
697 1615 821 1659 illum
836 1617 1113 1674 sanguinem,
1138 1631 1269 1675 quem
1284 1615 1424 1659 fusuri
1446 1624 1547 1658 sunt
1565 1615 1641 1674 qui
1664 1629 1732 1657 me
1747 1629 1840 1658 cru-

449 1687 636 1744 cifigent.
668 1689 995 1730 Sacramentum
1019 1685 1197 1744 aliquod
1219 1685 1341 1729 vobis
1364 1683 1688 1738 commendavi,
1715 1684 1840 1742 spiri-

448 1756 620 1800 tualiter
647 1755 919 1799 intellectum
940 1754 1180 1798 vivificabit
1197 1770 1288 1799 vos.
1323 1755 1414 1798 Etsi
1443 1770 1613 1798 necesse
1638 1762 1702 1797 est
1730 1753 1839 1797 illud

448 1825 672 1870 visibiliter
700 1825 931 1879 celebrari,
960 1834 1133 1883 oportet
1162 1834 1310 1868 tamen
1334 1825 1607 1868 invisibiliter
1634 1822 1835 1882 intelligi.

453 1917 474 1939 ‹<
508 1896 703 1941 Exaltate
721 1896 951 1940 Dominum
970 1898 1109 1939 Deum
1126 1906 1340 1951 nostrum,
1355 1906 1398 1941 et
1410 1895 1584 1940 adorate
1601 1894 1838 1939 scabellum

451 1986 471 2009 n
506 1966 670 2027 pedum
693 1969 799 2027 ejus,
827 1967 1035 2027 quoniam
1057 1976 1228 2011 sanctus
1245 1977 1324 2011 est.
1354 1986 1375 2008 »

511 2058 531 2080 «
565 2041 621 2083 X.
649 2042 820 2096 Moyses
843 2047 886 2081 et
903 2042 1048 2082 Aaron
1061 2039 1107 2082 in
1124 2039 1420 2084 sacerdotibus
1437 2040 1528 2099 ejus
1543 2074 1553 2093 ,
1579 2047 1623 2081 et
1642 2036 1836 2090 Samu'e'l,

451 2128 472 2150 »
506 2109 551 2153 in
573 2110 639 2153 his
661 2110 736 2170 qui
759 2109 966 2153 invocant
986 2125 1148 2154 nomen
1170 2111 1274 2170 ejus.
1298 2110 1567 2154 Invocabant
1584 2108 1836 2162 Dominum,

452 2198 472 2221 »
508 2190 551 2225 et
582 2181 672 2240 ipse
706 2180 969 2224 exaudiebat
997 2195 1096 2236 eos3
1128 2181 1173 2224 in
1193 2181 1396 2225 columna
1425 2180 1554 2223 nubis
1575 2178 1840 2239 loquebatur

450 2270 470 2292 n
488 2251 543 2295 ad
566 2267 636 2296 eos
652 2256 684 2295 ².
704 2270 723 2293 »
741 2252 816 2295 Isti
835 2252 1003 2311 antiqui
1024 2254 1195 2309 Moyses
1219 2261 1260 2295 et
1279 2255 1424 2296 Aaron
1450 2260 1492 2294 et
1512 2249 1702 2305 Samu'e'l,
1727 2249 1839 2293 servi

448 2322 542 2376 Dei,
575 2323 719 2381 magni
753 2321 870 2380 apud
897 2322 1112 2381 antiquos.
1139 2322 1278 2366 Nostis
1302 2321 1405 2381 quia
1426 2324 1596 2378 Moyses
1624 2320 1774 2364 eduxit
1793 2319 1839 2362 in

448 2392 608 2436 virtute
622 2392 696 2435 Dei
712 2390 925 2451 populum
943 2390 1075 2434 Isra'e'l
1090 2407 1141 2434 ex
1158 2394 1348 2450 AEgypto
1366 2406 1442 2450 per
1456 2391 1659 2434 Rubrum
1675 2390 1834 2443 mare3,

450 2471 493 2506 et
515 2461 638 2506 duxit
671 2462 716 2505 in
746 2478 917 2519 eremo,
942 2471 985 2504 et
1012 2471 1176 2522 quanta
1207 2461 1418 2505 mirabilia
1445 2459 1596 2504 fecerit
1626 2459 1701 2504 illo
1723 2468 1839 2503 tem-

448 2549 552 2593 pore
576 2536 690 2577 Deus
717 2549 794 2592 per
822 2548 1001 2577 manum
1028 2534 1184 2591 Moysi,
1215 2541 1434 2578 noverunt
1457 2547 1606 2577 omnes
1628 2531 1705 2592 qui
1731 2531 1833 2574 istas

499 2625 507 2640 ¹
530 2620 608 2650 Joan
627 2629 673 2659 vr,
692 2618 806 2660 ⁶¹·67·
832 2636 869 2641 —-
894 2626 906 2641 ²
932 2618 1012 2650 Psal.
1035 2629 1148 2659 xcviii,
1168 2621 1200 2659 6,
1221 2629 1251 2660 7.
1273 2635 1313 2641 --
1338 2616 1351 2640 3
1371 2617 1470 2649 Exod.
1491 2627 1558 2658 xlv,
1579 2625 1633 2648 21.
