1926 3339
460 301 546 338 512
900 308 933 336 S.
969 307 1200 337 Aucus‘nm
1234 311 1413 337 EPtSCOPI

458 376 519 419 ria
538 375 776 419 dicuntur?
793 372 900 433 quid
918 373 1112 418 dicturus
1130 377 1224 418 est?
1247 376 1411 419 Cautus
1434 388 1507 417 ero
1524 407 1534 429 ,
1561 373 1735 419 nullum
1754 390 1847 420 ma-
1893 390 1896 393 ·

457 446 550 490 lum
573 446 814 489 admittam.
839 445 1072 497 Quomodo
1094 444 1264 488 nullum
1289 444 1452 488 malum
1479 443 1704 489 admittes?
1734 445 1845 492 Nul-

457 515 549 560 lum
572 516 795 560 hominem
820 515 1005 569 malum,
1026 514 1199 558 nullum
1224 515 1397 558 fratrem
1415 514 1580 558 malum
1611 515 1848 559 intrantem

459 587 722 632 admissurus
756 601 879 643 sum,
909 601 1008 630 cum
1033 586 1180 645 paucis
1208 586 1333 629 bonis
1363 586 1474 629 bene
1509 587 1616 629 mihi
1638 587 1734 631 erit.
1762 586 1847 631 Ubi

459 657 681 715 cognoscis
711 671 843 717 quein
866 656 978 700 forte
999 656 1062 700 vis
1083 654 1341 700 excludere?
1364 658 1420 699 Ut
1447 665 1732 714 cognoscatur
1754 672 1848 701 ma-

456 728 525 772 lus
540 763 550 783 ,
576 728 692 771 intus
714 726 966 786 probandus
988 735 1076 772 est:
1108 726 1333 787 quomodo
1368 742 1471 785 ergo
1498 727 1689 771 excludis
1712 728 1848 772 intra-

458 808 606 843 turum
623 833 636 854 ,
671 798 747 858 qui
771 806 918 857 postea
941 797 1195 857 probandus
1218 806 1281 841 est
1298 833 1308 853 ,
1335 806 1380 841 et
1407 798 1581 856 probari
1604 797 1683 842 nisi
1708 798 1848 842 intra-

457 870 568 916 verit
586 885 675 913 non
701 871 873 928 potest?
896 868 1096 928 Repelles
1125 884 1274 913 omnes
1301 868 1469 913 malos?
1492 869 1604 913 Dicis
1626 869 1769 925 enim,
1805 879 1849 913 et

458 941 570 986 nosti
592 941 817 1000 inspicere.
841 941 1002 984 Omnes
1029 938 1157 984 nudis
1175 939 1379 984 cordibus
1396 939 1451 983 ad
1468 949 1510 983 te
1529 939 1742 984 veniunt?
1764 940 1849 993 Qui

457 1011 658 1055 intraturi
690 1019 811 1065 sunt,
844 1010 923 1069 ipsi
946 1025 990 1053 se
1021 1026 1112 1054 non
1138 1020 1383 1067 noverunt,
1413 1019 1579 1070 quanto
1602 1010 1746 1054 minus
1767 1011 1849 1054 tu?

457 1081 586 1126 Multi
613 1081 729 1125 enim
751 1081 832 1124 sibi
856 1081 1149 1139 promiserunt
1174 1082 1295 1141 quod
1322 1081 1544 1140 impleturi
1571 1090 1710 1125 essent
1731 1081 1850 1125 illam

457 1152 590 1196 vitam
614 1160 805 1195 sanctam
820 1186 830 1205 ‚
851 1152 895 1194 in
921 1166 1154 1195 commune
1177 1152 1414 1195 habentem
1435 1152 1601 1206 onmia,
1627 1151 1704 1195 ubi
1720 1167 1848 1196 nemo

458 1222 565 1266 dicit
590 1222 755 1282 aliquid
774 1238 900 1266 suum
919 1257 929 1276 ,
955 1222 1113 1282 quibus
1137 1231 1200 1266 est
1217 1238 1304 1267 una
1327 1223 1469 1266 anima
1492 1231 1534 1266 et
1553 1239 1626 1267 cor
1643 1238 1782 1266 unum
1802 1223 1850 1267 in

459 1296 598 1337 Deum
614 1295 626 1319 ¹
646 1312 654 1338 :
681 1293 797 1337 missi
823 1302 924 1337 sunt
940 1293 986 1336 in
1005 1292 1227 1337 fornacem
1251 1302 1294 1336 et
1317 1302 1595 1352 crepuerunt.
1618 1293 1849 1346 Quomodo

459 1379 559 1422 crgo
580 1364 800 1422 cognoscis
824 1379 924 1407 eum
938 1363 1013 1423 qui
1031 1363 1112 1407 sibi
1130 1363 1221 1423 ipse
1239 1363 1381 1407 adhuc
1396 1364 1570 1422 ignotus
1584 1374 1644 1408 est
1660 1366 1677 1408 Ρ
1691 1363 1851 1408 Exclu·
1907 1387 1910 1391 ·

459 1434 534 1478 des
564 1434 700 1478 malos
734 1432 886 1478 fratres
916 1450 939 1478 a
971 1443 1192 1478 conventu
1222 1434 1470 1478 bonorum?
1499 1438 1560 1478 De
1593 1433 1723 1478 corde
1752 1443 1846 1489 tuo,

459 1505 654 1565 quisquis
677 1505 757 1549 ista
788 1505 894 1549 dicis
911 1540 921 1560 ,
955 1520 1104 1549 omnes
1139 1504 1274 1549 malas
1305 1496 1586 1562 cogitationes
1602 1540 1613 1561 ,
1639 1505 1672 1549 si
1699 1513 1847 1564 potes,

459 1576 640 1620 exclude
663 1596 671 1620 :
697 1592 786 1620 non
807 1577 940 1619 intret
961 1576 1006 1618 in
1029 1591 1103 1620 cor
1124 1585 1251 1619 tuum
1273 1575 1342 1621 vel
1364 1576 1579 1634 suggestio
1600 1575 1727 1620 mala.
1752 1577 1852 1620 Non

459 1647 708 1702 consentio,
732 1647 891 1707 inquis,
921 1647 1005 1691 Sed
1024 1647 1202 1692 intravit
1222 1656 1394 1702 tamen,
1415 1656 1465 1691 ut
1492 1655 1708 1706 suggeret.
1740 1649 1851 1691 Nam

460 1733 609 1762 omnes
629 1718 794 1761 munita
812 1718 943 1761 corda
956 1717 1117 1761 habere
1133 1717 1335 1762 volumus
1350 1753 1361 1773 ,
1384 1727 1434 1761 ut
1452 1716 1560 1761 nihil
1583 1718 1716 1761 intret
1730 1715 1852 1777 quod

459 1788 571 1831 male
585 1803 690 1847 sugg
705 1797 853 1832 :ratur.
876 1786 1000 1832 Unde
1017 1797 1163 1832 autem
1176 1787 1323 1844 intret,
1340 1789 1437 1849 quis
1452 1788 1598 1832 novit?
1613 1790 1669 1832 Et
1679 1802 1852 1847 pugna·
1913 1797 1919 1806 ”

458 1874 555 1902 mus
582 1857 779 1918 quotidie
811 1859 857 1901 in
890 1874 979 1902 uno
1003 1857 1134 1902 corde
1161 1867 1338 1915 nostro,
1363 1874 1476 1903 unus
1498 1859 1631 1903 homo
1651 1858 1698 1901 in
1719 1857 1850 1902 corde
1918 1907 1919 1910 Ἴ

460 1946 538 1975 suo
557 1946 658 1974 cum
679 1930 806 1974 turba
824 1929 1029 1974 luctatur.
1058 1931 1255 1988 Suggerit
1270 1931 1467 1985 avaritia,
1489 1930 1679 1989 suggerit
1694 1929 1847 1983 libido,
1910 1951 1917 1983 χ

460 2002 650 2059 suggerit
671 2000 907 2055 voracitas,
934 2001 1125 2058 suggerit
1146 2000 1295 2045 laetitia
1322 2000 1402 2044 ista
1434 1999 1682 2059 popularis,
1707 2001 1851 2045 omnia
1909 1988 1911 2050 ,f

460 2082 698 2131 suggerunt
719 2092 727 2116 :
758 2073 812 2116 ab
841 2072 1043 2116 omnibus
1065 2088 1108 2116 se
1129 2072 1343 2128 continet,
1368 2072 1570 2117 omnibus
1594 2073 1847 2131 respondet,

461 2152 504 2186 et
521 2143 576 2186 ab
596 2143 799 2187 omnibus
820 2152 1065 2201 aversatur,
1090 2143 1269 2187 difficile
1287 2152 1348 2187 est
1367 2152 1415 2186 ut
1436 2158 1526 2187 non
1549 2143 1603 2186 ab
1624 2143 1768 2203 aliqua
1790 2141 1855 2186 fe·
1907 2178 1915 2194 ,

461 2215 612 2257 riatur.
639 2214 723 2257 Ubi
744 2229 847 2272 ergo
869 2214 1098 2258 securitas?
1116 2215 1194 2258 Hic
1212 2229 1427 2273 nusquam
1446 2235 1456 2271 3
1480 2214 1525 2257 in
1542 2214 1621 2258 ista
1637 2215 1724 2259 vita
1743 2228 1848 2258 nus·
1914 2258 1915 2263 ,

460 2300 593 2344 quam
609 2320 620 2339 ,
646 2285 727 2328 nisi
750 2284 795 2327 in
817 2284 906 2328 sola
928 2300 1002 2344 spe
1025 2285 1331 2344 promissorum
1355 2284 1446 2328 Dei.
1474 2285 1538 2329 Ibi
1561 2294 1722 2339 autem,
1748 2300 1851 2329 cum
1906 2287 1908 2326 ἰ

460 2354 565 2397 illuc
594 2355 947 2413 pervenerimus,
974 2353 1166 2413 perfecta
1196 2355 1425 2411 securitas,
1457 2371 1558 2399 cum
1585 2354 1851 2400 clauduntur
1905 2386 1913 2396 ,

460 2433 615 2484 portae,
641 2435 684 2469 et
705 2425 1021 2468 confirmantur
1043 2435 1185 2470 vectes
1212 2435 1435 2484 portarum
1459 2425 1697 2470 Jerusalem
1712 2428 1728 2451 ²
1753 2445 1762 2470 2
1786 2426 1850 2470 ibi
1904 2437 1905 2440 ’

465 2511 565 2541 vere
586 2495 714 2556 plena
727 2495 928 2553 jubilatio
943 2506 986 2540 et
1007 2511 1213 2555 magnum
1233 2496 1455 2556 gaudium.
1476 2497 1610 2542 Modo
1632 2506 1775 2542 autem
1795 2511 1849 2542 ne
1903 2500 1911 2552 ζ

510 2611 519 2627 ¹
537 2606 608 2638 Act.
629 2615 674 2647 ιν,
698 2603 818 2637 32—35.
840 2622 880 2628 -
902 2612 913 2627 2
933 2604 1012 2637 Psal.
1035 2615 1152 2646 chvn,
1181 2604 1230 2636 13.
