1926 3339
253 346 494 377 ENARuAtrio
528 350 559 375 11
594 350 638 376 nv
672 348 875 375 PSALMUM
909 349 985 386 xc,
1021 347 1160 377 SERMO
1193 352 1240 376 11.
1356 341 1438 378 317

55 434 74 456 »
111 424 155 458 et
172 414 320 475 pedes,
351 415 738 459 dinumeraverunt
762 413 906 458 omnia
930 428 1023 458 ossa
1043 428 1138 458 mea
1163 433 1170 458 :
1204 413 1442 460 diviserunt

54 503 74 526 »
110 485 191 529 sibi
234 487 490 530 vestimenta
522 500 618 529 mea
642 520 653 540 ,
696 494 740 528 et
779 500 909 544 super
951 484 1259 529 vestimentum
1296 500 1442 529 meum

53 573 75 597 >a
110 557 323 601 miserunt
350 558 556 601 sortem1.
603 574 622 598 »
660 557 753 599 Hoc
782 564 824 599 et
861 554 1003 600 Judaei
1038 554 1217 615 quando
1259 554 1444 599 audiunt

53 627 318 672 erubescunt
359 648 367 672 :
399 626 721 671 evidentissime
746 627 862 670 enim
900 627 1129 687 prophetia
1161 626 1215 671 de
1246 626 1444 686 passione

51 698 222 742 Domini
251 698 384 742 nostri
409 701 510 741 Jesu
534 697 692 743 Christi
715 697 882 757 prolata
904 707 980 742 cst.
1007 697 1170 742 Delicta
1188 707 1332 742 autem
1356 713 1445 741 non

50 769 244 813 habebat
270 769 482 813 Dominus
505 779 651 813 noster
678 772 800 813 Jesus
823 770 1019 814 Christus
1046 788 1055 813 :
1081 777 1123 812 et
1145 778 1289 813 tamen
1306 769 1351 812 in
1374 785 1446 813 ca-

51 839 140 899 pite
159 840 291 899 ipsius
317 840 476 884 Psalmi
498 839 603 884 dicit
631 859 638 884 :
665 859 684 881 «
708 843 846 895 Deus,
869 843 983 884 Deus
1020 855 1165 895 meus,
1193 838 1353 900 utquid
1375 855 1445 883 me

55 929 75 952 »
111 909 406 971 dereliquisti?
424 913 571 968 Longe
589 927 611 954 a
627 910 766 954 salute
783 926 878 954 mea
901 911 1032 954 verba
1048 910 1309 955 delictorum
1331 925 1448 954 meo-

58 1001 76 1023 »
111 985 249 1025 rum‘2.
281 1002 298 1022 »
325 981 490 1025 Videtis
514 996 615 1038 ergo
642 981 750 1041 quid
779 981 949 1025 dicatur
984 997 1034 1024 ex
1063 996 1247 1040 persona
1274 981 1443 1040 capitis,

53 1052 162 1112 quid
179 1068 230 1096 ex
251 1068 435 1112 persona
455 1052 661 1111 corporis.
691 1051 853 1096 Delicta
879 1052 933 1095 ad
956 1067 1032 1096 nos
1054 1052 1291 1112 pertinent,
1308 1053 1448 1112 passio

53 1140 132 1185 pro
154 1124 280 1169 nobis
297 1124 352 1168 ad
374 1133 507 1184 caput
529 1124 717 1183 pertinet
744 1143 752 1167 z
784 1123 858 1168 sed
876 1133 1054 1184 propter
1072 1124 1313 1184 passionem
1334 1123 1448 1168 illius

53 1211 133 1255 pro
165 1195 311 1250 nobis,
338 1203 380 1238 et
410 1193 531 1255 quod
554 1193 609 1238 ad
631 1209 709 1239 nos
738 1194 927 1254 pertinet
953 1194 1214 1240 delictorum
1248 1194 1445 1239 solvitur.

57 1265 124 1311 Sic
146 1275 189 1310 et
209 1266 255 1309 in
271 1265 353 1309 isto
369 1263 558 1309 Psalmo.

114 1339 172 1380 ΙΙ.
201 1338 298 1380 Jam
327 1336 430 1380 istos
450 1351 599 1380 versus
616 1336 818 1379 hesterna
846 1335 917 1379 die
940 1336 1245 1380 tractavimus:
1263 1335 1451 1380 breviter

56 1422 447 1452 commemoremus
465 1406 577 1450 illos.
599 1425 619 1448 «
636 1406 719 1459 Qui
735 1406 906 1450 habitat
922 1406 968 1449 in
990 1407 1206 1466 adjutorio
1224 1405 1447 1461 Altissimi,

62 1498 80 1519 »
114 1479 161 1521 in
173 1477 444 1536 protectione
462 1476 539 1521 Dei
561 1476 1063 1521 coelicommorabitur3.
1084 1495 1104 1518 >›
1127 1479 1220 1521 Hoc
1233 1491 1453 1521 commen-

57 1547 256 1593 davimus
278 1547 490 1592 Charitati
511 1549 678 1591 Vestrae
702 1547 746 1590 in
766 1546 856 1590 istis
886 1547 1080 1591 versibus
1096 1583 1106 1602 ‚
1139 1563 1194 1590 ne
1221 1547 1454 1607 quisquam

57 1618 102 1662 in
125 1634 168 1662 se
190 1634 310 1678 spem
328 1626 486 1677 ponat,
512 1617 589 1661 sed
617 1627 753 1661 totam
779 1633 899 1676 spem
924 1633 1045 1661 suam
1061 1618 1107 1678 in
1130 1617 1206 1661 illo
1228 1627 1382 1676 ponat,
1408 1617 1454 1660 in

59 1705 148 1750 quo
169 1699 271 1734 sunt
297 1690 408 1734 vires
432 1698 607 1733 nostrae.
635 1692 698 1733 Ex
725 1688 941 1749 adjutorio
962 1690 1078 1732 enim
1100 1690 1191 1748 ejus
1212 1689 1450 1742 vincimus,

59 1776 150 1805 non
168 1776 219 1804 ex
236 1770 382 1805 nostra
399 1759 756 1820 praesumptione.
779 1759 972 1818 Protegit
988 1772 1089 1817 ergo
1108 1774 1186 1803 nos
1201 1764 1310 1802 Deus
1333 1758 1451 1812 coeli,

61 1832 95 1876 si
112 1830 306 1876 dicamus
325 1831 513 1876 Domino
533 1829 655 1891 quod
677 1832 875 1890 sequitur
896 1850 904 1875 z
931 1849 947 1869 «
974 1830 1098 1874 Dicet
1117 1830 1303 1874 Domino
1323 1849 1330 1873 :
1351 1832 1455 1873 Sus-

65 1921 86 1944 »
121 1912 272 1963 ceptor
289 1918 410 1946 meus
432 1917 476 1946 es
494 1911 564 1956 tu,
584 1911 626 1945 et
644 1901 861 1959 refugium
881 1917 1028 1945 meum
1044 1936 1054 1955 ,
1072 1904 1186 1945 Deus
1199 1916 1321 1943 meus
1333 1936 1343 1954 ‚
1365 1915 1455 1959 spe-

65 1992 86 2015 »
122 1974 229 2018 rabo
250 1974 295 2017 in
318 1989 434 2029 eum.
461 1972 677 2026 Quoniam
694 1972 785 2031 ipse
808 1981 931 2016 eruet
950 1987 1019 2015 me
1041 1971 1096 2015 de
1112 1970 1353 2030 muscipula
1378 1986 1456 2014 ve-

67 2063 88 2086 »
123 2045 347 2099 nantium,
392 2053 435 2088 et
469 2059 493 2087 a
525 2043 660 2087 verbo
698 2034 848 2102 aspero
868 2043 899 2086 4.
928 2042 1160 2087 »Diximus
1198 2042 1299 2101 quia
1331 2041 1458 2085 multi

65 2116 265 2161 timentes
288 2130 490 2175 asperum
503 2115 687 2159 verbum
702 2114 904 2158 incidunt
922 2114 968 2157 in
989 2113 1275 2173 muscipulam
1298 2129 1459 2158 venan-

66 2187 192 2231 tium.
214 2185 457 2230 Insultatur
479 2185 673 2240 homini,
700 2185 803 2244 quia
830 2184 1099 2230 Christianus
1124 2193 1213 2241 est3
1248 2192 1291 2227 et
1313 2184 1457 2243 poeni-

67 2268 130 2303 tet
156 2257 282 2302 illum
299 2294 310 2313 ,
334 2257 436 2318 quia
455 2257 727 2302 Christianus
746 2255 885 2301 factus
906 2266 968 2300 est
985 2291 995 2311 ,
1017 2265 1060 2300 et
1075 2255 1129 2299 ab
1148 2271 1298 2315 aspero
1324 2256 1460 2299 verbo

67 2329 222 2374 incidit
242 2329 289 2372 in
315 2327 605 2388 muscipulam
634 2326 812 2372 diaboli.
843 2326 1082 2371 Insultatur
1106 2327 1236 2371 etiam
1261 2326 1456 2381 homini,

69 2402 170 2462 quia
195 2400 306 2445 inter
319 2399 480 2444 multos
494 2399 760 2444 Christianos
774 2398 928 2443 melius
940 2399 1069 2457 vivit3
1088 2407 1132 2442 et
1143 2398 1299 2442 ‘timens
1313 2414 1462 2457 aspera

71 2471 200 2516 verba
223 2470 552 2524 insultatorum,
573 2469 726 2513 incidit
748 2470 793 2513 in
817 2469 996 2529 laqueos
1019 2468 1205 2524 diaboli,
1230 2478 1280 2513 ut
1304 2485 1392 2514 non
1409 2469 1462 2512 sit

74 2542 262 2586 triticum
284 2541 331 2585 in
354 2557 473 2596 area,
499 2540 573 2585 sed
597 2539 765 2598 paleam
789 2549 1010 2600 sequatur.
1035 2540 1116 2592 Qui
1139 2549 1285 2583 autem
1308 2540 1353 2582 in
1373 2543 1463 2584 Deo

75 2622 237 2672 sperat,
266 2611 432 2655 cruitur
449 2628 471 2655 a
490 2609 732 2669 muscipula
757 2610 1011 2654 venantium
1032 2619 1075 2654 et
1092 2627 1115 2654 a
1138 2610 1271 2654 verbo
1295 2626 1460 2670 aspero.

126 2697 464 2738 1r>211.m‚1s‚=9.
494 2715 524 2718 -
563 2696 662 2727 21th
697 2694 990 2735 ¹2.—1‘r=;d.xc‚
1018 2708 1042 2727 1.
1068 2712 1106 2718 -
1131 2694 1243 2727 4112id.
1267 2705 1301 2732 ρ,
1321 2695 1349 2727 3.
1457 2685 1465 2691 “
