1926 3339
439 335 523 373 218
869 346 902 372 s.
938 342 1169 373 Ancnsnm
1200 344 1384 372 13121500121

436 412 497 469 gis
519 410 715 456 Christus
734 426 862 470 super
885 411 1120 470 Prophetas
1142 420 1185 455 et
1207 410 1436 470 Apostolos
1462 408 1698 464 incumbit,
1728 421 1820 453 non

435 481 498 526 illi
510 496 639 540 super
652 480 776 525 illum
791 516 801 535 ‚
823 481 855 525 si
878 480 1051 525 illisunt
1073 482 1118 525 in
1140 480 1428 525 fundamento
1443 516 1454 536 ,
1468 480 1560 540 ipse
1576 480 1623 522 in
1640 477 1817 537 angulo.

441 552 525 597 Sed
553 552 714 610 cogitet
745 552 821 611 qui
856 552 939 595 hoc
978 551 1106 604 dicit⁷
1142 550 1351 608 angulum
1383 559 1426 594 et
1459 551 1506 593 in
1536 549 1825 594 fundamento

439 637 543 665 esse.
570 624 721 680 Neque
743 621 857 664 enim
879 621 940 664 ibi
958 629 1021 664 est
1048 629 1222 663 tantum
1253 620 1439 678 angulus
1460 620 1539 664 ubi
1560 618 1734 663 videtur
1749 653 1760 674 ‚
1777 626 1828 662 ut

438 701 587 750 surgat
621 692 667 735 in
694 691 860 750 apicem
893 710 901 735 :
930 707 953 734 a
984 689 1273 734 fundamento
1304 691 1419 734 enim
1448 690 1614 750 incipit.
1645 691 1756 735 Nam
1775 698 1827 734 ut

440 762 645 807 noveritis
677 764 779 822 quia
814 770 857 805 et
885 760 1224 806 fundamentum
1255 761 1452 806 Christus
1483 770 1527 805 et
1559 761 1750 821 primum
1785 769 1830 805 et

439 833 676 877 maximum
712 851 722 877 :
757 851 777 874 «
807 832 1191 886 Fundamentum,
1222 831 1367 891 inquit
1403 831 1661 891 ApostoluS‚
1698 845 1830 875 nemo

443 921 465 944 n
499 911 642 962 potest
666 917 827 962 ponere
858 911 1017 962 praeter
1042 901 1089 946 id
1125 900 1245 962 quod
1274 902 1464 961 positum
1493 910 1578 958 est,
1611 900 1734 961 quod
1765 909 1830 945 est

445 991 467 1016 »
502 973 699 1018 Christus
721 975 746 1017 J
749 988 858 1016 esus.
887 990 908 1013 »
929 971 1160 1026 Quomodo
1185 987 1288 1030 ergo
1302 971 1589 1017 fundamenta
1602 971 1831 1031 Prophetae

443 1052 489 1087 et
498 1042 710 1103 Apostoli,
727 1052 770 1087 et
782 1041 1003 1103 quomodo
1022 1041 1359 1086 fundamentum
1373 1042 1569 1087 Christus
1586 1045 1610 1086 J
1614 1056 1726 1095 esuS‚
1741 1055 1831 1102 quo

442 1112 624 1158 ulterius
638 1112 749 1157 nihil
768 1115 856 1157 est?
871 1113 1098 1166 Quomodo
1111 1122 1315 1172 putamus
1326 1149 1336 1168 ,
1359 1113 1441 1157 nisi
1458 1110 1830 1174 quemadmodum

445 1193 593 1242 aperte
607 1183 764 1227 dicitur
772 1192 944 1227 sanctus
953 1192 1218 1237 sanctorum,
1231 1183 1290 1226 sic
1304 1183 1486 1241 figurate
1495 1181 1832 1226 fundamentum

445 1251 860 1297 fundamentorum?
873 1254 914 1296 Si
927 1266 1031 1310 ergo
1043 1261 1307 1295 sacramenta
1316 1253 1493 1310 cogites,
1507 1252 1704 1297 Christus
1717 1265 1834 1295 sanc·

444 1333 514 1367 tus
526 1333 774 1367 sanctorum
792 1342 801 1367 :
817 1323 850 1366 si
865 1336 1037 1381 gregem
1049 1321 1274 1366 subditum
1289 1323 1466 1381 cogites,
1481 1322 1678 1366 Christus
1689 1329 1834 1382 pastor

445 1403 668 1453 pastorum
696 1413 705 1438 2
740 1393 773 1436 si
810 1392 1019 1437 fabricam
1054 1392 1214 1451 cogites
1230 1427 1241 1447 ‚
1278 1393 1474 1437 Christus
1496 1391 1835 1436 fundamentum

445 1462 851 1508 fundamentorum.
877 1466 929 1506 In
946 1462 1138 1506 aedificiis
1155 1463 1243 1506 istis
1264 1478 1353 1507 non
1374 1471 1516 1522 potest
1531 1478 1621 1507 esse
1640 1461 1755 1506 idem
1773 1461 1837 1506 la-

445 1536 510 1595 pis
531 1536 577 1579 in
599 1535 687 1578 imo
709 1543 752 1579 et
774 1535 819 1577 in
848 1549 1018 1593 summo
1052 1550 1061 1575 :
1086 1534 1120 1578 si
1143 1532 1274 1578 fuerit
1293 1534 1339 1577 in
1355 1534 1466 1589 imo,
1489 1534 1536 1577 in
1553 1548 1723 1577 summo
1747 1548 1837 1578 non

451 1606 556 1662 erit3
579 1605 613 1649 si
634 1605 680 1648 in
694 1620 865 1649 summo
886 1604 1040 1658 fuerit,
1074 1604 1121 1648 in
1139 1604 1228 1649 imo
1251 1620 1339 1649 non
1355 1605 1450 1649 erit.
1478 1604 1706 1662 Angustias
1721 1603 1837 1647 enim

451 1676 597 1721 omnia
618 1691 730 1735 pene
748 1691 928 1734 corpora
950 1675 1198 1734 patiuntur,
1224 1689 1304 1719 nec
1331 1675 1496 1735 ubique
1513 1689 1602 1718 esse
1623 1682 1805 1734 possunt
1824 1708 1835 1728 ‚

451 1762 533 1791 nec
549 1761 733 1805 semper.
755 1746 964 1790 Divinitas
985 1755 1130 1789 autem
1153 1761 1253 1805 quae
1275 1745 1440 1805 ubique
1457 1753 1615 1804 praesto
1637 1753 1700 1789 est
1717 1779 1728 1800 ‚
1755 1759 1840 1788 un-

450 1818 583 1876 dique
618 1816 673 1860 ad
703 1831 797 1859 eam
828 1825 970 1875 potest
997 1815 1098 1859 duci
1125 1814 1364 1859 similitudo
1400 1835 1409 1860 :
1449 1824 1492 1859 et
1519 1824 1664 1859 totum
1698 1823 1840 1875 potest

450 1903 542 1932 esse
563 1889 609 1931 in
644 1886 999 1931 similitudinibus
1013 1922 1024 1941 ,
1049 1887 1151 1946 quia
1173 1885 1284 1930 nihil
1304 1887 1462 1930 horum
1484 1895 1548 1930 est
1574 1886 1621 1929 in
1640 1885 1841 1946 proprie-

457 1958 635 2003 tatibus.
660 1956 888 2018 Numquid
910 1957 1106 2002 Christus
1122 1958 1255 2017 janua
1277 1965 1355 2012 est,
1379 1956 1752 2018 quemadmodum
1773 1955 1842 2001 vi-

455 2030 608 2074 demus
625 2030 780 2089 januas
798 2027 930 2072 factas
952 2044 976 2072 a
997 2027 1154 2072 fabro?
1174 2030 1272 2073 Non
1286 2028 1452 2088 utique.
1475 2031 1533 2072 Et
1549 2036 1695 2071 tamen
1716 2026 1841 2081 dixit,

457 2120 480 2143 «
514 2102 607 2157 Ego
627 2114 725 2143 sum
740 2099 874 2159 janua
889 2101 920 2141 ¹.
947 2116 969 2139 »
993 2102 1084 2143 Aut
1104 2098 1322 2158 numquid
1352 2100 1411 2143 sic
1434 2107 1498 2142 est
1517 2107 1665 2158 pastor
1682 2133 1694 2153 ‚
1728 2113 1843 2158 quo-

456 2170 590 2216 modo
610 2169 808 2214 videmus
830 2178 1021 2229 pastores
1042 2170 1144 2214 istos
1165 2170 1417 2230 praepositos
1438 2171 1672 2229 pecorum?
1692 2172 1750 2214 Et
1774 2168 1845 2213 di-

456 2243 540 2298 xit,
573 2244 707 2300 «Ego
727 2257 823 2284 sum
846 2250 993 2301 pastor
1005 2242 1038 2285 ².
1073 2259 1094 2282 »
1119 2244 1177 2285 Et
1199 2256 1287 2286 uno
1316 2240 1414 2286 loco
1448 2241 1595 2286 ambas
1619 2256 1686 2285 res
1718 2239 1841 2285 dixit.

1922 1886 1926 1895 -
1916 1543 1926 1868 -4-.1=—-.=.⁴—..-—.—
1921 1503 1926 1525 Α.
1919 1472 1923 1479 -
1922 1411 1926 1420 -

460 2316 513 2357 In
534 2311 770 2370 Evangelio
794 2311 924 2366 dixit,
944 2310 1045 2372 quia
1063 2320 1210 2370 pastor
1231 2326 1307 2371 per
1324 2312 1504 2371 januam
1527 2311 1660 2355 intrat
1686 2331 1695 2356 :
1720 2320 1763 2355 et
1783 2311 1846 2354 ibi
1909 2315 1926 2367 23:

460 2382 571 2427 dixit
589 2417 600 2438 ,
628 2401 649 2424 «
674 2384 766 2439 Ego
788 2395 884 2425 sum
904 2390 1047 2441 pastor
1060 2381 1201 2426 bonus
1222 2400 1231 2425 ε
1254 2399 1273 2422 >›
1296 2391 1340 2425 et
1356 2381 1418 2424 ibi
1440 2380 1549 2425 dixit
1563 2417 1574 2437 ,
1595 2400 1614 2423 (ι,
1639 2383 1734 2440 Ego
1751 2395 1847 2425 sum
1910 2391 1926 2424 ς·

462 2471 483 2494 »
513 2454 687 2513 januass.
718 2470 738 2493 »
765 2456 914 2497 Pastor
945 2452 1079 2496 intrat
1099 2467 1176 2512 per
1202 2452 1396 2512 januam.
1418 2454 1475 2496 Et
1503 2453 1600 2512 quis
1621 2461 1686 2496 est
1704 2460 1849 2512 pastor

465 2523 543 2585 qui
563 2523 695 2566 intrat
727 2538 804 2582 per
829 2524 1046 2583 januam?
1081 2542 1102 2565 «
1127 2525 1221 2581 Ego
1256 2537 1353 2566 sum
1383 2533 1530 2582 pastor
1562 2522 1718 2567 bonus.
1747 2540 1767 2564 »
1791 2524 1850 2566 Et

462 2610 564 2655 quae
592 2603 656 2638 est
682 2608 783 2652 ergo
806 2595 963 2653 janua,
995 2609 1083 2653 qua
1114 2594 1250 2638 intras
1271 2602 1346 2649 tu‚
1371 2603 1517 2654 pastor
1530 2593 1675 2639 bone?
1704 2612 1724 2635 «
1754 2595 1849 2652 Ego

511 2687 519 2702 ¹
541 2691 553 2712 1
577 2682 649 2713 Cor.
669 2691 718 2719 111,
741 2691 792 2712 11.
812 2696 854 2702 —-
875 2687 887 2703 ²
905 2682 1000 2712 Joan.
1025 2689 1057 2720 x,
1080 2690 1113 2720 9.
1134 2694 1176 2700 —
1193 2676 1207 2701 3
1225 2678 1306 2710 Ibid.
1330 2689 1378 2710 11.
