1926 3339
486 313 541 353 74
922 319 954 346 S.
992 320 1219 346 AUGUSTINI
1253 319 1432 347 EPISCOPI

489 407 509 430 »
544 387 764 432 missiones
783 389 972 429 Patruin.
1003 401 1022 423 »
1048 386 1160 426 Eece
1182 382 1301 441 quod
1318 392 1406 427 est:
1433 401 1452 424 «
1477 385 1574 427 Non
1597 395 1692 426 sum
1713 380 1866 424 missus

490 477 510 501 »
545 459 625 502 nisi
656 457 708 500 ad
744 471 866 509 oves,
904 470 1002 514 quae
1038 454 1257 512 perierunt
1289 453 1443 498 domus
1474 452 1619 498 Israel.
1651 472 1668 493 »
1700 452 1866 496 Deinde

488 528 714 588 subjungit
735 525 966 585 Apostolus
987 542 995 568 ε
1026 543 1042 563 «
1074 524 1232 566 Gentes
1255 532 1399 566 autem
1421 538 1550 582 super
1578 521 1867 566 misericordia

489 617 510 640 >›
546 597 783 656 glorificare
802 599 955 639 Deum.
985 612 1004 634 »
1030 595 1142 637 Ecce
1164 593 1283 652 quod
1305 603 1393 638 est:
1416 593 1601 637 «Habeo
1624 592 1726 636 alias
1749 607 1864 647 oves,

493 689 510 710 »
547 683 645 727 quae
668 682 756 709 non
779 674 881 708 sunt
908 664 961 708 dc
986 665 1070 707 hoc
1101 664 1226 721 ovili3
1251 673 1422 723 oportet
1441 679 1509 707 mc
1528 673 1571 707 et
1591 664 1702 722 ipsas
1725 661 1869 706 addu-

488 757 508 780 >›
545 753 657 791 cere,
679 745 729 779 ut
745 736 798 779 sit
819 751 931 778 unus
955 750 1057 793 grex
1075 745 1117 778 et
1134 750 1247 778 unus
1269 743 1428 794 pastor.
1450 753 1470 775 »
1489 734 1619 787 Quod
1634 742 1871 793 utrumque

485 808 672 852 breviter
704 807 865 850 dictum
898 816 961 849 est
992 806 1034 849 in
1058 821 1108 849 eo
1130 805 1251 865 quod
1282 805 1335 849 de
1360 805 1573 864 Propheta
1594 803 1709 848 idem
1733 807 1872 862 Apos-

485 879 599 923 tolus
621 885 955 921 commemorat:
983 897 997 915 «
1022 876 1249 919 Laetamini
1264 878 1423 920 Gentes
1435 891 1535 920 cum
1558 874 1687 934 plebe
1701 875 1792 934 ejus
1807 876 1867 918 1.»
1916 881 1920 884 '

486 948 561 993 Isti
582 963 683 1006 ergo
706 962 819 990 unus
851 962 951 1004 grex
973 946 1053 990 sul)
1085 955 1254 1005 pastore
1281 961 1390 1001 uno,
1415 944 1644 989 haereditas
1678 945 1754 989 Dei
1785 952 1868 998 est,

485 1034 575 1062 non
609 1017 748 1061 solum
782 1017 938 1069 Patris,
976 1015 1050 1059 sed
1083 1016 1211 1059 etiam
1247 1016 1358 1059 Filii.
1392 1018 1500 1061 Nam
1533 1015 1741 1059 Filiivox
1772 1023 1868 1057 est:

489 1107 508 1130 «
546 1092 689 1132 Funes
713 1088 965 1132 ceciderunt
992 1087 1098 1131 mihi
1121 1087 1164 1130 in
1183 1086 1399 1146 praeclaris
1417 1122 1428 1142 ‚
1462 1087 1621 1131 etenim
1644 1085 1873 1130 haereditas

491 1177 511 1199 »
547 1174 641 1202 mea
662 1157 866 1217 praeclara
892 1167 954 1201 cst
973 1158 1119 1200 milii‘2.
1151 1175 1170 1198 »
1194 1161 1248 1202 Et
1270 1158 1401 1217 ipsius
1421 1156 1685 1201 haereditatis
1706 1171 1790 1199 vox
1810 1164 1874 1199 est

485 1227 602 1287 apud
621 1229 882 1287 Prophetam
907 1246 914 1272 :
947 1246 962 1267 «
992 1228 1175 1271 Domine
1193 1230 1306 1271 Deus
1328 1237 1490 1281 noster,
1508 1225 1677 1286 posside
1694 1226 1817 1283 nosss3.
1845 1243 1864 1265 »

486 1301 610 1342 Hanc
632 1299 931 1342 haereditatem
955 1313 1044 1343 non
1073 1298 1260 1342 moriens
1283 1300 1410 1341 Pater
1432 1297 1541 1341 Filio
1558 1296 1734 1356 reliquit
1760 1314 1769 1340 ι
1796 1295 1871 1339 sed

482 1369 575 1428 ipse
597 1369 732 1412 Filius
755 1384 848 1412 eam
870 1385 943 1413 sua
965 1379 1103 1413 morte
1120 1368 1374 1413 mirabiliter
1391 1367 1633 1429 acquisivit,
1650 1381 1782 1427 quam
1800 1380 1870 1421 re-

483 1439 750 1483 surrectione
771 1439 974 1498 possedit.

545 1511 621 1553 IV.
666 1509 709 1554 Si
738 1524 838 1567 ergo
869 1511 922 1553 de
950 1510 1030 1553 hac
1064 1509 1397 1568 intelligendum
1425 1518 1489 1553 est
1515 1524 1603 1569 quo
1629 1509 1675 1552 in
1713 1506 1872 1552 Psalmi

483 1580 612 1639 hujus
630 1579 857 1638 prophetia
880 1580 1050 1624 canitur
1069 1599 1078 1625 z
1111 1599 1127 1620 «
1157 1572 1505 1624 Deus'venerunt
1527 1580 1686 1623 Gentes
1710 1577 1756 1620 in
1778 1577 1871 1621 hae-

485 1669 506 1693 »
542 1649 769 1694 reditatem
788 1660 907 1694 tuam
923 1686 934 1706 ‚
963 1669 982 1692 »
1004 1659 1053 1695 ut
1073 1651 1240 1695 venisse
1261 1652 1421 1695 Gentes
1445 1649 1705 1709 accipiamus
1722 1648 1768 1692 in
1784 1650 1871 1693 Ec-

483 1720 656 1765 clesiam
673 1756 684 1776 ,
718 1737 808 1764 non
836 1721 1056 1766 credendo
1073 1757 1084 1777 ‚
1119 1721 1194 1766 sed
1231 1721 1531 1781 persequendo
1549 1756 1560 1775 ,
1586 1720 1629 1763 id
1655 1728 1741 1774 est,
1777 1734 1872 1763 eam

482 1792 684 1836 invasisse
704 1791 931 1836 voluntate
948 1791 1124 1836 delendi
1146 1801 1276 1853 atque
1299 1793 1477 1837 omnino
1501 1790 1733 1851 perdendi,
1762 1790 1871 1834 sicut

484 1871 550 1906 tot
590 1863 942 1921 persecutionum
986 1862 1180 1922 exempla
1229 1872 1524 1907 monstrarunt
1558 1877 1567 1903 :
1608 1869 1782 1920 oportet
1822 1869 1872 1904 ut

483 1932 602 1992 quod
635 1933 829 1992 sequitur
853 1952 861 1977 ε
892 1950 908 1972 «
934 1932 1191 1977 Polluerunt
1212 1933 1423 1993 templum
1448 1941 1647 1976 sanctum
1667 1941 1792 1975 tuum
1808 1965 1819 1986 ‚
1848 1947 1867 1971 »

484 2019 574 2047 non
603 2003 648 2046 in
681 2002 808 2061 lignis
840 2012 883 2047 et
913 2001 1150 2062 lapidibus,
1183 2003 1258 2047 sed
1287 2004 1333 2048 in
1365 2003 1463 2063 ipsis
1495 2001 1761 2060 intelligatur
1789 2002 1872 2045 ho-

482 2073 695 2128 minibus,
735 2071 790 2116 de
821 2073 1003 2132 quibus,
1035 2082 1244 2133 tanquam
1276 2072 1496 2133 lapidibus
1517 2073 1648 2128 vivis,
1679 2072 1872 2117 construi

483 2144 590 2206 dicit
623 2145 842 2204 apostolus
867 2148 1018 2188 Petrus
1054 2144 1234 2189 domum
1267 2146 1380 2190 Dei⁴.
1420 2145 1544 2190 Unde
1576 2155 1619 2189 et
1651 2144 1871 2204 apostolus

482 2215 643 2260 Paulus
671 2215 936 2275 apertissime
969 2216 1101 2261 dicit:
1143 2235 1159 2256 «
1188 2217 1417 2276 Templum
1448 2217 1525 2261 Dei
1556 2225 1754 2261 sanctum
1782 2225 1867 2270 est,

485 2303 505 2327 »
541 2285 661 2346 quod
679 2287 776 2330 estis
799 2287 915 2331 vos⁵.
943 2305 962 2328 »
990 2289 1082 2331 Hoc
1104 2287 1250 2347 itaque
1275 2288 1485 2347 templum
1510 2297 1805 2347 persecutores
1826 2287 1871 2330 in

482 2355 550 2400 his
572 2357 728 2417 utique
753 2357 1003 2415 polluerunt
1018 2393 1028 2412 ‚
1052 2374 1161 2418 quos
1186 2357 1240 2402 ad
1262 2363 1511 2417 negandum
1541 2357 1761 2403 Christum
1782 2367 1870 2401 ter-

487 2427 625 2472 rendo
648 2428 717 2472 vel
736 2427 971 2473 cruciando
989 2432 1255 2488 coegerunt,
1279 2440 1409 2490 atque
1428 2439 1477 2474 ut
1502 2429 1628 2474 idolis
1655 2429 1875 2489 supplica-
1924 2450 1926 2484 3

483 2507 581 2541 rent
603 2499 883 2542 vehementer
907 2499 1109 2543 instando
1128 2499 1326 2544 fecerunt
1349 2521 1357 2545 ι
1384 2516 1572 2560 quorum
1594 2499 1755 2544 multos
1778 2514 1872 2559 poe·
1924 2490 1926 2534 ἶ

529 2598 537 2613 ¹
557 2595 646 2625 Rom.
681 2605 744 2634 xv,
764 2596 851 2626 8-10.
881 2610 922 2616 —
943 2601 954 2616 ²
977 2594 1053 2625 psal.
1073 2606 1144 2633 cxv,
1171 2595 1202 2626 (ἶ.
1226 2612 1266 2617 -
1289 2594 1388 2627 3Isa'1‘.
1413 2607 1506 2637 κ’(νι,
1533 2597 1570 2626 13
1589 2621 1595 2634 ‚
1612 2597 1704 2635 juxta
1731 2606 1802 2626 mx.
1826 2610 1867 2616 —

494 2646 508 2675 l,
553 2650 642 2680 Pctr.
661 2660 695 2689 n,
718 2649 748 2681 5.
778 2666 817 2671 -—
837 2647 851 2671 5
874 2661 883 2680 1
907 2652 977 2681 Cor.
996 2660 1045 2684 ιιι,
1071 2661 1119 2690 ¹7-
