1926 3339
435 360 458 396 3
467 359 517 397 40
861 372 893 396 s.
930 369 1014 395 Auo
1023 371 1158 396 osum
1192 369 1369 395 Eriscom

435 444 522 478 tem
540 435 616 478 Dei
638 434 928 478 annuntiabat
949 449 1026 493 per
1046 443 1233 478 noctem.
1260 431 1375 486 Quid
1397 440 1475 485 est,
1497 431 1720 474 veritatem
1736 430 1813 473 Dei

433 505 691 548 annuntiare
711 519 787 563 per
810 506 1012 547 noctem?
1034 507 1131 548 Non
1153 518 1353 547 accusare
1372 507 1521 555 Deum,
1539 500 1639 560 quia
1656 499 1814 558 pateris

432 574 599 635 aliquid
620 575 722 619 mali
738 595 749 631 3
764 575 839 619 sed
857 575 1046 619 tribuere
1067 573 1178 618 illud
1199 574 1383 633 peccatis
1406 572 1505 626 tuis,
1520 569 1815 615 emendationi

434 646 566 706 ipsius
588 664 596 689 ;
625 644 732 689 «Ad
760 644 1112 689 annuntiandum
1135 659 1262 687 mane
1292 641 1628 687 misericordiam
1645 676 1656 697 ,
1682 640 1815 700 ipsius

437 735 456 758 »
493 725 535 759 et
554 715 779 759 veritatem
801 729 877 774 per
899 723 1088 758 noctem.
1117 731 1137 754 »
1165 716 1277 758 Cum
1295 712 1629 757 misericordiam
1651 726 1817 755 annun·

434 787 512 829 tias
529 800 657 828 mane
679 794 722 828 et
737 784 964 828 veritatem
982 800 1059 844 per
1080 793 1275 838 noctem,
1301 799 1469 843 semper
1490 782 1641 826 laudas
1658 785 1814 836 Deum,

432 870 602 915 semper
624 854 841 899 confiteris
865 858 954 898 Deo
970 889 980 909 ‚
1007 863 1050 898 et
1066 853 1208 914 psallis
1230 853 1395 898 nomini
1413 853 1520 913 ejus.

490 927 544 968 V.
562 944 582 966 «
597 928 647 968 In
670 923 943 969 decachordo
965 923 1190 983 psalterio,
1211 939 1312 968 cum
1333 925 1500 967 cantico
1518 922 1563 966 in
1584 922 1813 966 csthara'.»

434 995 763 1040 Decachordum
794 995 1047 1055 psalterium
1079 1010 1169 1039 non
1202 993 1333 1038 modo
1353 993 1545 1037 audistis.
1576 992 1820 1037 Decachor-

432 1066 539 1110 dum
557 1066 808 1126 psalterium
831 1067 1044 1125 significat
1061 1065 1210 1110 decem
1234 1075 1449 1126 praecepta
1467 1065 1604 1123 Legis.
1624 1063 1707 1109 Sed
1724 1079 1821 1108 can-

433 1148 525 1182 tare
546 1138 591 1181 in
607 1137 682 1181 illo
701 1153 808 1197 opus
826 1147 904 1193 est,
919 1154 1009 1182 non
1026 1147 1198 1197 portare
1215 1137 1481 1197 psalterium.
1499 1139 1607 1180 Nam
1622 1145 1665 1180 et
1678 1138 1701 1179 J
1707 1134 1822 1179 udaei

434 1209 599 1253 habent
621 1211 796 1265 Legem,
817 1217 1016 1267 portant,
1043 1224 1131 1252 non
1152 1207 1357 1267 psallunt.
1385 1207 1470 1260 Qui
1487 1216 1589 1251 sunt
1606 1206 1682 1267 qui
1703 1205 1819 1266 psal-

433 1280 562 1324 lunt?
585 1279 669 1331 Qui
688 1288 940 1337 operantur.
959 1282 1119 1322 Parum
1141 1288 1217 1322 est.
1235 1278 1319 1331 Qui
1342 1287 1576 1337 operantur
1597 1292 1698 1321 eum
1722 1275 1821 1320 tris-

436 1351 528 1394 titia
548 1384 558 1404 ,
583 1348 781 1394 nondum
804 1348 1010 1408 psallunt.
1038 1349 1121 1402 Qui
1143 1358 1245 1392 sunt
1267 1349 1344 1408 qui
1367 1347 1589 1407 psallunt?
1615 1346 1699 1400 Qui
1723 1361 1825 1391 cum

435 1420 651 1465 hilaritate
670 1419 836 1465 faciunt
863 1420 990 1463 bene.
1012 1423 1062 1464 In
1085 1418 1310 1479 psallendo
1332 1419 1447 1462 enim
1468 1417 1659 1462 hilaritas
1674 1426 1753 1461 est.
1768 1419 1825 1462 Et

436 1491 543 1551 quid
575 1490 680 1534 dicit
709 1489 982 1549 Apostolus?
1020 1509 1040 1532 «
1075 1489 1266 1533 Hilarem
1305 1489 1419 1532 enim
1454 1488 1650 1534 datorem
1683 1488 1824 1546 diligit

440 1580 458 1602 »
495 1564 609 1605 Deus
623 1565 656 1605 2.
686 1579 705 1601 »
734 1560 961 1621 Quidquid
983 1559 1108 1615 facis,
1146 1575 1246 1604 cum
1278 1559 1494 1604 hilaritate
1526 1559 1624 1604 fac:
1656 1559 1824 1603 honum

439 1642 542 1677 tune
563 1642 606 1676 et
623 1632 734 1675 hene
756 1631 874 1675 facis.
912 1632 954 1676 Si
973 1641 1119 1675 autem
1139 1648 1239 1676 cum
1258 1631 1427 1675 tristitia
1451 1629 1577 1686 facis,
1602 1631 1651 1674 fit
1673 1630 1726 1673 de
1748 1639 1791 1674 te
1813 1664 1824 1685 ‚

439 1719 529 1747 non
559 1701 688 1760 facis;
722 1711 765 1746 et
788 1711 931 1762 portas
964 1702 1098 1759 magis
1125 1702 1397 1761 psalterium,
1423 1717 1512 1745 non
1538 1711 1700 1746 cantas.
1731 1720 1751 1742 «
1776 1703 1828 1744 In

441 1793 461 1816 »
497 1773 699 1834 psalterio
735 1773 1031 1829 decachordo,
1064 1789 1164 1817 cum
1197 1773 1367 1817 cantico
1405 1772 1450 1815 in
1473 1771 1635 1816 eithara
1662 1790 1670 1816 :
1699 1789 1719 1812 »
1745 1772 1828 1816 hoc

439 1853 503 1889 est
523 1879 534 1899 ‚
560 1843 695 1888 verbo
727 1853 770 1887 et
804 1859 949 1903 opere.
980 1845 1137 1888 «Cum
1171 1843 1361 1898 cantico,
1391 1860 1411 1884 n
1443 1842 1602 1900 verho3
1636 1861 1656 1884 «
1682 1845 1734 1885 In
1766 1841 1830 1886 ci-

444 1934 462 1956 »
500 1915 622 1959 thara
639 1950 649 1970 ,
679 1933 698 1956 »
723 1930 867 1975 opere.
898 1914 940 1959 Si
960 1914 1094 1959 verba
1116 1914 1205 1958 sola
1224 1913 1328 1958 dicis
1344 1949 1354 1968 ‚
1376 1913 1498 1973 quasi
1520 1913 1736 1957 canticum
1760 1928 1830 1957 so-

440 1986 534 2030 lum
562 1986 723 2041 habes,
756 1986 964 2030 citharam
999 2002 1088 2031 non
1122 1986 1256 2029 habes
1294 2005 1303 2031 :
1343 1986 1377 2030 si
1408 1985 1596 2045 operaris
1618 2020 1629 2040 ,
1665 1994 1709 2029 et
1739 2000 1829 2029 non

442 2057 633 2117 loqueris
647 2092 657 2111 ,
684 2057 806 2117 quasi
828 2055 964 2101 solam
986 2057 1198 2101 citharam
1225 2057 1372 2101 habes.
1402 2060 1582 2116 Propter
1603 2057 1687 2100 hoc
1709 2065 1751 2099 et
1767 2055 1830 2100 lo-

441 2144 574 2188 quere
607 2129 746 2182 bene,
786 2136 828 2172 et
862 2127 930 2172 fac
968 2128 1104 2183 bene,
1136 2127 1170 2171 si
1202 2127 1263 2172 vis
1302 2128 1463 2171 habere
1485 2128 1703 2172 canticum
1727 2143 1832 2171 cum

445 2200 626 2243 cithara.

501 2271 576 2312 VI.
608 2287 627 2309 «
652 2268 762 2322 Quia
782 2267 1032 2328 jucundasti
1062 2283 1156 2322 me,
1190 2267 1372 2311 Domine
1388 2303 1398 2322 ,
1428 2268 1473 2312 in
1506 2267 1671 2312 factura
1693 2277 1768 2312 tua
1790 2277 1834 2312 et

448 2359 468 2381 »
504 2339 550 2382 in
572 2339 775 2397 operibus
798 2353 1012 2382 manuum
1034 2348 1209 2382 tuarum
1231 2336 1479 2382 exultabo³.
1496 2357 1515 2379 »
1543 2338 1708 2382 Videtis
1725 2338 1834 2399 quid

449 2410 578 2454 dieat.
608 2412 673 2452 'l'u
695 2424 764 2452 me
787 2409 928 2453 fecisti
948 2409 1060 2452 bene
1092 2409 1310 2453 viventem
1331 2445 1341 2464 ,
1367 2419 1416 2453 tu
1441 2425 1510 2453 me
1543 2408 1736 2454 formasti
1764 2429 1774 2455 ε
1799 2410 1833 2454 si

448 2479 556 2541 quid
578 2481 691 2524 forte
716 2480 818 2524 boni
842 2479 952 2523 facio
973 2514 983 2534 ‚
1016 2480 1061 2522 in
1085 2477 1251 2524 factura
1274 2497 1484 2525 manuum
1509 2490 1682 2525 tuarum
1710 2480 1832 2525 exul-

449 2553 567 2595 tabo.
594 2550 824 2604 Quomodo
847 2550 952 2594 dicit
973 2551 1205 2610 Apostolus
1227 2571 1270 2595 2«
1290 2552 1426 2611 Ipsius
1444 2553 1560 2596 enim
1582 2568 1730 2597 sumus
1753 2553 1834 2611 fig-

448 2633 644 2667 mentum
662 2658 672 2677 ,
711 2622 840 2666 creati
868 2622 912 2665 in
935 2623 1137 2681 operibus
1166 2622 1291 2666 bonis
1307 2624 1338 2666 4.
1369 2641 1388 2664 »
1414 2623 1500 2668 Nisi
1533 2624 1649 2667 enim
1674 2633 1716 2668 te
1740 2623 1831 2668 for-

498 2714 504 2729 ¹
535 2707 613 2738 Psal.
642 2719 702 2743 xm,
719 2706 749 2747 4.
769 2723 807 2728 -—
831 2713 841 2728 2
859 2709 962 2738 2001:
981 2716 1025 2745 ix,
1047 2717 1075 2747 5.
1098 2723 1138 2728 —
1162 2703 1174 2728 3
1194 2706 1270 2738 Psal.
1302 2718 1360 2747 xci,
1379 2706 1409 2738 5.
1444 2723 1484 2729 —-
1505 2706 1520 2737 lt
1549 2707 1651 2749 Ephe-s
1679 2719 1713 2748 n,
1736 2719 1785 2740 10.
