1926 3339
253 336 492 365 ENARRATio
525 339 557 364 11
589 339 633 364 IN
667 337 869 364 PSALMUM
903 337 975 374 xc,
1012 338 1149 366 semro
1182 342 1228 366 11.
1337 331 1415 369 321

42 407 191 447 Postea
215 411 422 446 venturus
439 411 502 446 est
523 401 719 446 Christus
735 437 745 456 ‚
770 411 820 445 ut
839 416 928 446 non
950 401 1145 446 offendat
1162 402 1216 446 ad
1232 403 1425 462 lapidem

38 471 195 533 pedem
209 488 358 517 suum:
384 475 406 516 J
413 473 663 517 udicaturus
687 472 803 515 enim
819 472 980 516 veniet.
1008 472 1093 517 Ubi
1111 487 1214 531 ergo
1241 474 1428 533 comple·

39 553 133 588 tum
160 546 253 587 est?
279 542 484 587 Intendat
505 544 701 588 Charitas
725 546 890 587 Vestra.

99 616 176 657 IV:
203 613 347 658 Primo
371 614 450 658 hos
479 629 627 658 versus
662 613 808 658 audite
838 633 846 658 :
877 633 896 655 «
923 614 1140 667 Quoniam
1161 623 1212 658 tu
1234 630 1299 669 es,
1336 618 1427 659 Do-

42 703 63 726 »
98 684 236 739 mine,
258 700 351 744 spes
369 699 464 728 mea
484 706 494 742 3
520 683 774 729 altissimum
796 684 978 744 posuisti
1000 683 1219 744 refugium
1242 695 1384 730 tuum.
1404 704 1424 727 »

40 756 1431 816 Genusluunanunirnon.honnneninovfflmt,refflngemaenon

39 836 245 872 noverat:
271 826 370 872 ideo
394 827 516 888 quod
537 829 710 872 timeret
738 827 929 871 habebat
944 863 954 882 ,
986 828 1108 888 quod
1130 839 1321 888 speraret
1339 846 1430 874 non
1462 824 1465 826 ’

38 898 240 942 habebat.
269 900 326 942 Ut
357 914 459 957 ergo
480 897 554 942 ille
579 899 655 959 qui
677 907 858 957 propter
880 897 1152 958 disciplinam
1176 898 1279 944 fecit
1297 901 1430 945 timo-

38 984 130 1013 rem
146 969 296 1014 mortis
318 1005 328 1025 ,
354 979 532 1029 propter
554 971 782 1029 praemium
800 968 962 1014 futurae
985 971 1086 1014 vitae
1109 980 1286 1015 aeternae
1308 972 1433 1016 daret

39 1056 158 1100 spem
181 1040 505 1084 resurrectionis
523 1075 533 1094 ‚
555 1041 673 1099 prior
693 1041 929 1084 resurrexit
954 1042 1164 1085 Dominus
1186 1046 1332 1087 noster
1355 1046 1431 1086 Je-

39 1127 109 1155 sus
141 1111 354 1156 Christus.
389 1114 591 1155 Mortuus
621 1120 686 1155 est
718 1120 816 1170 post
849 1110 1041 1170 multos;
1073 1114 1304 1158 resurrexit
1333 1124 1434 1159 ante

40 1198 202 1227 omnes.
233 1185 326 1226 Hoc
349 1197 496 1241 passus
520 1190 583 1225 est
620 1181 848 1226 moriendo
863 1217 873 1237 ‚
913 1183 1034 1243 quod
1057 1185 1148 1244 jam
1171 1185 1299 1229 multi
1320 1186 1433 1244 passi

40 1262 162 1297 erant
180 1272 188 1297 z
215 1253 298 1297 hoc
316 1254 407 1312 jam
429 1251 533 1296 fecit
550 1251 834 1311 resurgendo,
855 1254 976 1312 quod
995 1252 1142 1298 nullus
1165 1264 1266 1299 ante
1287 1255 1429 1300 illum.

39 1324 224 1380 Quando
247 1325 364 1368 enim
383 1325 468 1369 hoc
490 1324 671 1383 accipiet
693 1324 886 1368 Ecclesia
904 1360 914 1380 ‚
940 1325 1022 1369 nisi
1043 1326 1088 1369 in
1109 1327 1226 1371 fine?
1242 1331 1434 1372 Praeces—

39 1396 92 1440 sit
112 1396 158 1439 in
185 1395 327 1455 capite
350 1394 470 1455 quod
500 1394 696 1438 membra
719 1404 894 1454 sperent
915 1414 923 1439 :
949 1395 1071 1440 novit
1099 1397 1215 1440 enim
1237 1398 1434 1442 Charitas

39 1470 212 1521 Vestra,
239 1465 462 1526 quomodo
480 1465 594 1509 inter
611 1481 656 1510 se
679 1464 842 1510 dicant.
870 1465 992 1510 Dicat
1015 1483 1117 1526 ergo
1138 1468 1437 1526 EcclesiavDo-

38 1539 158 1583 mino
182 1554 261 1582 suo
283 1540 386 1582 ‚Iesu
408 1537 581 1582 Christo
598 1572 609 1592 ‚
636 1536 753 1581 dicat
776 1553 934 1597 corpus
957 1539 1090 1597 capiti
1111 1555 1190 1584 suo
1224 1560 1232 1584 :
1267 1560 1286 1582 «
1313 1546 1433 1594 Quo-

41 1629 62 1652 »
97 1610 213 1670 niam
245 1619 295 1653 tu
330 1624 398 1664 es,
431 1608 646 1663 Domine,
685 1624 781 1668 spes
804 1624 928 1666 mea3
967 1608 1224 1654 altissimum
1255 1613 1435 1671 posuisti

42 1700 62 1723 »
97 1680 317 1740 refugium
340 1688 467 1724 tuum
489 1699 498 1723 ε
522 1697 542 1720 »
568 1678 615 1723 id
637 1688 701 1723 est
717 1714 727 1733 ,
752 1678 852 1724 ideo
882 1681 1150 1725 resurrexisti
1173 1698 1195 1726 a
1221 1683 1401 1727 mortuis
1419 1719 1430 1738 ⁷

39 1762 83 1797 et
104 1753 151 1796 in
172 1750 336 1796 coelum
359 1750 589 1795 ascendisti
606 1785 616 1804 ‚
637 1759 688 1794 ut
709 1749 845 1794 altum
864 1766 1048 1810 poneres
1066 1753 1287 1812 refugium
1305 1763 1429 1798 tuum

40 1822 275 1869 ascendens
289 1858 300 1877 ,
327 1831 370 1866 et
390 1822 512 1865 fieres
526 1836 632 1880 vspes
661 1836 756 1864 mea
778 1855 788 1876 ,
810 1822 887 1881 qui
908 1822 954 1865 in
984 1831 1095 1866 terra
1117 1822 1402 1883 desperabam
1417 1860 1428 1878 ‚

40 1904 83 1939 et
101 1910 169 1938 me
183 1902 528 1938 resurrecturum
545 1907 634 1935 esse
650 1907 741 1935 non
758 1890 990 1951 credebam
1003 1913 1014 1950 3
1028 1892 1160 1937 modo
1170 1894 1261 1954 jam
1279 1894 1427 1950 credo,

40 1967 143 2027 quia
164 1964 356 2010 ascendit
378 1965 423 2008 in
447 1963 611 2009 coelum
634 1973 767 2023 caput
793 1979 940 2008 meum
957 1985 968 2022 3
985 1981 1074 2025 quo
1092 1975 1223 2024 caput
1246 1983 1430 2026 praeces-

41 2039 95 2082 sit
109 2073 119 2092 ,
145 2046 188 2082 et
208 2036 405 2081 membra
427 2044 627 2079 secutura
648 2043 763 2078 sunt.
792 2038 905 2079 Puto
928 2037 1017 2095 jam
1039 2035 1319 2080 manifestum
1341 2053 1431 2081 esse

41 2108 162 2170 quod
178 2107 344 2152 dictum
369 2115 432 2151 est
459 2126 468 2151 :
499 2126 518 2147 «
544 2106 761 2160 Quoniam
784 2115 833 2149 tu
855 2121 899 2149 es
921 2141 932 2161 ,
959 2107 1164 2160 Domine,
1191 2123 1285 2167 spes
1301 2123 1395 2152 mea
1417 2130 1428 2165 3

44 2198 64 2221 n
100 2179 352 2224 altissimum
371 2177 550 2238 posuisti
572 2175 791 2235 refugium
813 2185 990 2220 tuum.»
1010 2179 1102 2221 Hoc
1124 2177 1295 2236 planius
1315 2178 1432 2222 dixe-

42 2251 137 2294 rim.
158 2253 214 2295 Ut
228 2249 437 2294 haberem
454 2263 574 2307 spem
594 2247 918 2292 resurrectionis
931 2263 1064 2307 quam
1082 2264 1171 2292 non
1193 2249 1427 2305 habebam,

41 2322 140 2367 ideo
161 2323 280 2382 prior
296 2320 560 2365 resurrexisti
576 2355 587 2375 ,
612 2329 662 2364 ut
684 2335 771 2380 quo
789 2320 1041 2379 praecessisti
1059 2355 1069 2374 ‚
1096 2320 1200 2365 illuc
1222 2337 1291 2365 me
1308 2337 1432 2366 secu-

42 2403 190 2438 turum
222 2407 453 2453 sperarem.
491 2393 586 2435 Vox
620 2391 735 2435 enim
770 2399 833 2434 est
868 2390 1070 2434 Ecclesiae
1107 2390 1163 2436 ad
1194 2392 1432 2438 Dominum

43 2480 192 2520 suum,
218 2480 302 2509 vox
323 2473 387 2508 est
408 2463 599 2522 corporis
616 2462 671 2506 ad
693 2470 825 2521 caput
843 2477 985 2505 suum.

101 2538 155 2579 V.
189 2534 288 2580 Noli
317 2550 419 2594 ergo
445 2532 590 2577 mirari
616 2552 623 2576 2
655 2551 675 2574 «
709 2534 806 2576 Non
831 2532 1039 2576 accedent
1075 2532 1128 2576 ad
1162 2542 1203 2576 te
1226 2534 1363 2589 mala‚
1391 2544 1435 2578 et

48 2625 68 2647 »
103 2605 326 2666 flagellum
359 2620 449 2649 non
472 2602 844 2664 appropinquabit
864 2602 1147 2646 tabernaculo
1170 2612 1261 2648 tuo.
1294 2623 1311 2644 »
1351 2608 1435 2649 Ta-

236 2699 373 2729 crcla.
1226 2690 1271 2725 ἑὲ
