1926 3339
480 327 533 366 40
916 338 947 361 s.
985 334 1211 361 Aususwm
1245 333 1422 359 muscopi

478 402 684 458 ditatem3
720 399 794 443 sed
829 398 1003 442 honoris
1037 397 1169 454 gratia
1200 402 1377 453 propter
1407 400 1579 435 {etatem
1613 404 1849 449 curamque

477 471 643 530 pietatis
670 490 677 514 :
707 470 816 513 sieut
840 468 996 511 Paulus
1019 467 1159 509 senior
1182 463 1288 506 dicit
1311 482 1320 506 :
1349 480 1368 502 «
1391 464 1489 505 Non
1510 469 1560 503 ut
1581 459 1850 503 confundam

478 560 498 582 »
533 556 623 594 VOS,
640 540 732 582 haee
747 538 905 590 scribo,
925 535 998 578 sed
1016 543 1063 576 ut
1078 533 1185 575 filios
1200 547 1316 574 meos
1329 530 1597 574 charissimos
1611 531 1786 573 moneo1
1801 548 1810 573 z
1826 547 1846 569 »

475 626 575 654 cum
605 609 730 652 sciret
756 607 906 665 utique
934 621 956 647 a
984 602 1168 646 Domino
1196 600 1360 643 dietum
1383 619 1392 643 :
1418 619 1438 641 «
1461 603 1524 643 Ne
1551 600 1675 643 vobis
1699 598 1851 643 dicatis

479 699 498 721 »
534 688 698 738 patrem
722 678 764 718 in
794 685 902 718 terra
919 709 930 727 ,
955 688 1068 716 unus
1101 681 1164 714 est
1186 671 1299 714 enim
1324 674 1450 713 Pater
1471 679 1610 713 vester
1638 673 1795 713 Deus2.
1825 687 1846 709 υ)

475 749 599 801 Quod
626 763 714 790 non
741 746 837 789 ideo
870 745 1035 787 dietum
1065 751 1154 796 est,
1191 750 1240 785 ut
1273 742 1356 784 hoe
1377 739 1638 784 vocabulum
1675 740 1852 783 honoris

472 818 652 862 humani
673 816 727 859 de
748 814 956 875 loquendi
974 811 1287 856 consuetudine
1313 809 1564 867 tolleretur3
1589 809 1664 853 sed
1684 824 1739 852 ne
1756 824 1855 867 gra-

472 891 531 934 tia
554 889 628 933 Dei
659 903 745 947 qua
766 887 811 929 in
832 894 1037 928 aeternam
1057 883 1190 927 vitam
1212 896 1532 940 regeneramur,
1556 889 1723 923 naturae
1739 915 1750 934 ,
1784 879 1854 924 vel

472 959 690 1020 potestati,
715 956 784 1002 vel
806 956 935 999 etiam
961 953 1174 999 sanctitati
1197 953 1452 1012 cujusquam
1474 950 1660 994 hominis
1683 949 1853 994 tribue-

475 1039 607 1074 retur.
634 1027 736 1071 Ideo
767 1042 865 1070 eum
889 1024 1052 1068 diceret
1076 1043 1084 1067 :
1114 1042 1134 1064 «
1160 1026 1252 1081 Ego
1275 1037 1349 1066 vos
1379 1021 1510 1079 genui
1532 1040 1541 1065 ε
1571 1039 1589 1061 »
1616 1020 1816 1079 praedixit
1840 1039 1848 1064 :

477 1119 498 1142 «
532 1103 584 1144 In
612 1098 783 1144 Christo
807 1105 849 1139 et
884 1110 961 1155 per
996 1092 1306 1152 Evangeliurn3
1332 1110 1352 1133 »
1384 1106 1439 1135 ne
1474 1090 1606 1150 ipsius
1626 1099 1854 1150 putaretur

473 1184 562 1213 esse
583 1166 703 1227 quod
725 1166 801 1210 Dei
822 1175 899 1209 est.

530 1240 634 1282 XII.
661 1239 776 1293 Ergo
799 1234 870 1278 illa
904 1233 1124 1292 generatio
1157 1247 1287 1291 prava
1318 1239 1361 1274 et
1383 1229 1618 1273 amaricans
1640 1248 1650 1275 ι
1678 1247 1695 1268 «
1718 1228 1854 1273 Obliti

476 1327 496 1350 »
532 1316 633 1352 sunt
655 1305 965 1349 beneficiorum
992 1303 1093 1356 Dei,
1120 1311 1163 1345 et
1184 1300 1451 1345 mirabilium
1474 1301 1563 1360 ejus
1585 1316 1684 1360 quae
1706 1308 1854 1345 osten-

475 1395 495 1417 »
531 1376 596 1420 dit
618 1375 698 1428 eis,
724 1388 870 1417 eoram
907 1372 1104 1430 patribus
1131 1385 1282 1414 eorum
1310 1386 1409 1430 quae
1431 1370 1536 1414 feeit
1565 1369 1780 1413 mirabilia
1810 1369 1855 1414 in

475 1465 495 1488 »
532 1456 643 1490 terra
673 1444 873 1503 AEgypffl,
897 1443 943 1486 in
971 1457 1124 1501 campo
1155 1442 1367 1486 Thaneos.
1396 1460 1415 1481 »
1443 1444 1499 1485 Et
1524 1440 1676 1500 incipit
1703 1439 1855 1484 eadem

471 1515 682 1560 mirabilia
709 1512 1089 1558 commemorando
1107 1521 1313 1555 retexere.
1335 1516 1440 1564 Quae
1463 1512 1496 1555 si
1512 1510 1732 1570 parabolae
1753 1519 1856 1555 sunt

472 1596 516 1631 et
543 1585 882 1645 propositiones,
914 1582 1112 1642 profecto
1137 1580 1192 1625 ad
1227 1580 1391 1641 aliquid
1413 1579 1707 1640 comparando
1738 1580 1855 1624 refe-

473 1656 620 1701 rendae
648 1664 764 1699 sunt.
790 1657 879 1699 Nee
905 1653 1081 1697 oculum
1104 1653 1356 1696 intentionis
1378 1651 1589 1695 debemus
1611 1650 1781 1695 auferre
1799 1652 1854 1695 ab

474 1742 526 1771 eo
547 1725 667 1786 quod
691 1724 882 1768 Psalmus
904 1724 983 1767 iste
1005 1723 1195 1767 intendit
1217 1721 1465 1777 ostendere,
1488 1723 1608 1767 hune
1630 1737 1719 1766 esse
1737 1720 1859 1766 fruc—

473 1807 566 1842 tum
606 1795 801 1839 omnium
831 1809 931 1854 quae
958 1793 1166 1837 dicuntur
1191 1813 1200 1837 :
1227 1802 1269 1836 et
1298 1807 1431 1852 quare
1463 1791 1677 1837 admoniti
1709 1806 1859 1836 sumus

471 1869 565 1911 haec
588 1865 871 1909 intentissime
900 1863 1049 1908 audire
1064 1899 1074 1919 ,
1104 1867 1194 1908 Deo
1216 1864 1387 1908 dicente
1410 1883 1419 1907 ;
1455 1882 1475 1904 «
1498 1861 1724 1907 Attendite
1740 1898 1751 1917 ‚
1776 1878 1854 1922 po-

476 1956 496 1978 »
532 1935 661 1996 pulus
682 1949 824 1989 meus,
849 1934 989 1992 legem
1015 1949 1154 1977 meam
1168 1969 1178 1988 ,
1205 1933 1411 1977 inclinate
1433 1948 1582 1977 aurem
1602 1941 1791 1978 vestram
1812 1933 1859 1977 in

477 2026 496 2047 »
530 2005 664 2050 verba
681 2005 764 2048 oris
783 2005 891 2055 mei;
911 2022 930 2044 »
948 2013 996 2047 ut
1013 2019 1226 2063 ponamus
1248 2004 1295 2047 in
1316 2007 1405 2047 Deo
1426 2018 1547 2061 spem
1569 2011 1760 2047 nostram
1778 2037 1789 2056 ‚
1815 2011 1858 2046 et

472 2091 562 2120 non
584 2074 888 2119 obliviscamur
916 2089 1097 2133 operum
1119 2075 1218 2126 Dei,
1255 2082 1297 2116 et
1319 2071 1523 2117 mandata
1551 2073 1643 2133 ejus
1664 2073 1858 2132 exquira-

472 2161 567 2188 mus
586 2160 660 2190 :ne
681 2145 856 2199 fiamus,
878 2144 990 2188 sieut
1005 2144 1069 2187 illi
1091 2153 1250 2203 patres,
1277 2145 1496 2201 generatio
1518 2159 1650 2202 prava
1672 2153 1715 2187 et
1737 2159 1858 2187 ama-

474 2216 611 2260 ricans
628 2251 638 2270 ‚
675 2216 895 2274 generatio
927 2231 1026 2275 quae
1048 2230 1122 2260 cor
1143 2230 1232 2258 non
1256 2214 1411 2258 direxit
1434 2230 1561 2258 suum
1581 2249 1591 2269 ,
1617 2224 1661 2258 et
1682 2230 1772 2259 non
1795 2224 1859 2259 est

473 2286 661 2329 creditus
688 2301 788 2329 eum
812 2288 900 2329 Deo
933 2284 1106 2344 spiritus
1126 2285 1232 2343 ejus.
1257 2283 1325 2328 Ad
1347 2285 1429 2328 hoe
1448 2299 1549 2341 ergo
1573 2284 1719 2328 omnia
1741 2284 1858 2329 refe-

474 2355 607 2398 renda
643 2365 774 2410 sunt,
812 2371 860 2399 ae
890 2370 966 2414 per
998 2355 1080 2399 hoe
1117 2353 1334 2414 quidquid
1371 2355 1554 2413 figurata
1577 2356 1746 2399 actione
1776 2355 1858 2399 ista

473 2425 741 2481 significant,
769 2426 827 2468 ita
853 2425 944 2467 fieri
973 2434 1154 2483 possunt
1187 2423 1435 2483 spiritaliter
1471 2425 1515 2467 in
1551 2425 1752 2480 homine⁷
1787 2424 1857 2469 vel

475 2494 609 2552 gratia
632 2494 707 2536 Dei
725 2529 734 2547 ,
760 2494 792 2536 si
823 2495 936 2537 bona
968 2503 1090 2550 sunt3
1116 2493 1364 2553 veljudieio
1390 2494 1492 2549 Dei,
1528 2495 1561 2538 si
1590 2494 1701 2538 mala
1726 2504 1853 2552 sunt3

475 2564 584 2606 sieut
615 2562 687 2606 illa
718 2564 829 2607 bona
862 2563 976 2607 faeta
1007 2572 1109 2607 sunt
1139 2564 1184 2607 in
1222 2562 1457 2617 Ismfflstas,
1496 2563 1566 2608 vel
1593 2564 1706 2609 mala
1742 2574 1785 2608 et
1810 2564 1855 2608 in

525 2655 531 2668 ¹
555 2658 564 2676 1
584 2648 653 2678 Cor.
674 2659 718 2685 tv,
746 2646 793 2687 14.
815 2665 855 2669 —
876 2655 888 2669 ²
906 2647 1018 2678 Manui.
1045 2658 1138 2687 xxm,
1158 2658 1190 2688 ς).
