1926 3339
375 206 615 235 ENARRATro
646 209 690 234 m
725 207 927 235 PsALMUM
960 209 1123 235 Lxxvn.
1368 201 1421 238 29

40 270 351 330 expositiones:
372 285 463 316 non
478 271 551 316 hic
572 280 852 315 aestuaremus
875 291 884 314 :
906 287 1024 315 nunc
1045 287 1147 315 vero
1169 272 1227 315 ita
1251 273 1423 317 obtecta

39 350 83 384 et
109 340 253 385 clausa
274 350 376 386 sunt
393 343 553 396 omnia,
574 351 624 386 ut
636 342 800 386 etiamsi
814 341 867 385 ad
882 341 1047 402 aliquid
1066 343 1158 401 ipso
1171 342 1421 402 adjuvante,

39 410 156 454 unde
173 410 404 455 salubriter
424 427 663 471 pascamur,
688 411 913 471 pervenire
934 412 1145 471 possimus
1164 447 1175 466 ,
1200 412 1246 454 in
1267 412 1425 455 sudore

38 490 185 524 tamen
208 480 356 524 vultus
378 482 513 525 nostri
545 481 724 525 edamus
757 484 963 541 pancm¹3
999 491 1043 525 et
1068 497 1241 541 poenam
1268 481 1426 525 defini-

38 550 167 594 tionis
187 551 397 611 antiquae,
418 567 509 596 non
530 552 721 611 corporis
744 561 915 596 tantum
929 588 940 607 ,
958 551 1034 597 sed
1055 562 1098 596 et
1119 552 1260 597 cordis
1275 551 1426 596 labore

36 621 292 681 pendamus.
318 622 442 666 Dicat
463 637 565 681 ergo
583 657 595 678 ,
620 632 664 667 et
685 623 910 668 audiamus
942 622 1168 684 parabolas
1196 633 1238 667 et
1261 638 1423 683 propo-

37 700 227 736 sitiones.

97 765 150 806 V.
182 782 202 805 «
227 766 396 816 Quanta
427 765 697 821 audivimus,
723 775 767 809 et
788 766 1069 825 cognovimus
1099 780 1170 820 ea,
1209 774 1251 809 et
1284 775 1426 825 patres

43 854 61 876 »
95 835 232 879 nostri
260 846 545 880 narraverunt
572 837 751 881 nobis‘2?
772 855 791 877 »
814 837 1029 882 Dominus
1051 836 1247 896 superius
1269 835 1429 896 loque-

37 903 182 948 batur.
209 907 319 949 Nam
341 908 466 966 cujus
489 907 664 950 alterius
686 908 819 952 verba
835 905 1052 952 credenda
1079 915 1207 951 sunt:
1233 925 1251 947 «
1274 910 1429 951 Atten-

41 994 61 1017 »
97 976 202 1032 dite,
225 976 414 1036 populus
432 993 570 1032 meus,
586 977 728 1036 legem
749 980 917 1022 meam?
934 997 954 1019 »
971 977 1084 1031 Quid
1101 986 1165 1022 est
1187 993 1289 1036 ergo
1307 976 1429 1038 quod

38 1061 156 1090 nunc
185 1056 363 1106 repente
390 1048 522 1092 homo
551 1047 778 1107 loquitur?
811 1052 908 1092 Jam
935 1048 1050 1091 enjm
1082 1047 1269 1091 hominis
1297 1046 1430 1090 verba

38 1125 140 1160 sunt
165 1131 173 1156 :
207 1135 226 1158 «
252 1121 421 1169 Quanta
443 1118 711 1172 audivimus,
739 1128 783 1163 et
810 1117 1094 1177 cognovimus
1116 1132 1190 1172 ea,
1222 1126 1265 1160 et
1286 1126 1429 1175 patres

43 1207 60 1228 »
97 1187 233 1231 nostri
260 1198 546 1233 narraverunt
567 1189 722 1234 nobis?
745 1208 766 1231 »
790 1190 1005 1235 Nimirum
1024 1191 1116 1250 jam
1138 1192 1253 1232 Deus
1276 1203 1328 1231 ex
1349 1189 1430 1232 ho-

38 1257 165 1302 minis
200 1259 437 1304 ministerio
477 1259 727 1315 locuturus,
766 1261 878 1305 sicut
912 1262 972 1304 ait
1006 1258 1240 1319 Apostolus
1271 1279 1278 1302 ;
1312 1278 1332 1300 ‹<
1361 1262 1432 1302 An

41 1346 61 1369 »
94 1329 227 1373 vultis
257 1331 601 1389 experimentum
630 1332 822 1390 accipere
846 1332 936 1390 ejus
960 1331 1035 1391 qui
1062 1332 1107 1374 in
1135 1346 1204 1373 me
1233 1329 1430 1389 loquitur

40 1418 61 1441 »
97 1401 293 1445 Christus
308 1403 352 1443 ³?
378 1422 396 1443 »
424 1418 475 1445 ex
492 1417 674 1461 persona
692 1418 767 1447 sua
786 1406 977 1462 primum
995 1403 1127 1446 verba
1146 1402 1238 1444 ficri
1263 1401 1428 1455 voluit,

38 1487 92 1516 ne
113 1472 246 1516 verba
263 1473 354 1533 ejus
367 1472 552 1533 loquens
569 1475 723 1529 homo,
743 1483 1096 1518 contemneretur
1119 1483 1168 1516 ut
1189 1473 1337 1516 1101110.
1366 1475 1432 1515 Ita

39 1543 156 1586 enim
189 1559 233 1587 se
267 1543 433 1588 habent
459 1543 701 1589 locutiones
732 1545 830 1599 Dei,
867 1561 965 1605 quac
999 1544 1123 1588 nobis
1154 1543 1433 1587 insinuantur

37 1629 116 1673 per
154 1629 327 1658 sensum
355 1615 545 1674 corporis
575 1616 726 1660 nostri.
763 1618 1018 1660 Creaturam
1054 1615 1275 1659 subditam
1304 1629 1433 1673 opere

39 1683 244 1728 invisibili
274 1687 454 1730 Creator
481 1696 628 1731 movet
650 1706 658 1731 :
691 1702 782 1731 non
808 1688 899 1747 ejus
927 1685 1168 1730 substantia
1200 1685 1245 1728 in
1268 1683 1433 1744 aliquid

39 1754 264 1814 corporale
299 1765 343 1799 et
372 1755 608 1816 temporale
647 1758 942 1812 convertitur,
977 1766 1028 1801 ut
1060 1754 1359 1815 corporalibus
1392 1764 1436 1798 et

39 1825 354 1886 temporalibus
375 1827 531 1886 signis,
567 1828 654 1872 sive
676 1827 732 1872 ad
761 1828 910 1872 oculos
926 1863 936 1883 ,
963 1828 1050 1871 sive
1075 1826 1128 1871 ad
1151 1842 1275 1871 aures
1298 1825 1434 1886 perti-

39 1896 272 1952 nentibus,
300 1906 515 1957 quantum
540 1913 693 1957 capere
714 1899 912 1942 homines
933 1907 1136 1958 possunt,
1162 1913 1282 1941 suam
1306 1895 1436 1941 faciat

40 1968 309 2011 innotescere
320 1967 499 2012 volunta
507 1977 608 2012 tem.
629 1969 671 2013 Si
686 1969 801 2012 enim
812 1969 1004 2027 Angelus
1022 1969 1087 2013 uti
1100 1978 1241 2028 potest
1254 1968 1432 2022 aethere,

41 2042 160 2093 aere,
186 2039 327 2093 nube,
357 2038 479 2097 igne,
506 2049 549 2083 et
572 2038 651 2084 alia
678 2039 873 2100 qualibet
896 2049 1051 2083 natura
1080 2038 1149 2082 vel
1172 2038 1315 2098 specie
1337 2053 1436 2081 cor-

41 2109 207 2169 porali3
234 2117 278 2152 et
306 2109 445 2153 homo·
461 2107 588 2153 vultu
605 2144 615 2164 ,
651 2108 802 2168 lingua
818 2144 830 2164 ,
854 2125 1010 2161 manu,
1037 2108 1204 2153 calamo
1221 2143 1231 2163 ,
1255 2107 1433 2162 litteris,

44 2179 189 2224 aliisve
216 2179 559 2238 significantibus
589 2179 720 2224 rebus
753 2180 807 2224 ad
831 2196 918 2224 suae
941 2180 1098 2224 mentis
1120 2179 1354 2223 indicanda
1376 2193 1439 2221 sc-

43 2260 159 2295 creta
176 2272 188 2308 3
208 2260 426 2311 postremo
449 2266 551 2295 cum
578 2251 712 2295 homo
739 2252 819 2306 sit,
851 2251 1030 2295 nuntios
1052 2251 1250 2295 homines
1273 2249 1434 2304 mittit,

43 2331 87 2366 et
103 2321 208 2366 dicit
230 2321 327 2366 alii:
352 2341 370 2363 «
397 2321 520 2365 Vade
535 2357 546 2376 ,
577 2331 620 2365 et
636 2321 760 2375 yadit
781 2343 792 2378 3
816 2331 859 2365 et
879 2321 950 2365 alii
969 2341 978 2366 ι
1003 2321 1136 2376 Veni,
1158 2330 1200 2364 et
1222 2320 1341 2365 venit
1360 2341 1370 2377 3
1396 2328 1439 2362 et

49 2413 66 2434 »
102 2408 224 2437 servo
243 2408 320 2437 suo
339 2408 347 2433 ε
369 2396 456 2437 Fac
472 2393 572 2447 hoc,
589 2402 632 2436 et
653 2393 784 2437 facit4
801 2413 809 2437 :
830 2412 850 2434 »
868 2402 1034 2453 quanto
1054 2393 1216 2452 majore
1235 2402 1278 2435 et
1292 2392 1439 2435 essica-

45 2463 159 2508 ciore
176 2473 388 2523 potestate
411 2467 525 2508 Deus
545 2499 555 2519 ,
577 2463 647 2508 cui
670 2465 855 2508 Domino
880 2464 1080 2507 universa
1101 2463 1299 2523 subjecta
1318 2470 1433 2515 sunt,

94 2557 101 2572 ¹
123 2552 201 2582 Gen.
221 2561 272 2590 111,
297 2561 405 2592 19-—
423 2557 435 2572 ²
456 2549 532 2581 Psal,
552 2560 672 2591 Lxxvn,
693 2549 723 2580 3.
746 2566 786 2571 -
810 2547 823 2571 3
842 2558 862 2580 2
884 2549 955 2580 Cor.
987 2560 1053 2587 xm,
1081 2548 1110 2580 3.
1134 2565 1175 2570 —·
1195 2546 1210 2576 4
1232 2549 1307 2579 Luc.
1332 2557 1386 2582 wi,
1407 2545 1438 2577 8.
