1926 3339
501 307 554 344 88
930 319 963 348 s.
1000 321 1230 351 Ancum-nu
1263 324 1444 353 EPIScom

493 382 772 428 crediderunt
799 399 843 428 se
864 400 986 444 posse
1013 401 1267 432 consumere
1291 408 1299 434 :
1338 409 1359 433 «
1384 393 1704 441 Confitebimur
1730 399 1812 444 tibi
1834 402 1880 447 in

497 470 516 492 »
552 452 759 495 saeculum
777 488 787 507 ‚
807 466 1121 512 »permanente
1137 458 1291 518 utique
1309 460 1498 506 Ecclesia
1512 466 1710 525 usquein
1728 469 1875 528 finem,

491 537 622 581 quam
641 521 702 564 illi
720 522 864 567 delere
885 527 1028 569 conati
1051 537 1153 572 sunt
1175 547 1183 573 ;
1212 548 1231 569 «
1262 533 1313 573 In
1335 535 1658 590 generationem
1680 548 1722 583 et
1744 554 1876 597 gene-

494 608 515 631 »
551 591 762 635 rationem
786 595 1140 640 annuntiabimus
1169 597 1344 643 laudem
1370 611 1513 661 tuam,
1542 623 1562 646 »
1589 622 1687 666 quae
1710 607 1804 654 laus
1826 621 1877 656 ut

492 670 708 705 taceretur
727 697 737 715 ‚
760 678 836 706 nos
860 664 983 708 finire
1002 668 1146 711 conati
1166 678 1281 713 sunt.
1307 671 1456 716 Multis
1480 683 1623 720 autem
1645 679 1738 738 jam
1773 679 1878 727 locis

488 739 732 774 sanctarum
756 732 1079 792 Scripturarum
1091 737 1402 785 insinuavimus
1418 743 1732 793 confessionem
1747 751 1877 796 etiam

488 815 569 859 pro
589 800 720 846 laude
737 804 840 861 poni
867 824 876 849 ς
902 805 1027 851 sicuti
1050 817 1113 852 est
1129 808 1261 866 illud,
1295 830 1313 852 «
1345 815 1447 858 Haec
1464 814 1614 861 dicetis
1636 818 1681 863 in
1703 820 1875 867 confes-

489 889 510 913 »
547 872 666 916 sione
686 892 694 918 :
719 875 861 934 Opera
879 878 1052 922 Domini
1070 881 1267 926 universa
1289 885 1494 944 quoniam
1516 887 1631 933 bona
1652 891 1821 938 valde1.
1850 913 1871 937 »

486 943 875 1004 Maximequeillud
887 948 1007 1008 quod
1018 951 1077 994 ait
1088 951 1178 1011 ipse
1194 952 1402 1011 Salvator,
1417 957 1493 1016 qui
1502 957 1673 1005 nullum
1685 962 1875 1010 habebat

486 1013 665 1057 omnino
688 1026 933 1073 peccatum,
958 1020 1079 1080 quod
1102 1024 1360 1081 poenitendo
1378 1027 1661 1075 confiteretur
1681 1052 1689 1076 :
1716 1052 1736 1074 α
1761 1036 1875 1079 Con·

486 1100 508 1124 »
543 1083 668 1128 fiteor
682 1085 783 1141 tibi,
801 1089 926 1132 Pater
945 1092 1127 1136 Domine
1141 1093 1241 1138 coeli
1258 1103 1301 1139 et
1319 1105 1465 1153 terrae,
1487 1100 1587 1159 quia
1609 1102 1874 1150 abscondisti

487 1171 508 1195 »
544 1154 637 1198 haec
660 1170 685 1198 a
705 1156 967 1216 sapientibus
987 1170 1030 1205 et
1042 1162 1354 1222 prudentibus,
1379 1177 1422 1212 et
1437 1169 1633 1215 revelasti
1650 1188 1697 1217 ea
1719 1189 1872 1233 parvu-

485 1241 506 1265 »
540 1223 633 1270 lis2.
658 1244 678 1267 »
697 1229 789 1272 Hoc
801 1229 909 1285 dixi,
928 1241 977 1275 ut
990 1234 1460 1297 apertiusintelligatur
1473 1240 1518 1285 id
1530 1257 1618 1286 esse
1640 1246 1872 1305 repetitum

482 1294 528 1338 in
548 1310 599 1339 eo
623 1297 743 1356 quod
764 1298 929 1344 dictum
947 1312 1033 1358 est,
1058 1323 1078 1346 «
1098 1307 1470 1354 Annuntiabimus
1494 1310 1669 1358 laudem
1682 1324 1824 1376 tuam,
1846 1336 1867 1360 »

479 1364 602 1424 quod
620 1368 818 1427 superius
838 1369 1006 1417 dictum
1027 1384 1145 1431 erat,
1175 1395 1195 1419 «
1216 1379 1537 1426 Confitebimur
1558 1383 1653 1428 tibi.
1677 1403 1697 1427 »

490 1509 660 1528 ἋΜΜΜᾺὶ
664 1512 1584 1545 ΜΜΜΜΜΝΜΜΛὮΛΜΊᾹΝἋΛΛΜΜΜΜΜῚ
1588 1529 1869 1549 mmmmm

1000 1630 1383 1683 ENARRATIO

832 1774 891 1812 IN
934 1775 1235 1821 PSALMUM
1282 1784 1496 1824 LXXIX.

918 1895 1068 1941 Sermo
1087 1897 1143 1942 ad
1159 1901 1419 1960 populum&

529 2010 625 2054 NON
647 2010 754 2056 adeo
777 2013 916 2059 multa
942 2027 1044 2063 sunt
1065 2019 1112 2063 in
1132 2021 1216 2067 hoc
1241 2024 1437 2082 Psalmo,
1465 2028 1511 2072 in
1542 2031 1701 2091 quibus
1722 2048 1863 2081 sermo

470 2079 661 2138 patiatur
675 2081 1002 2143 difficultatem,
1024 2088 1094 2134 vel
1115 2090 1300 2139 intentio
1318 2097 1571 2145 auditorum
1589 2102 1862 2163 intelligendi

471 2148 851 2209 impedimentum.
878 2158 1066 2203 Proinde
1089 2162 1324 2222 adjuvante
1345 2170 1554 2226 Domino,
1578 2188 1678 2217 cum
1701 2175 1864 2222 affectu

467 2218 674 2264 audiendi
692 2231 735 2266 et
756 2223 935 2270 videndi
949 2229 1039 2288 jam
1057 2246 1158 2290 quae
1173 2236 1432 2294 prophetata
1451 2249 1494 2284 et
1506 2242 1714 2300 praedicta
1731 2256 1855 2303 sunt,

465 2299 674 2351 tanquam
695 2293 854 2339 eruditi
875 2297 921 2340 in
949 2299 1096 2345 schola
1120 2303 1306 2361 Christi,
1333 2322 1507 2355 currere
1528 2311 1739 2360 debemus
1760 2333 1860 2378 quae

465 2360 594 2419 plana
616 2373 744 2409 sunt:
762 2374 812 2410 ut
828 2367 862 2410 si
884 2365 997 2413 forte
1020 2371 1203 2418 obscura
1226 2376 1406 2436 exigunt
1427 2382 1623 2428 officium
1644 2386 1860 2447 interpre-

463 2430 610 2488 tandi,
636 2448 685 2479 ea
710 2451 810 2496 quae
832 2437 961 2497 plana
983 2451 1086 2487 sunt
1103 2442 1279 2503 legendi
1303 2450 1496 2496 officium
1519 2470 1542 2498 a
1565 2471 1636 2501 me
1668 2457 1858 2504 debeant

461 2501 670 2561 flagitare.
705 2508 918 2554 Cantatur
944 2512 1016 2557 hic
1038 2513 1093 2558 de
1115 2516 1309 2562 adventu
1341 2523 1515 2568 Domini
1543 2536 1587 2570 et
1625 2528 1857 2575 Salvatoris

506 2606 517 2621 ¹
536 2600 634 2634 Eccli.
654 2613 764 2646 xxxix,
780 2605 834 2646 39.
851 2623 892 2630 —
914 2613 927 2631 ¹
946 2610 1058 2643 Matth.
1074 2622 1118 2654 xi,
1134 2613 1188 2645 25.
1206 2630 1247 2637 --
1269 2613 1282 2638 3
1297 2618 1406 2651 Sermo
1423 2620 1483 2654 iste
1493 2623 1532 2655 ad
1548 2626 1702 2669 populum
1723 2627 1855 2661 habitus

458 2658 505 2688 est
522 2664 592 2698 post
608 2660 784 2700 expositum
803 2662 958 2697 Psalmurn
978 2676 1087 2710 uxum,
1103 2668 1143 2701 de
1157 2680 1219 2715 quo
1242 2670 1321 2705 iufra
1341 2684 1371 2706 n.
1400 2686 1449 2710 10,

1519 2754 1545 2777 ψ
