1926 3339
169 337 411 365 munaum
443 338 476 362 11
509 336 553 362 nv
585 334 789 362 PsALMUM
821 333 1037 372 Lxxxvm7
1072 334 1210 363 semro
1243 339 1290 363 11.
1345 329 1428 367 275

49 403 274 463 promissio
292 402 368 447 Dei
389 401 444 445 de
465 400 627 444 semine
644 398 782 443 David
805 399 850 442 in
877 398 952 443 illo
974 409 1202 460 putaretur
1223 402 1402 461 impleta
1425 425 1434 450 ε

48 472 124 517 sed
154 472 311 517 cecidit
343 470 588 524 Salomon¹‚
613 478 656 513 et
675 467 797 513 dedit
823 467 969 513 locum
991 471 1205 530 sperando
1234 472 1436 530 Christo3

48 552 100 587 ut
120 543 328 604 quoniam
350 545 463 586 Deus
484 556 564 586 nec
585 539 679 585 falli
702 549 860 600 posset,
885 556 966 585 nec
983 541 1155 597 fallere⁷
1180 557 1313 602 quem
1330 544 1439 587 scie-

47 613 124 658 bat
144 627 345 658 casurum
361 647 372 667 ‚
405 627 495 656 non
523 611 569 655 in
597 626 647 655 eo
679 619 862 670 poneret
884 611 1143 670 promissum
1167 627 1296 655 suum
1313 647 1324 666 ‚
1355 611 1432 656 sed

45 692 144 744 post
162 699 310 728 casum
326 684 417 742 ejus
438 682 668 742 respiceres
690 691 740 725 tu
762 684 916 735 Deum,
940 691 983 725 et
1004 682 1220 741 flagitares
1240 683 1427 743 promis-

47 770 157 801 sum.
178 757 295 813 Ergo
313 789 323 810 ,
349 753 528 798 Domine
547 788 556 808 ,
578 752 786 797 mentitus
804 754 877 797 es?
897 756 996 798 Non
1017 753 1172 813 imples
1190 755 1310 815 quod
1332 770 1436 814 pro-

47 825 228 870 misisti?
258 834 347 869 non
387 825 560 869 exhibes
590 822 711 884 quod
733 824 918 883 jurasti?
953 828 1084 870 Forte
1127 824 1198 870 hic
1234 825 1432 870 dicturus

49 895 129 941 tibi
151 904 243 939 erat
258 898 372 940 Deus
394 915 403 940 ε
430 895 579 939 Juravi
599 893 777 955 quidem
795 904 838 938 et
860 896 1036 954 promisi
1054 930 1065 950 ‚
1090 894 1166 939 sed
1193 896 1271 939 iste
1294 896 1438 940 noluit

5 1013 12 1019 ,
49 981 337 1026 perseverare.
354 966 469 1019 Quid
486 981 604 1024 ergo,
628 975 691 1021 tn,
714 965 896 1009 Domine
920 968 1053 1021 Deus,
1080 981 1169 1010 non
1184 966 1443 1025 praesciebas

49 1037 180 1081 istum
201 1054 290 1082 non
304 1038 705 1097 perseveraturum?
728 1037 888 1097 Utique
903 1037 1084 1081 sciebas.
1110 1039 1253 1090 Quare
1276 1052 1377 1095 ergo
1398 1038 1444 1081 in

52 1123 142 1152 non
156 1117 480 1167 perseveraturo
502 1107 610 1150 mihi
627 1107 748 1167 quod
770 1116 985 1151 aeternum
1006 1116 1115 1151 esset
1132 1107 1448 1167 promittebas?

52 1180 206 1223 Nonne
233 1187 282 1222 tu
313 1176 485 1222 dixisti:
518 1197 538 1220 «
561 1177 603 1222 Si
625 1177 937 1237 dereliquerint
962 1176 1105 1236 legem
1126 1193 1268 1221 meam
1286 1213 1296 1233 ,
1334 1187 1377 1221 et
1399 1178 1445 1221 in

49 1248 222 1309 judiciis
241 1249 346 1292 meis
365 1264 453 1293 non
477 1247 812 1303 ambulaverint,
833 1257 876 1291 et
897 1249 1103 1292 mandata
1120 1264 1216 1293 mea
1239 1265 1329 1293 non
1346 1264 1446 1293 cus-

0 1325 3 1327 ’
56 1338 77 1361 »
110 1319 332 1375 todierint‚
354 1328 398 1363 et
420 1321 746 1363 Testamentum
764 1334 909 1363 meum
935 1318 1286 1379 profanaverint3
1314 1339 1333 1361 u
1358 1335 1447 1364 ma-

53 1390 175 1435 nebit
211 1400 356 1434 tamen
397 1390 624 1450 promissio
663 1405 759 1434 mea
776 1426 787 1445 ,
837 1389 1092 1450 implebitur
1119 1391 1279 1450 juratio
1320 1393 1447 1434 mea?

57 1481 80 1504 «
114 1461 256 1507 Semel
273 1462 418 1523 juravi
437 1462 483 1506 in
506 1471 653 1506 sancto
676 1477 790 1517 meo,
809 1482 826 1503 »
848 1461 964 1505 intus
981 1462 1026 1505 in
1049 1473 1213 1506 secreto
1236 1462 1444 1522 quodam⁷

54 1534 100 1577 in
130 1533 223 1592 ipso
252 1531 373 1577 fonte
402 1532 522 1577 unde
554 1533 785 1592 Prophetae
820 1533 1054 1588 biberunt,
1091 1534 1168 1593 qui
1196 1534 1322 1578 nobis
1356 1535 1451 1578 haec

54 1613 366 1649 ructaverunt:
392 1623 412 1646 «
434 1602 598 1658 Semel,
623 1604 782 1663 inquit,
803 1604 968 1664 juravi,
993 1604 1027 1647 si
1051 1604 1189 1649 David
1204 1605 1404 1648 mentiar.
1424 1622 1445 1645 »

55 1676 223 1721 Exhibe
244 1690 346 1734 ergo
369 1673 489 1736 quod
505 1675 688 1734 jurasti,
713 1674 848 1719 redde
872 1674 992 1735 quod
1014 1676 1261 1735 promisisti.
1289 1675 1449 1720 Subla-

54 1755 149 1790 tum
181 1755 244 1790 est
279 1746 335 1790 de
367 1746 450 1790 isto
482 1745 650 1800 David,
686 1761 742 1789 ne
764 1755 1069 1806 expectaretur
1102 1747 1149 1790 in
1179 1747 1261 1791 isto
1294 1746 1447 1791 David.

58 1819 252 1875 Expecta
269 1832 373 1875 ergo
390 1815 510 1876 quod
535 1816 725 1876 promisi.

114 1889 215 1930 VII.
250 1888 379 1933 Novit
407 1886 518 1931 illud
540 1896 584 1931 et
603 1887 693 1946 ipse
713 1886 863 1931 David.
891 1887 1003 1931 Vide
1026 1888 1144 1931 enim
1166 1888 1275 1948 quid
1297 1887 1414 1932 dicat
1438 1908 1446 1932 z

62 1975 83 1999 «
119 1959 185 2001 Tu
205 1973 310 2002 vero
332 1957 557 2017 repulisti,
583 1967 626 2001 et
647 1959 703 2001 ad
717 1957 902 2001 nihilum
927 1956 1160 2002 deduxisti.
1182 1977 1202 1999 »
1230 1961 1346 2017 Ergo
1371 1959 1449 2002 ubi

56 2036 120 2071 est
139 2027 261 2088 quod
276 2028 540 2087 promisisti?
565 2026 811 2072 «Distulisti
832 2028 1056 2072 Christum
1077 2038 1218 2072 tuum.
1238 2047 1259 2069 »
1282 2031 1450 2082 Quam-

54 2099 118 2143 vis
138 2098 274 2142 tristia
297 2098 502 2159 quaedam
519 2108 773 2153 enumeret,
798 2099 844 2142 in
866 2099 950 2143 hoc
972 2110 1120 2143 tamen
1143 2100 1277 2144 verbo
1308 2100 1446 2144 reficit

28 2169 34 2173 ⁴
55 2183 146 2212 nos.
172 2171 322 2213 Manet
343 2170 523 2213 omnino
541 2204 551 2221 ‚
578 2172 693 2213 Deus
708 2204 718 2223 ‚
746 2168 866 2229 quod
886 2169 1118 2228 promisisti
1141 2189 1150 2214 :
1178 2186 1278 2214 nam
1296 2171 1446 2215 Chris-

57 2247 153 2283 tum
174 2248 301 2284 tuum
321 2255 412 2284 non
433 2238 674 2294 abstulisti,
700 2240 776 2283 sed
793 2239 1014 2284 distulisti.
1044 2241 1156 2284 Huic
1178 2256 1280 2299 ergo
1295 2240 1448 2297 David,

55 2309 104 2354 in
120 2325 209 2370 quo
227 2310 461 2370 sperabant
480 2309 620 2369 ignari
639 2310 846 2369 promissa
859 2326 936 2354 sua
953 2313 1089 2353 Deum
1108 2310 1450 2370 completurum,

58 2379 203 2426 videte
225 2381 334 2442 quid
356 2381 538 2437 accidit,
577 2390 626 2425 ut
653 2382 863 2441 promissa
889 2382 962 2425 Dei
984 2382 1151 2426 firmius
1170 2382 1216 2426 in
1241 2382 1325 2427 alio
1348 2399 1450 2443 spe-

60 2461 150 2497 rata
173 2453 475 2513 compleantur
500 2472 510 2497 :
539 2472 559 2495 «
576 2452 788 2497 Distulisti
813 2453 1037 2498 Christum
1065 2444 1193 2498 tuum
1224 2474 1232 2498 :
1260 2456 1452 2499 evertisti

55 2542 85 2568 .»
119 2533 429 2568 testamentum
448 2524 558 2568 servi
581 2524 657 2567 tui.
674 2543 694 2564 n
712 2525 794 2568 Ubi
809 2534 872 2568 est
887 2525 1004 2568 enirn
1025 2527 1352 2570 Testamentum
1366 2529 1455 2570 Ve-

65 2602 134 2638 tus
157 2597 181 2638 J
187 2594 447 2639 udaeorum?
471 2595 548 2638 ubi
565 2603 629 2638 est
646 2604 759 2639 terra
776 2594 850 2638 illa
871 2595 1166 2654 promissionis
1181 2631 1191 2650 ‚
1213 2596 1257 2639 in
1275 2613 1361 2652 qua
1375 2598 1454 2640 ha-

120 2683 128 2700 ¹
148 2678 167 2709 3
191 2680 269 2721 Reg.
293 2690 338 2720 xi,
360 2688 390 2720 ι,
406 2682 470 2711 etc.

1188 2734 1247 2771 ts.
