1926 3339
377 318 617 347 ΕΜηηΑΤιο
650 317 692 342 m
728 313 928 341 PsALMuM
962 312 1079 337 xs'ilr.
1353 295 1436 334 389

57 389 222 442 fratres,
248 386 410 447 placuit
432 388 520 428 Deo
534 381 668 439 magis
685 377 907 424 humilitas
933 377 977 419 in
996 375 1117 418 malis
1142 373 1278 423 lactis,
1304 387 1433 432 quam

54 460 257 521 superbia
278 456 467 502 inbonis
494 453 615 498 factis
644 471 652 496 z
675 452 735 494 sic
759 450 851 493 odit
873 451 986 492 Deus
1009 445 1232 505 superbos.
1262 446 1316 486 Et
1338 444 1436 487 ideo

54 532 114 576 sic
145 528 356 575 conclusit
382 546 391 570 :
423 546 442 567 α
474 528 614 569 Amen
645 522 743 565 dico
762 519 906 571 vobis,
931 516 1156 561 descendit
1178 514 1440 574 justificatus

57 622 78 645 »
115 600 376 647 Publicanus
400 598 532 656 magis
566 603 699 656 quam
722 591 976 637 Pharisaeus.
1006 608 1025 629 υ
1051 591 1108 632 Et
1135 587 1238 631 dicit
1272 601 1405 646 quarc
1427 603 1436 627 :

59 693 80 716 «
114 673 221 726 Quia
243 670 382 715 omnis
404 668 478 729 qui
504 683 548 711 se
566 664 754 718 exaltat,
779 659 1107 716 humiliabitur3
1132 667 1174 702 et
1198 656 1342 701 ‘omnis
1365 654 1443 715 qui

57 762 78 786 »
114 758 158 788 se
178 740 395 795 humiliat,
417 736 678 783 exaltabitur
692 736 722 778 1.
745 751 765 774 »
793 735 963 776 Fratres
976 730 1078 783 mei,
1094 728 1164 772 vel
1175 727 1276 772 hinc
1299 725 1439 770 solum

55 830 134 858 nos
157 812 376 865 discimus,
402 810 504 871 quia
526 805 816 852 humilitatem
837 818 915 846 nos
933 800 1084 846 docuit
1104 799 1318 852 Christus,
1340 796 1442 856 quia

55 889 170 931 Deus
190 885 332 930 factus
354 883 577 927 esthomo.
604 881 701 937 Ipsa
722 885 765 920 et
786 874 1006 919 humilitas
1028 887 1127 931 quae
1141 869 1339 928 displicet
1362 870 1444 910 Pa-

55 958 190 1017 ganis‚
215 954 336 1000 unde
352 953 479 998 nobis
499 949 734 995 insultant:
749 944 930 999 Qualem
953 946 1093 987 Deum
1115 939 1253 984 colitis
1270 939 1345 998 qui
1363 953 1444 981 na·-

56 1037 125 1073 tus
143 1028 234 1071 est?
261 1024 436 1085 qualem
457 1025 596 1066 Deum
618 1017 758 1063 colitis
781 1016 856 1076 qui
890 1013 1120 1058 crucifixus
1144 1012 1231 1054 est?
1256 1007 1445 1052 Humili-

56 1108 119 1143 tas
153 1096 312 1143 Christi
344 1092 540 1154 superbis
571 1088 771 1149 displicet
800 1107 808 1132 :
846 1085 927 1130 tibi
955 1093 1100 1128 autem
1132 1080 1378 1127 Christiano
1411 1078 1446 1121 si

55 1169 200 1230 placet
217 1203 228 1222 ‚
249 1166 433 1211 imitare.
474 1163 516 1208 Si
542 1161 734 1205 imitatus
762 1157 895 1202 fueris
911 1191 921 1210 ‚
944 1169 1035 1198 non
1057 1150 1275 1196 laborabis
1305 1169 1314 1194 :
1344 1148 1446 1208 quia

55 1240 148 1301 ipse
175 1238 281 1282 dixit
309 1256 319 1282 ι
346 1254 363 1276 «
386 1234 542 1280 Venite
566 1231 620 1276 ad
638 1246 708 1275 me
724 1265 734 1285 ‚
759 1242 910 1273 omnes
944 1225 1022 1286 qui
1051 1222 1257 1268 laboratis
1275 1230 1318 1264 et
1339 1234 1446 1264 one‘

61 1332 79 1353 »
115 1310 197 1354 rati
224 1309 323 1352 estis
345 1343 356 1362 ,
384 1315 427 1350 et
448 1304 598 1349 discite
625 1317 648 1346 a
672 1315 741 1344 me
757 1335 768 1355 ‚
794 1298 1001 1359 quoniam
1029 1295 1144 1339 mitis
1167 1309 1262 1338 suni
1294 1301 1338 1336 et
1366 1291 1446 1334 hu-

59 1400 80 1424 »
114 1379 227 1425 milis
255 1377 386 1423 corde
401 1380 434 1420 ².
474 1393 495 1416 »
535 1376 639 1418 Haec
674 1380 737 1416 est
769 1384 871 1428 ergo
908 1365 1135 1426 disciplina
1168 1363 1398 1408 christiana
1435 1378 1443 1404 :

57 1454 196 1498 Nemo
222 1448 329 1493 facit
351 1445 521 1506 aliquid
553 1444 690 1496 bene,
725 1440 807 1484 nisi
841 1437 978 1498 gratia
1007 1436 1155 1496 ipsius.
1193 1432 1321 1486 Quod
1344 1430 1449 1474 facit

55 1523 189 1567 homo
208 1518 338 1573 male,
364 1517 494 1577 ipsius
522 1524 585 1558 est
608 1512 796 1557 hominis
828 1529 837 1555 ;
863 1509 985 1570 quod
1011 1507 1116 1551 iacit
1137 1506 1265 1557 bene,
1291 1502 1345 1547 de.
1369 1502 1448 1545 be-

57 1592 214 1638 neficio
236 1589 312 1635 Dei
333 1587 454 1633 facit.
482 1588 592 1631 Cum
618 1582 801 1642 coeperit
821 1579 964 1624 facere
988 1579 1126 1631 bene,
1150 1591 1240 1619 non
1271 1573 1353 1617 sibi
1375 1572 1451 1616 tri-

58 1664 188 1719 buat3
211 1675 313 1706 cum
325 1674 416 1703 non
437 1657 521 1701 sibi
537 1653 754 1708 tribuerit,
781 1651 936 1709 gratias
965 1656 1065 1708 agat
1093 1647 1132 1690 ei
1158 1662 1182 1690 a
1212 1660 1303 1705 quo
1326 1657 1452 1687 acce-

59 1734 310 1795 perit.Cum
329 1739 475 1774 autem
492 1724 738 1778 benefacit,
758 1738 851 1767 non
870 1719 1053 1764 insultet
1066 1717 1129 1761 illi
1143 1717 1219 1777 qui
1232 1713 1343 1758 illud
1362 1729 1453 1757 non

58 1805 179 1859 facit,
206 1811 281 1847 aut
294 1799 470 1846 extollat
489 1813 532 1843 se
555 1812 683 1856 super
703 1809 821 1839 eum.
837 1795 937 1838 Non
958 1791 1075 1834 enim
1097 1789 1141 1831 in
1159 1786 1233 1831 illo
1247 1786 1368 1829 finita
1390 1791 1455 1827 est

60 1876 197 1937 gratia
219 1874 298 1919 Dei
314 1909 325 1929 ,
357 1881 409 1917 ut
439 1871 494 1915 ad
518 1869 652 1914 alium
672 1883 762 1911 non
784 1863 1025 1925 perveniat.
1052 1883 1058 1886 ·

117 1949 237 1992 XVI.
267 1966 287 1988 «
307 1947 364 1989 Ut
386 1943 558 2000 mitiges
569 1954 676 1983 eum
695 1954 717 1982 a
736 1936 891 1981 diebus
908 1932 1126 1991 malignis,
1148 1929 1288 1974 donec
1311 1926 1453 1971 fodia-

62 2037 83 2060 »
117 2027 191 2062 tur
212 2014 428 2077 peccatori
450 2012 620 2057 foveass.
650 2028 670 2050 »
696 2008 813 2053 Mitis
834 2022 937 2065 ergo
961 2013 1069 2059 esto,
1094 2000 1288 2062 quisquis
1310 1999 1455 2044 Chris-

60 2090 204 2135 tianus
225 2103 284 2141 eS‚
309 2102 331 2130 a
355 2084 508 2129 diebus
522 2080 737 2139 malignis.
766 2074 1085 2136 Maligni‘enim
1104 2081 1206 2117 sunt
1228 2070 1337 2123 dies,
1361 2068 1456 2128 qui·

59 2162 143 2206 bus
169 2157 375 2204 videntur
403 2155 558 2199 florere
592 2158 866 2211 peccatores,
898 2155 942 2190 et
968 2145 1166 2189 laborare
1194 2141 1299 2203 justi
1336 2159 1345 2184 ε
1380 2138 1455 2182 sed

58 2231 185 2276 labor
191 2230 411 2290 justorum
424 2223 650 2283 flagellum
668 2229 731 2265 est
747 2219 899 2274 Patris,
916 2227 961 2261 et
974 2215 1158 2260 felicitas
1175 2220 1456 2272 peccatorum

63 2301 191 2347 fovea
207 2300 404 2359 ipsorum
427 2305 505 2339 est.
537 2293 650 2347 Quia
682 2291 799 2336 enim
822 2289 991 2346 mitigat
1010 2302 1086 2331 vos
1106 2289 1222 2330 Deus
1250 2299 1273 2326 a
1307 2280 1459 2325 diebus

63 2372 284 2430 malignis,
318 2367 456 2412 donec
480 2364 679 2410 fodiatur
711 2360 928 2422 peccatori
960 2357 1087 2402 fovea
1107 2377 1117 2414 3
1140 2370 1243 2401 *non
1265 2350 1459 2410 cogitetis

64 2443 168 2505 quia
188 2439 321 2486 modo
342 2440 389 2483 in
412 2437 558 2497 aliquo
580 2434 677 2479 loco
697 2440 813 2478 stant
831 2428 989 2489 Angeli
1003 2443 1104 2472 cum
1121 2423 1391 2477 bidentibus,
1417 2430 1461 2465 et

66 2514 243 2560 fodiunt
262 2513 390 2556 istam
411 2509 583 2555 foveam
605 2519 809 2565 magnam
824 2539 834 2559 ‚
865 2517 965 2563 quae
996 2500 1130 2560 possit
1151 2510 1304 2557 capere
1329 2507 1459 2538 omne

68 2600 205 2646 genus
225 2583 478 2643 iniquorum
497 2600 508 2637 3
538 2587 580 2622 et
601 2577 704 2637 quia
724 2573 879 2620 videtis
904 2570 1068 2617 multos
1090 2584 1178 2613 esse
1198 2567 1388 2626 iniquos⁷
1414 2571 1458 2606 et

116 2678 125 2694 ¹
142 2671 221 2703 Luc.
240 2679 331 2710 xvm,
352 2665 467 2707 10-14.
489 2681 532 2690 —·
552 2671 566 2688 2
586 2662 702 2696 Matth.
719 2672 768 2702 31,
792 2662 848 2694 28.
864 2675 906 2683 -
929 2655 942 2681 ³
957 2656 1040 2689 Psal.
1057 2665 1142 2696 xmu,
1164 2653 1214 2685 13.
