1926 3339
381 286 623 317 ENAnnAno
657 289 703 317 m
735 284 939 316 PsALMUM
970 287 1099 316 xcvn.
1361 279 1444 318 473

62 373 83 398 »
118 365 209 400 tare
227 357 393 400 tuum¹.
419 358 581 401 Notum
604 353 707 398 fecit
729 352 935 397 Dominus
954 352 1139 396 salutare
1152 368 1295 397 suum.
1316 372 1336 395 »
1363 356 1445 399 Cui

57 436 211 471 notum
234 426 362 472 fecit?
382 426 508 485 parti,
545 441 600 469 an
622 424 852 469 universo?
874 427 971 469 Non
1001 423 1113 483 parti
1137 422 1281 467 alicui.
1308 427 1445 470 Nemo

56 496 194 553 fallat,
215 512 344 541 nemo
362 495 565 554 decipiat,
583 510 712 539 nemo
727 495 857 550 dicat,
883 514 902 536 «
917 497 1029 539 Ecce
1043 494 1113 538 hic
1138 503 1201 538 est
1223 494 1441 550 Christus,

59 585 81 611 »
116 583 215 612 ecce
235 566 364 611 illic2.
386 585 406 608 »
433 567 513 619 Qui
533 565 658 610 dicit:
689 585 709 608 «
730 569 843 610 Ecce
860 566 930 610 hic
945 573 1023 620 est,
1050 580 1149 609 ecce
1165 564 1268 620 illic,
1300 583 1320 606 »
1343 581 1446 625 par-

56 647 120 683 tes
137 637 340 683 ostendit.
367 655 387 678 «
411 637 494 682 Cui
515 646 669 681 notum
689 637 792 681 iecit
810 637 1018 681 Dominus
1031 635 1217 680 salutare
1239 639 1401 681 suum?
1422 655 1442 678 »

55 709 171 755 Audi
190 709 297 769 quid
318 708 514 769 sequitur
534 727 542 753 :
569 727 588 751 «
613 712 726 753 Ante
749 717 1029 767 conspectum
1058 707 1255 766 gentium
1277 708 1445 753 revela-

58 797 79 822 »
113 780 175 825 vit
189 779 400 840 justitiam
419 794 553 823 suam.
583 799 598 820 »
621 782 802 823 Dextera
824 779 923 833 Dei,
946 778 1173 822 brachium
1197 778 1298 833 Dei,
1324 777 1446 822 salu-

55 859 147 896 tare
162 851 260 906 Dei,
286 850 504 910 etjustitia
527 850 620 906 Dei,
639 851 848 895 Dominus
871 859 932 893 est
950 847 1143 894 Salvator
1161 858 1305 893 noster
1321 852 1345 893 J
1349 865 1445 894 esus

55 922 269 968 Christus.

115 996 198 1037 III.
229 1011 249 1034 «
272 995 440 1037 Memor
467 992 552 1036 fuit
571 990 878 1036 misericordiae
901 1007 989 1034 suae
1018 990 1171 1045 Jacob,
1191 999 1234 1034 et
1254 990 1446 1034 veritatis

58 1080 79 1104 »
114 1079 202 1107 suae
225 1062 376 1107 domui
390 1063 567 1107 Israel?
589 1082 608 1105 »
632 1062 748 1116 Quid
767 1071 846 1113 est,
868 1081 886 1103 «
905 1064 1074 1106 Memor
1095 1061 1182 1105 fuit
1203 1061 1447 1106 misericor-

57 1152 78 1176 »
114 1133 196 1178 diae
219 1143 262 1178 et
281 1135 502 1179 veritatis?
527 1153 546 1175 »
577 1137 634 1178 Ut
660 1133 956 1193 promitteret,
993 1132 1192 1176 misertus
1221 1141 1313 1190 est,
1344 1133 1446 1192 quia

54 1205 251 1265 promisit
274 1215 316 1249 et
339 1206 535 1250 exhibuit
553 1203 905 1259 misericordiam,
929 1204 1085 1249 veritas
1100 1213 1330 1264 consecuta
1354 1213 1442 1249 est:

53 1275 346 1321 misericordia
378 1277 586 1336 praemisit
613 1276 965 1336 promissionem,
994 1274 1219 1334 promissio
1255 1273 1446 1318 reddidit

52 1348 298 1393 veritatem.
329 1367 349 1390 «
369 1350 538 1393 Memor
559 1340 645 1392 fuit
657 1346 963 1391 misericordiae
986 1361 1074 1390 suae
1090 1346 1242 1401 Jacob,
1266 1354 1308 1389 et
1330 1345 1446 1390 veri-

57 1435 78 1460 1)
113 1419 212 1463 tatis
244 1434 332 1462 sure
361 1418 513 1462 domui
547 1417 695 1462 Isra'e‘l.
721 1436 741 1458 »
780 1420 836 1461 Et
869 1416 1002 1477 quid?
1030 1425 1202 1460 tantum
1227 1416 1380 1470 Jacob,
1404 1425 1448 1460 et

53 1498 226 1533 tantum
255 1489 404 1534 domui
429 1488 586 1533 Israel?
609 1493 771 1534 Domus
798 1487 1052 1532 Judaeorum
1084 1497 1127 1531 et
1156 1503 1349 1547 propago
1372 1486 1446 1531 illa

53 1559 241 1604 Abrahae
274 1560 515 1603 secundum
552 1574 726 1604 carnem
760 1558 869 1603 solet
910 1557 994 1601 dici
1023 1556 1177 1600 domus
1205 1556 1363 1612 Israel,
1404 1566 1448 1600 et

55 1629 186 1673 Israel
209 1630 360 1674 Jacob.
387 1630 523 1674 Jacob
547 1629 663 1673 enim
678 1628 793 1672 filius
820 1631 952 1683 Isaac,
980 1630 1097 1671 Isaac
1116 1636 1261 1671 autem
1284 1628 1373 1686 ipse
1392 1627 1445 1670 fi-

53 1698 135 1744 lius
160 1700 362 1744 Abrahae.
389 1703 504 1759 Ergo
524 1700 659 1744 Jacob
683 1715 817 1758 nepos
838 1699 1026 1743 Abrahae
1046 1697 1131 1741 fuit
1156 1717 1163 1741 ε
1184 1707 1226 1741 et
1239 1696 1294 1741 de
1308 1697 1444 1741 Jacob

54 1771 288 1816 duodecim
312 1772 406 1826 filii,
431 1781 473 1816 et
493 1771 547 1815 de
566 1771 799 1815 duodecim
818 1770 913 1814 filiis
931 1770 1131 1813 universa
1150 1783 1341 1828 propago
1363 1771 1387 1812 J
1394 1784 1445 1812 u-

55 1843 267 1889 daeorum.
289 1843 515 1903 Numquid
529 1842 612 1887 illis
633 1852 802 1887 tantum
821 1842 1054 1901 promissus
1075 1840 1378 1884 estChristus‘?
1403 1839 1446 1884 Si

56 1914 259 1960 discutias
287 1914 392 1974 quid
425 1915 477 1958 sit
517 1913 665 1969 Israel,
693 1913 838 1957 Israeli
868 1912 1102 1972 promissus
1132 1920 1195 1955 est
1230 1910 1441 1955 Christus.

57 1985 188 2030 Israel
211 1994 274 2029 est
297 1985 459 2029 Videns
487 1989 642 2029 Deum.
676 1984 933 2029 Videbimus
951 1999 1027 2042 per
1044 1982 1246 2042 speciem,
1273 1982 1306 2024 si
1328 1996 1447 2025 nuuc

54 2055 278 2102 Videamus
300 2072 377 2116 per
402 2055 550 2099 fidem.
577 2055 746 2100 Habeat
778 2054 926 2099 oculos
950 2054 1055 2097 fides
1081 2062 1242 2105 nostra,
1269 2061 1311 2095 et
1333 2052 1448 2094 exhi-

55 2127 233 2171 bebitur
254 2127 409 2171 veritas
433 2126 536 2170 fidei
566 2145 574 2170 z
609 2126 836 2170 credamus
853 2125 897 2168 in
923 2140 1023 2168 cum
1044 2138 1174 2183 quem
1203 2138 1291 2166 11011
1324 2121 1448 2165 vide-

55 2213 168 2254 mus,
205 2208 248 2242 et
274 2198 511 2257 gaudentes
543 2197 790 2241 videbimus
818 2217 826 2241 ι
859 2195 1152 2239 desideremus
1175 2210 1267 2238 non
1288 2193 1446 2248 visum,

0 2267 1 2313 i
57 2279 100 2314 et
123 2268 321 2314 fruemur
352 2269 457 2314 viso.
492 2272 606 2327 Ergo
635 2278 678 2312 et
712 2267 844 2312 modo
880 2266 1011 2311 Israel
1042 2282 1119 2326 per
1148 2265 1279 2309 fidem
1308 2284 1316 2310 ;
1346 2274 1450 2308 tunc

0 2347 1 2352 ’
58 2349 202 2385 autem
230 2340 360 2385 Israel
388 2356 465 2400 per
492 2341 694 2399 speciem,
726 2339 836 2383 facie
859 2338 913 2382 ad
938 2337 1107 2382 faciem.
1134 2339 1230 2380 Non
1249 2336 1339 2395 jam
1375 2350 1451 2394 per

58 2411 299 2470 speculum,
323 2427 412 2455 non
433 2412 479 2454 in
497 2410 725 2468 aenigmate
740 2410 755 2434 ‘¹
775 2429 783 2453 :
801 2409 875 2453 sed
894 2405 1266 2468 quemadmodum
1285 2404 1451 2448 dictum

59 2490 123 2526 est
147 2497 170 2525 a
188 2484 356 2526 Joanne
376 2501 384 2526 :
416 2500 436 2523 «
460 2480 756 2535 Dilectissimi,
795 2479 873 2523 filii.
897 2479 975 2524 Dei
996 2493 1168 2532 sumus,
1193 2486 1236 2520 et
1252 2475 1450 2520 nondum

107 2584 116 2600 ¹
139 2580 217 2610 Luc.
238 2589 271 2619 11,
298 2587 362 2620 29,
381 2578 432 2610 30.
457 2594 498 2600 —
519 2584 531 2600 ²
551 2576 663 2609 Mattb.
688 2587 778 2618 xxiv,
794 2576 847 2608 23.
873 2592 915 2598 -
936 2573 948 2598 3
966 2575 1049 2607 Psal.
1069 2585 1151 2607 xcvn
1166 2599 1174 2615 ‚
1195 2573 1225 2605 3.
1247 2589 1288 2595 —-
1308 2570 1323 2596 A
1338 2582 1351 2602 1
1377 2573 1450 2602 Cor.
1479 2600 1486 2606 ,

60 2644 132 2675 xm,
156 2642 206 2665 1¹2.
