1926 3339
397 296 638 326 ENAnnAno
670 299 716 326 IN
748 298 951 326 PSALMUM
985 299 1153 326 Lxxxit.
1384 289 1464 327 133

85 370 179 417 tur,
210 362 255 406 in
277 360 458 407 liberam
487 378 638 408 vocem
664 373 869 424 eruptura
893 372 1015 418 sunt,
1043 362 1119 407 sed
1148 363 1276 423 plane
1296 364 1468 408 irratio-

83 432 291 487 nabilem,
316 442 366 478 ut
387 434 551 479 sonitus
573 436 708 494 magis
729 450 861 495 quam
883 434 1047 479 locutio
1069 433 1136 478 vel
1155 449 1294 479 sermo
1316 434 1467 478 dicen-

83 502 164 548 dus
185 503 362 549 sit.Non
384 505 532 565 itaque
548 515 653 551 tunc
671 506 810 551 odisse
832 506 1056 565 incipient,
1082 504 1155 549 sed
1179 506 1255 566 qui
1278 504 1468 550 oderunt

81 584 140 630 te,
157 583 262 619 tunc
279 574 492 620 levabunt
505 587 650 637 caput.
668 581 756 623 Nec
775 578 930 637 capita,
944 577 1018 621 sed
1033 579 1208 636 «Caput
1228 596 1236 621 ε
1253 595 1272 617 »
1289 576 1468 637 quando

81 660 132 689 eo
154 647 406 704 perventuri
428 657 530 692 sunt
545 683 556 703 ,
582 657 631 692 ut
654 648 783 692 etiam
810 647 918 692 illud
943 657 1076 707 caput
1098 647 1291 691 habeant
1310 682 1320 701 ,
1349 647 1469 707 quod

82 714 304 760 extollitur
327 732 456 776 super
479 733 608 762 omne
625 718 744 778 quod
763 718 921 763 dicitur
938 722 1066 773 Deus,
1088 727 1130 762 ct
1144 717 1265 778 quod
1288 717 1466 762 colitur:

83 795 133 830 ut
156 786 201 830 in
222 786 297 831 illo
321 788 504 832 maxime
533 788 766 849 impleatur
786 824 796 844 ‚
826 808 846 830 (ι
872 789 954 842 Qui
976 804 1019 832 se
1037 788 1194 832 exaltat
1215 788 1470 832 humiliabi-

86 875 106 898 »
142 866 213 901 tur
233 858 276 898 ¹?
297 876 316 899 »
337 867 496 903 etcum
515 874 615 902 eum
637 858 710 903 ille
733 860 805 903 cui
823 859 983 903 dicitur
1005 878 1049 903 2«
1066 860 1128 903 Ne
1152 867 1306 912 taceas,
1329 874 1472 917 neque

85 945 106 968 »
142 928 356 983 mitescas,
382 932 495 973 Deus
511 964 521 984 ,
540 947 560 969 »
581 929 813 973 interficiet
834 929 987 988 spiritu
1010 928 1093 973 oris
1110 928 1175 972 sui
1191 964 1202 983 ,
1229 937 1271 972 et
1288 943 1474 972 evacua—

82 997 148 1042 bit
168 996 486 1043 illuminatione
508 1000 749 1058 praesentiae
772 1015 861 1043 suae
877 1003 909 1042 ².

139 1071 214 1113 IV.
244 1072 382 1128 Super
404 1070 618 1129 populum
643 1079 771 1114 tuum
793 1070 1144 1129 malignaverunt
1166 1069 1396 1115 consilium
1417 1087 1469 1130 z.»

81 1137 171 1193 vel,
198 1139 308 1184 sicut
331 1139 401 1184 alii
417 1139 586 1185 codices
608 1141 772 1185 habent
798 1160 806 1185 ε
837 1159 858 1182 «
878 1144 1031 1184 Astute
1053 1141 1353 1198 cogitaverunt
1371 1155 1475 1185 con-

83 1227 105 1250 »
140 1209 282 1253 silium
299 1244 310 1264 ‚
336 1219 379 1254 et
403 1211 705 1269 cogitaverunt
728 1210 933 1255 adversus
954 1220 1124 1255 sanctos
1153 1226 1251 1255 suos
1268 1212 1300 1254 3.
1325 1229 1345 1251 »
1368 1211 1474 1254 Irri-

82 1279 235 1323 denter
262 1280 342 1324 ista
370 1279 592 1325 dicuntur.
632 1280 819 1334 Quando
847 1282 970 1325 enim
995 1280 1189 1325 valerent
1212 1296 1369 1325 nocere
1391 1296 1474 1339 po-

81 1350 187 1409 pulo
207 1350 278 1395 vel
299 1351 418 1410 plebi
440 1352 542 1405 Dei,
571 1351 639 1396 vel
662 1353 818 1396 sanctis
840 1354 932 1412 ejus
952 1352 1028 1412 qui
1050 1360 1268 1397 noverunt
1291 1351 1434 1396 dicere
1461 1371 1471 1397 ε

85 1439 106 1462 «
143 1422 186 1465 Si
207 1423 321 1465 Deus
339 1437 417 1480 pro
439 1421 585 1475 nobis,
608 1422 705 1482 quis
724 1432 876 1466 contra
899 1438 977 1467 nos
991 1423 1036 1464 ⁴?
1066 1440 1086 1463 »

140 1494 194 1536 V.
211 1492 452 1537 «Dixerunt
475 1512 482 1537 ι
511 1493 686 1548 Venite,
711 1502 754 1537 et
774 1492 1074 1553 disperdamus
1097 1509 1169 1538 eos
1192 1492 1246 1537 de
1265 1503 1394 1552 gente
1411 1495 1470 1537 ⁵.»

85 1562 358 1622 Singularem
387 1579 622 1608 numerum
644 1565 789 1623 posuit
812 1580 891 1624 pro
920 1564 1079 1624 plurali
1103 1584 1110 1609 :
1138 1564 1249 1608 sicut
1277 1563 1437 1608 dicitur
1464 1583 1472 1608 :

83 1635 216 1694 Cujus
232 1643 295 1679 est
312 1635 395 1679 hoc
418 1650 549 1694 pecus
562 1670 571 1688 ‚
598 1635 765 1679 etiamsi
783 1634 838 1678 de
854 1650 983 1694 grege
1000 1635 1294 1693 interrogetur
1310 1669 1321 1688 ‚
1347 1644 1390 1678 et
1409 1635 1477 1678 in·-

83 1705 340 1764 telliguntur
360 1721 533 1766 pecora.
556 1707 754 1767 Denique
782 1706 854 1750 alii
887 1706 1078 1761 codices,
1099 1709 1193 1750 «De
1216 1706 1432 1764 gentibus,
1451 1724 1471 1746 »

83 1776 250 1821 habent
266 1812 276 1832 ‚
303 1778 379 1821 ubi
402 1778 536 1835 magis
558 1778 816 1837 interpretes
838 1777 1113 1822 intellectum
1137 1791 1269 1837 quam
1293 1776 1477 1821 verbum

83 1848 220 1892 secuti
241 1857 357 1893 sunt.
379 1868 399 1891 «
424 1849 580 1893 Venite
598 1884 609 1904 ‚
633 1858 677 1893 et
698 1848 998 1908 disperdamus
1017 1863 1089 1893 eos
1112 1847 1166 1891 de
1189 1856 1361 1905 gente.»
1382 1851 1478 1907 Ipse

84 1927 148 1962 est
171 1917 245 1962 ille
269 1934 400 1962 sonus
415 1954 425 1973 ‚
465 1934 554 1979 quo
578 1927 820 1963 sonuerunt
853 1918 989 1976 magis
1024 1933 1159 1978 quam
1181 1917 1317 1962 locuti
1339 1926 1443 1961 sunt
1462 1952 1473 1972 ‚

83 1989 291 2050 quoniam
311 1989 499 2034 inaniter
516 1989 661 2033 inania
680 1997 1004 2049 strepuerunt.«
1020 1991 1077 2032 Et
1098 2004 1187 2032 non
1211 1996 1479 2032 memoretur

86 2078 108 2102 »
143 2061 328 2105 nominis
359 2061 491 2105 Israel
523 2060 652 2105 ultra,
687 2064 780 2105 Hoc
817 2060 888 2104 alii
919 2060 1093 2119 planius
1115 2059 1350 2104 dixerunt:
1383 2061 1480 2102 «Et

87 2150 107 2174 »
143 2148 234 2177 non
263 2133 318 2177 sit
339 2133 548 2177 memoria
576 2132 764 2177 nominis
795 2131 924 2175 Israel
958 2132 1117 2175 adhuc.
1145 2149 1166 2172 »
1195 2132 1306 2184 Quia
1333 2149 1354 2173 «
1379 2132 1479 2174 Me-

88 2220 108 2243 »
143 2212 338 2247 moretur
369 2203 583 2256 nominis,
613 2220 633 2244 »
658 2203 703 2246 in
726 2201 862 2246 latina
889 2201 1040 2260 lingua
1075 2202 1281 2245 inusitata
1314 2199 1478 2244 locutio

86 2281 150 2317 est
176 2293 185 2318 :
218 2273 362 2333 potius
391 2273 507 2316 enim
530 2272 614 2317 dici
637 2271 771 2326 solet,
799 2281 1067 2316 memoretur
1088 2287 1250 2316 nomen
1273 2291 1281 2316 :
1307 2273 1384 2315 sed
1408 2285 1480 2314 ea·-

85 2343 185 2387 dem
208 2343 298 2403 ipsa
318 2344 529 2387 sententia
552 2352 629 2387 est.
655 2345 765 2387 Nam
787 2343 864 2403 qui
890 2342 997 2387 dixit
1022 2362 1030 2386 :
1061 2361 1082 2384 «
1107 2345 1376 2386 Memoretur
1398 2357 1479 2386 no-

88 2431 110 2455 »
144 2413 288 2468 minis,
309 2432 329 2454 »
348 2428 532 2471 graecam
557 2412 775 2458 transtulit
797 2413 1080 2458 locutionem.
1106 2431 1125 2454 «
1140 2412 1271 2456 Israel
1290 2430 1311 2453 »
1333 2420 1479 2456 autem

87 2484 158 2528 hic
181 2483 312 2527 dehet
334 2482 520 2542 intelligi
542 2484 696 2543 utique
713 2498 860 2527 semen
879 2483 1067 2527 Abrahae
1083 2518 1093 2537 ‚
1114 2482 1185 2526 cui
1208 2481 1313 2526 dicit
1335 2486 1477 2541 Apos-

137 2588 144 2604 ¹
168 2583 245 2613 Luc.
264 2592 331 2621 xiv,
347 2593 397 2613 11.
415 2598 456 2604 —-
477 2588 489 2603 ²
505 2590 524 2613 2
539 2581 647 2612 les<.
669 2593 702 2615 n.
722 2581 753 2612 8.
773 2599 812 2602 —
830 2579 1064 2615 31’sat.u-wx.
1086 2579 1117 2619 ,1.
1139 2597 1178 2602 —
1193 2576 1208 2603 4
1227 2582 1317 2611 Rom.
1336 2580 1468 2618 x‘211,.3.·.

91 2653 130 2660 -
145 2635 158 2659 5
185 2637 266 2668 Psal.
288 2648 408 2677 txxrn,
430 2638 460 2669 5.
