1926 3339
404 335 650 366 ENARRATIO
681 338 728 366 m
759 335 963 366 PsALMUM
995 338 1146 366 Lxxxv.
1364 331 1444 368 201

59 405 153 449 lant
180 403 226 448 in
244 403 328 448 via.
357 422 378 445 «
403 403 553 448 Deduc
567 419 654 459 me,
680 405 877 458 Domine,
900 404 947 447 in
966 404 1036 448 via
1057 413 1148 448 tua.
1175 405 1340 449 »Certe
1356 407 1449 465 jam

58 476 106 520 in
128 475 195 519 via
219 484 291 519 tua
315 490 432 529 sum,
458 475 601 520 deduc
624 491 694 519 me
711 475 788 519 ibi.
821 494 840 518 «
866 478 922 519 Et
942 474 1180 520 ambulabo
1200 475 1248 519 in
1268 476 1449 520 veritate

60 563 83 588 >›
115 554 205 589 tua.
230 563 250 586 »
279 548 337 589 Te
351 544 595 590 deducente
612 581 622 599 ,
642 561 731 590 non
746 546 902 590 errabo
929 565 938 590 :
962 546 996 589 si
1017 545 1226 590 dimiseris
1241 580 1251 600 ‚
1273 546 1443 591 errabo.

57 617 143 660 Ora
165 630 268 674 ergo
300 624 351 659 ut
377 631 467 660 non
495 615 687 660 dimittat
706 651 716 671 ,
742 616 817 660 sed
839 632 978 676 usque
1004 616 1050 660 in
1082 617 1215 660 finem
1238 614 1443 661 deducat.

57 684 288 739 Quomodo
309 684 518 730 deducit?
544 688 721 746 Semper
743 686 963 731 monendo
978 723 989 742 ,
1014 702 1183 746 semper
1199 687 1346 731 dando
1365 687 1446 731 tibi

55 771 233 801 manum
257 772 393 800 suam.
420 760 476 801 Et
503 757 731 802 brachium
766 758 938 802 Domini
956 759 1026 802 cui
1055 757 1295 802 revelatum
1318 767 1382 802 est
1399 759 1446 802 ²?

54 826 210 872 Dando
244 827 358 871 enim
382 828 603 872 Christum
636 843 786 882 suum,
813 829 887 872 dat
916 843 1097 871 manum
1118 843 1266 884 suam3
1298 827 1446 873 dando

52 913 235 942 manum
257 913 395 952 suam,
416 899 639 943 Christum
660 913 789 942 suum
811 898 900 942 dat.
928 897 996 942 Ad
1010 898 1123 941 viam
1138 896 1274 952 ducit,
1289 898 1445 957 perdu-

51 967 192 1012 cendo
215 967 270 1011 ad
287 969 507 1013 Christum
529 983 658 1012 suum
685 987 693 1012 z
714 968 759 1011 in
779 968 848 1011 via
876 966 1083 1021 deducit,
1115 966 1376 1012 deducendo
1398 968 1444 1011 in

51 1037 224 1082 Christo
241 1053 334 1082 suo.
353 1038 550 1082 Christus
569 1046 715 1081 autem
733 1037 905 1081 veritas.
929 1036 1116 1081 «Deduc
1138 1052 1208 1080 me
1223 1052 1340 1095 ergo,
1360 1040 1445 1082 Do-

53 1123 76 1149 »
110 1107 248 1162 mine,
273 1108 320 1151 in
341 1108 410 1152 via
431 1117 506 1153 tua
520 1143 531 1163 ,
546 1117 589 1152 et
611 1107 848 1152 ambulabo
870 1107 916 1151 in
939 1106 1121 1151 veritate
1142 1116 1232 1150 tua.
1255 1128 1272 1148 »
1291 1110 1343 1151 In
1367 1106 1443 1152 illo

50 1177 203 1237 utique
225 1178 301 1237 qui
325 1179 383 1222 ait
412 1198 420 1223 2
443 1198 462 1220 «
494 1181 587 1236 Ego
609 1193 705 1222 sum
726 1178 792 1222 via
814 1186 857 1221 et
886 1178 1043 1222 veritas
1065 1186 1108 1221 et
1128 1178 1217 1222 vita
1231 1181 1264 1220 2.
1289 1193 1308 1219 »
1333 1180 1443 1222 Nam

50 1247 126 1307 qui
146 1248 191 1291 in
208 1249 275 1292 via
297 1257 340 1292 et
350 1249 532 1292 veritate
550 1248 729 1292 deducis
747 1283 758 1303 ‚
782 1264 870 1308 quo
884 1248 964 1292 nisi
987 1248 1042 1291 ad
1063 1248 1197 1292 vitam
1210 1247 1443 1307 perducis?

48 1319 236 1364 Deducis
256 1335 359 1379 ergo
386 1320 432 1363 in
448 1319 524 1364 illo
546 1356 556 1374 ,
584 1321 639 1364 ad
661 1320 801 1364 illum.
834 1340 854 1362 «
879 1319 1030 1364 Deduc
1056 1335 1149 1375 me,
1166 1320 1372 1375 Domine,
1397 1320 1442 1364 in

51 1407 72 1432 »
106 1391 175 1434 via
192 1400 266 1434 tua
282 1427 294 1446 ,
320 1400 363 1434 et
385 1391 621 1436 ambulabo
642 1391 687 1435 in
709 1391 890 1436 veritate
912 1399 1002 1434 tua.
1032 1408 1052 1432 »

105 1464 226 1506 XVI.
268 1481 288 1504 «
317 1462 594 1506 Jucundetur
626 1478 701 1507 cor
742 1477 891 1506 meum
916 1496 928 1516 ‚
966 1471 1018 1506 ut
1055 1462 1238 1506 timeat
1278 1476 1442 1505 nomen

49 1550 72 1574 >›
105 1541 248 1576 tuum.
286 1553 304 1574 »
331 1536 448 1592 Ergo
481 1534 611 1577 timor
642 1534 689 1577 in
706 1533 984 1594 jucunditate
1014 1542 1093 1578 est.
1127 1535 1185 1577 Et
1216 1532 1441 1593 quomodo

40 1604 293 1664 jucunditas
306 1638 317 1658 ,
342 1604 376 1647 si
399 1604 558 1648 timor?
574 1606 730 1649 Nonne
754 1604 884 1648 timor
908 1619 1077 1648 amarus
1091 1602 1201 1648 solet
1217 1605 1333 1648 esse?
1346 1604 1442 1648 Erit

47 1673 282 1735 aliquando
298 1673 550 1734 jucunditas
572 1675 664 1719 sine
693 1675 847 1719 timore
872 1695 881 1719 :
908 1674 1041 1720 modo
1062 1673 1314 1735 jucunditas
1337 1688 1439 1718 cum

45 1743 215 1789 timore.
245 1744 452 1790 Nondum
481 1754 546 1789 est
566 1745 683 1789 enim
708 1745 838 1805 plena
869 1746 1102 1801 securitas,
1137 1761 1218 1790 nec
1247 1743 1440 1804 perfecta

39 1815 306 1875 jucunditas.
340 1817 383 1860 Si
407 1814 527 1859 nulla
561 1815 812 1875 jucunditas
828 1851 839 1871 ,
869 1815 1096 1860 deficimus
1121 1835 1130 1860 ;
1156 1815 1190 1860 si
1218 1814 1348 1875 plena
1371 1830 1438 1859 se-

45 1885 204 1930 curitas
219 1920 231 1941 ,
256 1885 370 1930 male
383 1884 642 1930 exultamus.
669 1889 786 1945 Ergo
808 1894 850 1931 et
873 1886 1198 1946 jucunditatem
1223 1894 1436 1945 aspergat,

45 1965 88 2000 et
108 1956 310 2000 timorem
332 1956 539 2010 incutiat,
565 1965 615 2000 ut
636 1955 691 2000 de
713 1955 946 2000 dulcedine
962 1955 1252 2016 jucunditatis
1274 1956 1434 2016 perdu-

45 2036 114 2072 cat
130 2042 209 2071 nos
242 2025 297 2070 ad
322 2026 468 2070 sedern
490 2027 747 2071 securitatis.
780 2026 935 2071 Daudo
971 2027 1199 2082 timorem,
1235 2043 1325 2071 non
1361 2042 1440 2070 nos

44 2095 175 2142 saciat
195 2096 306 2141 male
329 2095 547 2152 exultare,
573 2106 616 2141 et
637 2096 839 2141 recedere
859 2097 914 2141 de
946 2098 1029 2141 via.
1066 2096 1171 2141 Ideo
1195 2096 1300 2141 dicit
1322 2096 1441 2141 Psal-

44 2182 169 2225 mus3
196 2186 217 2210 «
259 2168 422 2212 Servite
460 2168 647 2212 Domino
679 2168 726 2211 in
759 2167 940 2222 timore,
977 2177 1020 2211 et
1047 2167 1236 2211 exultate
1260 2168 1300 2212 ei
1337 2183 1439 2211 cum

46 2256 68 2280 ³»
100 2241 330 2284 tremoress.
354 2258 375 2280 »
397 2240 464 2284 Sic
483 2248 526 2283 et
545 2238 766 2299 apostolus
784 2238 946 2283 Paulus
960 2238 1090 2284 dicit:
1113 2258 1133 2280 <t
1150 2241 1263 2284 Cum
1284 2239 1440 2282 timore

46 2327 67 2351 »
102 2319 145 2354 et
161 2319 350 2354 tremore
371 2319 558 2354 vestram
596 2310 790 2369 ipsorum
815 2309 1000 2354 salutem
1027 2309 1290 2370 operamini,
1325 2313 1442 2354 Deus

45 2398 67 2422 »
101 2381 217 2424 enim
238 2390 301 2424 est
318 2380 394 2441 qui
417 2390 622 2440 operatur
644 2380 690 2423 in
710 2380 878 2425 vohis&
897 2398 917 2421 »
941 2380 1167 2440 Quidquid
1189 2395 1293 2438 ergo
1313 2395 1440 2439 pros·-

41 2466 195 2510 perum
217 2452 362 2505 venit,
389 2452 542 2495 fratres
561 2487 572 2505 ,
596 2451 731 2508 magis
759 2451 1049 2495 metuendum
1073 2460 1138 2495 est
1164 2470 1172 2495 :
1197 2466 1297 2510 quae
1318 2460 1441 2509 puta·

43 2522 96 2566 tis
126 2537 357 2582 prospera,
396 2523 532 2581 magis
561 2523 820 2566 tentationes
857 2531 972 2566 sunt.
1009 2522 1141 2566 Venit
1171 2521 1400 2566 haereditas
1421 2557 1432 2576 ,

42 2592 160 2637 venit
181 2592 304 2651 copia
324 2608 469 2636 rerum
488 2627 499 2647 ,
538 2591 735 2636 abundat
758 2592 1110 2636 circumfluentia
1142 2592 1286 2636 nescio
1316 2593 1440 2651 cujus

95 2685 104 2700 ¹
133 2679 205 2711 lsai.
222 2689 290 2719 Lm,
313 2690 341 2710 1.
367 2695 404 2700 —
423 2686 435 2701 ²
453 2680 542 2711 Joan.
567 2690 636 2720 xiv,
655 2679 686 2710 6.
710 2695 751 2700 —
775 2677 884 2710 3Psal.
901 2689 936 2720 ιι,
960 2690 1009 2711 11.
1031 2695 1071 2701 -
1095 2677 1111 2707 4
1134 2678 1247 2720 Philip.
1268 2689 1302 2718 n,
1325 2676 1422 2709 11-13
1470 2702 1477 2707 .
