1926 3339
397 252 638 279 ENAHRA'HO
670 255 713 279 m
748 252 949 280 PsALMUM
983 256 1115 281 LxxX.
1367 250 1446 285 115

67 314 216 374 quales
236 314 405 358 volunt.
424 315 538 368 Quid
553 316 667 359 enim
685 316 867 375 impedit
887 317 1105 360 officinam
1123 318 1292 376 decepti
1308 320 1449 365 cordis

67 383 274 427 fabricare
305 384 582 443 phantasma,
620 384 750 445 quale
787 384 1001 430 voluerit?
1033 385 1117 431 Sed
1146 402 1294 431 omnes
1327 388 1371 432 hi
1402 390 1448 432 in

65 452 374 512 posterioribus
396 454 696 509 consentiunt,
715 453 760 497 id
780 463 866 509 est,
892 455 1021 498 simili
1038 456 1228 500 vanitate
1250 455 1450 500 detinen-

66 530 151 566 tur.
190 521 314 566 Unde
348 525 526 567 Samson
560 532 726 579 noster,
757 525 833 585 qui
866 525 993 568 etiam
1032 525 1341 585 interpretatur
1375 527 1449 571 Sol

63 592 253 652 ipsorum
266 627 277 648 ,
298 608 449 637 eorum
467 593 629 638 scilicet
645 595 807 655 quibus
820 595 938 640 lucet
953 617 964 654 3
979 612 1068 641 non
1091 598 1301 653 omnium,
1316 588 1447 642 sicuti

64 671 127 707 est
149 663 290 707 oriens
311 674 440 724 super
459 665 597 709 bonos
615 675 659 710 et
675 666 834 726 malos,
859 666 933 711 sed
959 667 1022 712 sol
1044 668 1352 728 quorumdam,
1375 667 1448 714 Sol

58 732 271 793 justitiae:
306 733 489 792 figuram
525 735 640 779 enim
675 737 865 782 habebat
899 738 1090 783 Christi:
1122 738 1362 797 colligavit,
1396 747 1447 782 ut

61 803 204 848 dicere
220 820 439 864 coeperam
452 841 462 860 ,
483 806 642 850 caudas
662 806 878 866 vulpium,
899 816 942 851 et
958 808 1021 850 ibi
1040 808 1184 866 ignem
1205 807 1442 868 alligavit²3

59 875 203 933 ignem
251 875 306 919 ad
346 875 671 920 incendendum
694 911 706 932 ,
755 876 831 921 sed
880 892 1036 921 messes
1087 877 1443 937 alienigenarum.

60 946 247 991 Proinde
279 947 385 991 tales
419 948 736 992 consentientes
772 948 817 991 in
851 948 1190 1008 posterioribus,
1235 958 1444 1009 tanquam

57 1016 205 1061 caudis
233 1016 449 1076 colligati,
476 1019 655 1061 trahunt
681 1018 825 1076 ignem
848 1028 1223 1079 corrumpentem3
1253 1019 1329 1063 sed
1355 1036 1445 1064 non

58 1087 301 1132 incendunt
321 1096 569 1133 nostrorum
587 1098 765 1148 segetes.
800 1109 820 1131 «
846 1090 975 1133 Novit
999 1090 1115 1133 enim
1138 1090 1347 1134 Dominus
1369 1091 1446 1149 qui

62 1172 82 1200 ε»
116 1169 217 1204 sunt
251 1160 365 1219 ejus,
401 1168 445 1203 et
471 1160 643 1204 recedat
667 1161 722 1204 ab
749 1161 980 1221 iniquitate
1004 1161 1143 1205 omnis
1171 1161 1247 1221 qui
1268 1161 1442 1206 invocat

58 1247 82 1271 -»
117 1245 276 1274 nomen
298 1231 486 1275 Domini.
510 1233 562 1274 In
581 1247 738 1290 magna
755 1240 901 1275 autem
924 1230 1056 1275 domo
1073 1247 1162 1275 non
1180 1230 1321 1275 solum
1342 1240 1445 1276 sunt

61 1319 82 1342 »
116 1315 214 1345 vasa
238 1317 366 1345 aurea
388 1311 432 1345 et
454 1311 655 1361 argentea
675 1337 685 1357 ,
717 1301 793 1346 sed
813 1312 857 1346 et
877 1301 1020 1360 lignea
1041 1312 1084 1346 et
1101 1301 1248 1346 fictilia
1269 1317 1278 1343 :
1299 1311 1343 1346 et
1360 1303 1443 1346 alia

57 1372 235 1432 quidem
257 1381 359 1416 sunt
379 1372 424 1416 in
443 1373 656 1417 honorem
675 1408 685 1427 ,
727 1372 808 1416 alia
834 1387 936 1417 vero
963 1373 1007 1416 in
1036 1370 1361 1416 contumeliam.
1402 1374 1445 1418 Si

55 1460 80 1484 ⁴»
115 1442 212 1502 quis
245 1452 390 1487 autem
416 1442 692 1487 mundaverit
725 1458 770 1486 se
792 1443 847 1486 ab
876 1442 1150 1505 hujusmodi,
1186 1443 1268 1486 erit
1302 1459 1376 1487 vas
1400 1444 1445 1488 in

60 1530 82 1554 »
115 1513 349 1568 honorem,
375 1513 481 1556 utile
509 1513 718 1568 Domino,
754 1512 808 1556 ad
836 1528 964 1557 omne
994 1528 1103 1572 opus
1125 1512 1292 1556 bonum
1315 1529 1446 1572 para-

56 1601 81 1625 »
115 1587 258 1642 tum23
276 1602 296 1625 »
315 1593 358 1628 et
372 1583 472 1628 ideo
495 1599 575 1628 nec
597 1581 756 1628 caudas
776 1583 991 1642 vulpium,
1011 1598 1092 1627 nec
1107 1581 1223 1627 faces
1243 1582 1444 1643 vulpium

55 1653 342 1714 pertimescet.
383 1653 468 1698 Sed
488 1652 710 1698 videamus
733 1652 787 1696 de
808 1652 973 1713 populo
1001 1653 1083 1698 isto
1104 1669 1113 1694 :
1140 1672 1162 1695 «
1193 1653 1236 1698 Si
1267 1668 1338 1697 me
1362 1669 1442 1698 au-

59 1743 79 1766 »
114 1724 267 1780 dieris,
294 1726 458 1786 inquit,
485 1740 574 1769 non
598 1726 678 1769 erit
699 1725 744 1768 in
761 1733 803 1768 te
818 1724 925 1769 deus
942 1740 1105 1769 recens.
1135 1743 1155 1766 »
1175 1728 1323 1770 Movet
1345 1741 1414 1769 me
1429 1761 1441 1782 ,

51 1795 175 1856 quod
199 1795 305 1840 dixit
331 1815 340 1840 :
369 1815 389 1837 «
415 1798 466 1840 In
484 1805 541 1840 te.
565 1814 585 1837 »
613 1797 711 1840 Non
728 1796 843 1839 enim
866 1795 974 1840 dixit
990 1831 1001 1850 ,
1028 1811 1051 1839 a
1068 1804 1111 1839 te
1126 1831 1137 1850 ,
1163 1795 1286 1856 quasi
1308 1796 1444 1840 simu-

55 1867 221 1911 lacrum
253 1865 491 1911 for'insecus
520 1865 799 1924 adhibitum,
836 1864 934 1921 sed,
964 1884 985 1908 «
1010 1869 1062 1910 In
1091 1875 1161 1922 te,
1189 1882 1210 1907 »
1236 1866 1283 1910 in
1312 1864 1443 1911 corde

56 1947 133 1982 tuo
153 1973 164 1993 ‚
199 1938 244 1982 in
274 1937 462 1996 imagine
483 1937 795 1997 phantasmatis
815 1937 907 1992 tui,
940 1937 984 1980 in
1005 1936 1262 1997 deceptione
1289 1938 1443 1982 erroris

50 2009 120 2053 'tui
139 2017 287 2052 tecum
309 2007 502 2067 portabis
527 2007 659 2051 deum
682 2016 809 2051 tuum
836 2016 1054 2051 recentem
1071 2042 1082 2062 ,
1117 2022 1342 2052 remanens
1365 2024 1442 2052 ve-

48 2088 211 2124 tus-tus.
236 2097 258 2121 «
285 2079 327 2123 Si
345 2093 447 2137 ergo
468 2093 539 2122 me
557 2076 770 2122 audieris:
797 2092 887 2131 me,
916 2096 935 2119 n
958 2077 1130 2138 inquit,
1153 2078 1255 2138 quia
1291 2097 1310 2120 «
1335 2081 1429 2137 Ego

54 2167 80 2191 w>
114 2165 209 2193 sum
231 2149 306 2210 qui
323 2164 417 2193 sum
434 2150 465 2203 3,
491 2164 580 2192 non
598 2148 679 2192 erit
698 2147 744 2191 in
765 2156 808 2190 te
826 2147 932 2191 deus
948 2163 1094 2191 recens
1112 2168 1121 2192 ;
1138 2163 1218 2191 nec
1241 2146 1441 2193 adorabis

49 2232 80 2261 ‘»
114 2218 245 2263 deum
267 2218 472 2262 alienum.
493 2235 513 2259 n
539 2217 582 2262 Si
605 2217 721 2261 enim
742 2217 788 2260 in
805 2225 845 2263 te
866 2232 956 2260 non
973 2217 1047 2272 sit,
1078 2236 1098 2259 «
1122 2219 1220 2262 Non
1243 2217 1442 2262 adorabis

58 2309 79 2332 »
114 2289 245 2334 deum
271 2289 476 2334 alienum.
505 2307 524 2329 »
559 2288 601 2333 Si
624 2297 672 2332 tu
694 2304 784 2333 non
804 2287 963 2346 cogites
988 2287 1119 2332 deum
1144 2286 1321 2344 falsum,
1353 2304 1444 2332 non

58 2360 252 2406 adorabis
280 2359 412 2404 deum
439 2359 731 2404 fabricatum:
762 2377 781 2400 «
808 2361 907 2403 Non
935 2358 1051 2402 enim
1078 2359 1161 2403 erit
1188 2359 1234 2403 in
1262 2368 1305 2402 te
1333 2358 1440 2404 deus

58 2449 80 2474 υ
115 2447 275 2476 recens.
304 2449 324 2472 n

115 2505 212 2547 XV.
237 2520 256 2542 α
281 2504 375 2560 Ego
397 2500 512 2544 enim
532 2515 642 2544 sum.
667 2518 686 2541 n
709 2498 825 2553 Quid
839 2498 902 2543 vis
921 2498 1100 2543 adorare
1112 2499 1233 2559 quod
1247 2515 1337 2544 non
1355 2503 1443 2544 est?

107 2593 115 2609 ¹
142 2586 247 2618 Judic.
266 2596 322 2628 xv,
347 2583 380 2627 4.
400 2601 442 2607 -
459 2591 471 2607 ²
496 2593 516 2616 2
534 2583 614 2616 Tim.
638 2595 674 2626 11,
694 2591 800 2626 19-21.
819 2599 858 2605 ⁴—-
882 2581 896 2605 3
919 2582 1018 2614 Exod.
1039 2594 1088 2621 111,
1111 2581 1162 2623 14.

1215 2635 1253 2674 8.
