1926 3339
458 287 542 328 224
879 300 912 328 s.
949 298 1178 330 Aucus'nm
1211 301 1392 329 131²1sco121

457 381 557 425 quae
589 364 863 425 praesumpsit
884 365 930 409 in
952 365 1233 425 promissione
1249 400 1260 421 ,
1292 381 1391 426 quae
1414 366 1559 409 timuit
1579 368 1740 421 Deum,
1765 366 1836 410 cui

458 436 623 480 dictum
637 444 715 490 est,
733 444 782 480 ut
798 450 876 495 per
889 433 1119 480 fenestram
1142 436 1332 480 mitteret
1354 451 1549 491 coccum,
1565 434 1610 479 id
1632 444 1710 490 est,
1724 444 1774 480 ut
1793 436 1839 479 in

457 505 600 551 fronte
622 507 802 550 haberet
819 507 991 565 signum
1009 507 1228 565 sanguinis
1245 507 1419 551 Christi.
1449 506 1618 551 Salvata
1641 515 1704 550 est
1720 506 1781 550 ibi
1797 508 1808 531 ¹
1824 540 1836 560 ,

457 587 500 621 et
523 576 757 621 Ecclesiam
780 577 986 620 Gentium
1006 576 1277 635 significavit.
1304 577 1428 621 Unde
1451 578 1660 621 Dominus
1689 592 1841 636 super·
1906 585 1909 609 ³

457 647 675 692 bientibus
700 647 944 701 Pharisaeis,
974 665 995 688 «
1019 649 1160 690 Amen
1177 647 1275 690 'dico
1292 648 1428 702 vobis,
1446 647 1667 707 publicani
1683 656 1727 691 et
1746 663 1839 691 me-

460 737 479 758 »
515 717 686 761 retrices
711 714 963 775 praecedunt
984 731 1060 760 vos
1080 716 1126 759 in
1148 731 1332 774 regnum
1349 717 1563 761 coelorum
1578 721 1610 761 2.
1634 737 1653 759 »
1677 721 1840 762 Praece-

456 787 593 841 dunt,
619 787 720 846 quia
743 787 830 830 vim
854 784 1035 830 faciunt.
1066 784 1306 844 Impellunt
1328 786 1568 841 credendo,
1606 797 1649 831 et
1670 787 1841 832 ceditur

456 857 573 912 fidei,
590 873 670 901 nec
693 857 900 901 obsistere
916 865 1059 916 potest
1072 857 1325 917 quisquam,
1343 857 1442 917 quia
1457 858 1532 917 qui
1553 859 1640 901 vim
1656 857 1836 914 faciunt,

457 929 667 988 diripiunt
695 927 820 972 illud.
856 927 922 971 Ibi
944 927 1060 971 enim
1084 928 1274 987 positum
1302 936 1365 970 cst
1389 947 1397 971 2
1427 947 1446 969 «
1474 931 1671 985 Regnum
1703 927 1840 972 coelo-

459 1017 479 1040 »
515 1014 613 1043 rum
632 998 720 1043 vim
737 998 916 1057 patitur,
935 1007 978 1042 et
995 997 1071 1058 qui
1087 997 1175 1041 vim
1197 997 1362 1041 faciunt
1379 1033 1388 1052 ,
1411 996 1623 1056 diripiunt
1640 996 1750 1042 illud
1765 999 1796 1042 ³.
1817 1016 1837 1040 »

457 1073 550 1115 Hoc
581 1068 685 1113 fecit
723 1068 796 1112 ille
830 1068 984 1123 latro4,
1020 1067 1172 1112 fortior
1203 1068 1248 1111 in
1277 1083 1405 1111 cruce
1443 1083 1574 1127 quam
1617 1068 1662 1112 in
1694 1067 1836 1112 fauce.

460 1160 477 1180 «
514 1143 681 1184 Memor
703 1155 776 1183 ero
798 1138 918 1182 Raab
945 1147 988 1182 et
1010 1137 1256 1195 Babylonis.
1282 1156 1300 1179 n
1330 1138 1528 1195 Babylon
1557 1138 1702 1182 civitas
1731 1138 1841 1183 dici-

456 1220 526 1254 tur
555 1208 797 1254 secundum
829 1207 1054 1252 saeculum.
1092 1207 1324 1260 Quomodo
1353 1224 1439 1252 una
1479 1208 1626 1252 civitas
1668 1217 1837 1264 sancta,

456 1279 717 1336 Jerusalem,
742 1294 827 1321 una
845 1278 993 1321 civitas
1016 1278 1163 1337 iniqua
1181 1312 1191 1331 ,
1214 1277 1438 1335 Babylon,
1465 1294 1614 1322 omnes
1631 1278 1769 1339 iniqui
1787 1278 1843 1323 ad

456 1350 740 1408 Babyloniam
764 1348 984 1408 pertinent
1017 1367 1025 1392 z
1061 1347 1283 1408 quomodo
1306 1364 1453 1392 omnes
1477 1349 1613 1393 sancti
1637 1350 1692 1393 ad
1714 1352 1844 1394 Jeru-

455 1422 603 1466 salem.
641 1420 725 1465 Sed
759 1419 978 1463 delabitur
1009 1418 1064 1463 de
1097 1418 1320 1476 Babylone
1347 1419 1393 1462 in
1425 1418 1680 1463 Jerusalem.
1720 1419 1843 1464 Unde

458 1492 539 1535 nisi
561 1507 637 1551 per
666 1505 767 1533 eum
796 1490 869 1549 qui
894 1490 1104 1549 justificat
1130 1489 1311 1548 impium
1327 1490 1367 1529 ⁵?
1401 1489 1577 1533 Piorum
1602 1489 1746 1533 civitas
1768 1492 1841 1534 Je-

458 1561 663 1615 rusalem,
700 1561 929 1619 impiorum
959 1559 1108 1603 civitas
1143 1558 1356 1616 Babylon.
1392 1559 1476 1603 Sed
1503 1559 1621 1603 venit
1658 1559 1731 1603 ille
1767 1560 1843 1620 qui

450 1632 658 1691 justificat
678 1630 860 1689 impium
888 1647 896 1670 ε
923 1629 1053 1688 quia,
1082 1631 1284 1673 «Memor
1306 1644 1436 1683 ero,»
1464 1628 1624 1688 inquit,
1654 1645 1741 1673 non
1771 1644 1843 1674 so-

455 1703 548 1746 lum
576 1702 732 1745 «Raab
748 1736 758 1755 ‚
783 1719 802 1741 »
828 1700 903 1744 sed
926 1700 1056 1743 etiam
1083 1698 1367 1756 «Babylonis.
1387 1717 1406 1740 »
1438 1698 1521 1743 Sed
1536 1714 1725 1758 quorum
1742 1715 1839 1744 me-

457 1789 551 1817 mor
569 1774 649 1816 erit
666 1771 785 1815 Raab
807 1780 851 1814 et
872 1769 1138 1827 Babylonis?
1157 1788 1176 1810 «
1191 1769 1435 1814 Scientibus
1457 1784 1541 1812 me.
1558 1787 1578 1809 »
1606 1768 1710 1814 Ideo
1731 1786 1840 1830 quo-

457 1843 556 1887 dam
580 1842 677 1886 loco
698 1841 801 1884 dicit
816 1840 1033 1899 Scriptura
1053 1858 1060 1884 :
1088 1838 1312 1883 «Effunde
1335 1839 1440 1882 iram
1458 1847 1574 1882 tuam
1596 1839 1643 1883 in
1661 1841 1835 1895 Gentes,

459 1933 478 1954 η
513 1929 612 1973 quae
635 1921 678 1955 te
699 1927 788 1955 non
810 1911 1154 1969 cognoveruntss.
1185 1928 1203 1950 »
1231 1909 1310 1953 Hic
1334 1909 1394 1953 ait
1427 1927 1436 1954 ε
1474 1927 1494 1950 «
1514 1909 1706 1953 Effunde
1731 1910 1840 1955 iram

460 2004 478 2025 υ
516 1993 636 2027 tuam
654 1983 698 2025 in
722 1984 902 2035 Gentes,
925 1996 1023 2040 quae
1043 1989 1083 2023 te
1105 1995 1193 2023 non
1214 1987 1515 2038 cognoverunt
1538 1998 1546 2023 :
1580 1998 1600 2020 »
1630 1982 1686 2023 Et
1706 1980 1836 2037 alibi,

461 2074 480 2096 «
517 2051 744 2098 Praetende
776 2049 1112 2094 misericordiam
1146 2058 1266 2093 tuam
1289 2049 1523 2093 scientibus
1546 2051 1629 2092 te7.
1658 2067 1678 2089 »
1706 2052 1762 2094 Et
1790 2059 1841 2095 ut

456 2124 662 2169 noveritis
694 2122 796 2182 quia
824 2122 868 2164 in
891 2120 1012 2164 Raab
1036 2129 1078 2164 et
1104 2119 1329 2177 Babylone
1362 2121 1521 2163 Gentes
1559 2119 1838 2179 significavitz,

456 2195 577 2256 quasi
599 2194 836 2237 diceretur:
856 2189 973 2243 Quid
991 2199 1053 2233 est
1075 2188 1195 2249 quod
1212 2189 1379 2233 dixisti:
1405 2192 1607 2233 «Memor
1629 2205 1702 2234 ero
1717 2191 1840 2235 Raab

460 2284 480 2307 n
516 2275 559 2309 et
580 2263 813 2320 Babylonis
830 2297 841 2316 ,
866 2261 1102 2306 scientibus
1126 2262 1224 2304 me?
1242 2279 1261 2300 »
1287 2275 1420 2320 qnare
1435 2260 1518 2303 hoc
1535 2259 1707 2305 dixisti?
1734 2263 1839 2305 «Et-

461 2355 481 2377 »
517 2333 631 2378 enim
648 2332 901 2390 alienigenae
917 2366 927 2386 ,
947 2350 965 2371 η
992 2330 1150 2390 inquit,
1173 2329 1217 2373 id
1240 2339 1317 2383 est,
1341 2329 1603 2389 pertinentes
1621 2329 1677 2374 ad
1698 2331 1836 2386 Raab,

458 2404 723 2465 pertinentes
760 2401 815 2445 ad
847 2400 1138 2458 Babylonem,
1178 2409 1254 2443 «et
1272 2402 1424 2457 Tyrus.
1444 2417 1464 2439 »
1501 2398 1586 2443 Sed
1611 2415 1840 2461 quousque

459 2477 649 2521 Gentes?
673 2477 818 2534 Usque
841 2472 895 2516 ad
927 2474 1032 2516 fines
1059 2479 1199 2514 terrae.
1226 2470 1367 2529 Elegit
1388 2471 1503 2514 enim
1525 2470 1740 2530 populum
1761 2472 1839 2532 qui

508 2569 516 2584 ¹
535 2562 630 2593 Josue
648 2571 691 2601 n,
715 2570 726 2590 1
752 2557 923 2598 etv1,25.
946 2572 987 2579 ·-
1007 2563 1018 2578 ²
1038 2555 1151 2587 Maith.
1170 2566 1245 2596 xxi,
1275 2555 1328 2586 31.
1348 2572 1389 2577 —
1410 2553 1488 2586 31‹1.
1509 2567 1538 2588 xi
1554 2582 1562 2595 ,
1594 2565 1645 2588 12.
1666 2573 1707 2579 -
1724 2555 1738 2585 4
1758 2557 1835 2590 Luc,

458 2629 547 2659 xxm,
567 2615 618 2659 40.
643 2632 682 2638 --
699 2613 713 2638 5
729 2616 807 2647 Rom
836 2625 883 2655 iv,
902 2612 934 2645 5.
957 2630 997 2635 -—
1019 2610 1032 2634 ⁶
1048 2611 1125 2644 Psal.
1147 2620 1275 2653 txxvm,
1295 2611 1326 2643 6.
1348 2628 1388 2633 —
1408 2618 1420 2642 7
1438 2611 1483 2642 ld.
1504 2623 1600 2652 xxxv,
1622 2623 1671 2644 ιι.
