1926 3339
152 327 395 354 ENARRATIO
428 329 460 353 ιι
493 327 537 353 ΙΝ
570 325 772 353 PSALMUM
806 326 1022 363 Lxxxvm,
1058 326 1197 355 SERMO
1231 331 1278 355 11.
1335 318 1415 356 271

32 392 273 436 remanebit
293 393 490 437 Christus
518 391 610 434 sine
631 390 884 434 haereditate
905 410 914 435 ε
940 407 1029 435 non
1054 401 1232 451 propter
1253 394 1423 451 paleam

30 462 159 506 etiam
192 461 414 507 frumenta
440 462 746 506 interibunt¹z
782 477 871 507 non
904 472 1084 522 propter
1118 463 1254 522 pisces
1287 463 1423 508 malos

32 533 215 586 nihilssex
237 533 312 577 illa
334 549 490 592 sagena
511 533 710 577 mittetur
736 533 780 576 in
807 534 981 578 vascula
997 538 1029 578 ².
1055 534 1187 579 Novit
1213 534 1424 579 Dominus

31 605 108 665 qui
124 614 226 649 sunt
244 607 335 665 ejus
349 607 381 648 ³.
406 607 590 650 Securus
609 605 723 649 enim
747 604 971 665 promisit,
992 606 1069 667 qui
1091 621 1169 650 nos
1190 614 1425 666 antequam

32 689 221 720 essemus
241 675 581 736 praedestinavit.
613 677 768 729 «Quos
787 685 930 721 autem
951 677 1278 736 praedestinavit
1293 712 1303 732 ,
1328 675 1425 720 illos

39 765 57 788 »
91 755 134 790 et
165 748 364 805 vocavit3
390 763 500 808 quos
529 756 674 792 autem
708 746 901 804 vOcavst,
932 747 1030 793 illos
1070 757 1113 793 et
1140 747 1423 808 justificavit:

36 835 58 859 »
91 833 200 877 quos
223 827 370 862 autem
399 818 672 879 justificavit,
704 817 802 862 illos
827 828 870 862 et
892 817 1161 876 glorificavit.
1189 838 1208 860 η
1240 823 1427 863 Peccent

34 897 249 948 quantum
270 888 419 933 volent
448 889 661 949 desperati
681 888 998 948 :respondeant
1020 889 1217 932 membra
1239 888 1423 934 Christi:

39 975 60 1000 «
95 959 137 1003 Si
159 961 275 1003 Deus
298 975 378 1019 pro
406 959 552 1014 nobis,
579 960 676 1019 quis
698 969 850 1003 contra
868 961 1001 1003 nos'?
1017 978 1037 1000 »
1055 961 1153 1004 Non
1172 973 1275 1018 ergo
1297 972 1430 1003 noce·

35 1028 100 1073 bit
129 1033 241 1073 Deus
273 1030 320 1073 in
357 1030 538 1074 veritate
566 1045 666 1084 sua,
703 1045 785 1074 nec
814 1028 1066 1089 profanabit
1101 1031 1429 1073 Testamentum

36 1113 179 1143 suum.
210 1102 360 1144 Manet
382 1099 606 1143 immobile
629 1102 955 1144 Testamentum
982 1102 1096 1160 ejus,
1117 1099 1220 1161 quia
1238 1099 1329 1159 ipse
1347 1098 1430 1143 sibi

36 1170 264 1229 praesciens
285 1169 612 1229 pree-destinavit
633 1169 843 1215 haeredes.
881 1173 940 1215 Et
967 1186 1067 1231 quae
1101 1170 1350 1231 procedunt
1376 1169 1431 1214 de

37 1240 160 1284 labiis
187 1241 306 1300 ejus,
331 1256 421 1284 non
449 1240 719 1300 reprobabit.

97 1310 150 1356 V.
177 1312 293 1357 Audi
311 1313 365 1357 ad
381 1313 758 1358 confirmationem
781 1323 903 1357 tuam
921 1349 931 1369 ,
953 1312 1057 1358 audi
1084 1312 1138 1358 ad
1156 1311 1433 1357 securitatem

39 1392 155 1428 tuam
177 1419 187 1437 ,
226 1383 260 1427 si
288 1392 330 1427 te
351 1383 397 1426 in
420 1384 625 1427 membris
655 1383 815 1428 Christi
846 1399 936 1428 esse
976 1384 1214 1443 cognoscis.
1245 1401 1263 1422 «
1293 1379 1435 1438 Semel

45 1473 61 1494 »
91 1453 234 1512 juravi
257 1453 302 1496 in
322 1463 472 1498 sancto
489 1469 588 1497 meo
605 1489 616 1508 ,
638 1454 670 1498 si
693 1453 830 1498 David
851 1454 1079 1499 mentiar⁵.
1110 1473 1127 1495 »
1154 1456 1366 1512 Expectas
1383 1459 1437 1495 ut

39 1523 196 1566 iterum
224 1524 344 1582 juret
376 1526 527 1567 Deus?
552 1524 731 1576 Quoties
759 1526 986 1585 juraturus
1017 1532 1106 1579 est,
1144 1523 1178 1567 si
1213 1521 1346 1567 semel
1369 1522 1439 1582 ju-

40 1593 176 1637 rando
194 1594 431 1637 mentitur?
447 1596 586 1638 Unam
605 1595 869 1653 jurationem
888 1610 968 1655 pro
984 1596 1075 1638 vita
1099 1603 1244 1638 nostra
1262 1592 1434 1646 babuit,

40 1663 117 1723 qui
143 1679 222 1722 pro
253 1664 380 1708 nobis
411 1663 467 1707 ad
490 1674 675 1708 mortem
699 1665 887 1708 Unicum
918 1681 1047 1710 suum
1077 1666 1206 1709 misit.
1249 1683 1269 1706 «
1297 1660 1440 1709 Semel

45 1751 65 1776 »
95 1732 237 1792 juravi
254 1734 298 1776 in
321 1743 472 1778 sancto
492 1749 590 1778 meo
607 1770 617 1788 ‚
643 1735 677 1778 si
700 1734 839 1779 David
862 1736 1050 1779 mentiar
1071 1755 1079 1780 :
1109 1737 1264 1780 Semen
1286 1733 1377 1793 ejus
1394 1732 1442 1775 in

44 1820 68 1846 ³>
101 1813 314 1848 aeternum
341 1805 583 1849 manebitG.
608 1824 628 1846 »
652 1808 704 1849 In
731 1815 946 1849 {eternum
983 1815 1130 1850 manet
1152 1820 1299 1849 semen
1322 1805 1439 1864 ejus;

43 1874 147 1935 quia
177 1874 300 1922 novit
323 1875 533 1919 Dominus
554 1876 630 1936 qui
660 1885 763 1920 sunt
785 1877 920 1936 ejus⁷.
946 1896 966 1919 «
991 1879 1048 1921 Et
1071 1875 1192 1920 sedes
1217 1876 1308 1935 ejus
1331 1875 1442 1918 sicut

49 1965 70 1988 η
103 1945 168 1989 sol
189 1945 234 1990 in
254 1955 492 2005 conspectu
505 1961 619 2001 meo,
635 1956 679 1990 et
696 1946 807 1990 sicut
821 1946 926 1991 luna
941 1945 1135 2006 perfecta
1149 1946 1194 1989 in
1209 1956 1439 1999 aeternum,

51 2032 73 2056 i>
106 2025 150 2059 et
168 2016 286 2060 testis
307 2016 354 2059 in
376 2015 491 2061 coeio
512 2016 698 2060 fidelisss.
725 2034 744 2056 »
773 2016 903 2061 Sedes
926 2018 1040 2076 ejus,
1066 2017 1225 2076 quibus
1248 2015 1446 2059 domina-

46 2094 136 2140 tur,
155 2085 203 2129 in
224 2086 387 2146 quibus
411 2086 556 2141 sedet,
590 2086 635 2130 in
657 2086 819 2146 quibus
841 2096 1009 2146 regnat.
1037 2087 1079 2131 Si
1109 2087 1229 2131 sedes
1260 2087 1376 2146 ejus,
1403 2094 1447 2128 et

46 2156 248 2201 membra
269 2158 363 2217 ejus
385 2177 394 2202 :
421 2158 522 2217 quia
549 2157 679 2201 etiam
702 2158 899 2201 membra
922 2167 1067 2202 nostra
1090 2157 1211 2202 sedes
1239 2166 1342 2201 sunt
1371 2171 1446 2200 ca-

0 2238 1 2295 }
51 2227 152 2286 pitis
168 2228 320 2271 nostri.
344 2227 501 2272 Videte
517 2227 891 2288 quemadmodum
911 2238 1067 2273 caetera
1088 2228 1232 2273 omnia
1252 2226 1448 2271 membra

0 2299 3 2406 ἱ

0 2408 5 2530 ὶ

2 2543 6 2561 Ι

47 2307 198 2342 ‘nostra
212 2308 346 2358 caput
359 2307 536 2358 portent
551 2315 559 2339 :
578 2307 709 2358 caput
729 2308 876 2343 autem
891 2299 1032 2359 ipsum
1046 2315 1176 2359 super
1192 2314 1235 2343 se
1247 2314 1336 2342 non
1352 2313 1449 2357 por-

53 2377 117 2413 tat
136 2369 300 2429 aliquid
316 2405 326 2424 ‚
344 2369 419 2414 sed
439 2370 581 2429 ipsum
601 2377 803 2430 portatur
816 2387 839 2414 a
861 2372 1026 2415 caeteris
1050 2370 1256 2414 membris
1275 2370 1446 2424 nostris,

54 2441 179 2499 quasi
199 2451 343 2485 totum
367 2457 524 2501 corpus
552 2442 743 2486 hominis
765 2442 887 2487 sedes
913 2443 968 2487 sit
1000 2441 1166 2502 capitis.
1195 2441 1327 2487 Sedes
1348 2455 1451 2499 ergo

107 2560 116 2576 ¹
139 2553 254 2584 Matth.
276 2565 315 2585 111
331 2578 340 2594 ,
373 2563 424 2586 12.
446 2570 488 2576 —
508 2561 521 2576 ²
548 2554 594 2586 Id.
618 2565 687 2594 xm,
708 2553 764 2596 45,
784 2553 840 2596 48.
862 2572 904 2576 -
929 2553 942 2576 3
961 2563 980 2586 2
1010 2555 1091 2587 Tim.
1114 2566 1134 2586 n
1151 2579 1160 2594 ‚
1183 2565 1233 2596 ¹9·
1254 2571 1297 2576 —
1318 2552 1334 2583 4
1359 2556 1450 2585 Rom.

62 2618 132 2647 vm,
147 2607 258 2649 29—31.
280 2624 320 2630 -
337 2605 354 2630 5
379 2608 460 2639 Psal.
491 2619 641 2649 uxum,
665 2608 717 2641 36,
739 2625 782 2632 -—
801 2606 816 2630 ⁶
847 2608 930 2641 Ibid.
954 2609 1010 2651 37.
1035 2625 1078 2631 —
1097 2616 1111 2642 7
1131 2618 1150 2641 2
1169 2609 1249 2641 Tim.
1269 2620 1293 2640 11
1307 2634 1316 2651 ,
1340 2619 1390 2650 19.
1411 2624 1453 2629 —-

65 2660 81 2685 ⁸
99 2663 179 2695 Psal.
198 2673 350 2705 rxxxvm,
375 2663 428 2695 38.
