1926 3339
431 305 508 345 148
872 313 904 340 s.
943 314 1170 340 AtGUsTm'l
1203 313 1381 339 EPISCOPI

431 401 448 423 ι)
484 380 660 425 seducta
688 382 795 423 est¹.
823 396 842 418 »
868 380 1021 421 Postea
1052 377 1167 420 enim
1190 375 1331 420 Adam
1366 375 1583 420 consensit
1604 373 1806 418 mulieri:

424 465 526 494 nam
559 466 582 493 a
613 457 810 508 serpente
842 446 998 490 mulier
1030 445 1207 490 seducta
1235 454 1299 489 est
1313 446 1345 488 ².
1388 447 1476 489 Nec
1507 443 1638 488 modo
1667 451 1811 502 potest

422 519 567 579 aliqua
589 518 702 562 mala
723 517 863 561 suasio
886 516 968 559 nisi
989 514 1128 559 carnis
1146 523 1234 558 tuae
1255 515 1396 573 primo
1414 513 1677 557 desiderium
1694 527 1812 556 com-

423 604 612 644 movere,
633 588 703 633 cui
725 595 874 647 postea
888 586 923 629 si
945 594 1092 629 mente
1107 585 1388 639 consenseris,
1406 583 1563 628 cecidit
1579 593 1622 627 et
1642 597 1808 642 passer:

424 659 459 703 si
481 667 626 701 autem
645 657 883 701 vincuntur
905 653 1117 697 desideria
1139 653 1294 709 carnis,
1320 662 1525 698 tenentur
1545 652 1739 696 membra
1757 651 1813 695 ad

425 743 556 787 opera
578 727 715 781 bona,
749 740 867 769 arma
889 723 1252 782 concupiscentiae
1275 722 1562 781 auferuntur3
1589 731 1634 766 et
1661 721 1814 780 incipit

424 807 570 842 turtur
590 796 752 841 habere
782 794 942 855 pullos.
973 797 1206 854 Propterea
1234 793 1340 853 quid
1372 793 1435 837 ibi
1467 794 1526 837 ait
1552 791 1814 853 Apostolus?

429 887 450 911 «
487 867 610 913 Salva
633 875 779 910 autem
802 866 883 910 erit
908 880 985 924 per
1005 864 1196 909 filiorum
1220 863 1587 923 generationemss.
1610 883 1628 904 »
1653 861 1814 908 Mulier

425 938 556 983 vidua
580 937 670 981 sine
692 935 790 980 filiis
805 971 817 991 ,
838 937 869 979 si
889 943 1149 995 perseveret,
1174 949 1321 978 nonne
1338 934 1504 978 beatior
1521 933 1652 977 erit⁴P
1672 935 1814 978 Num-

425 1008 534 1069 quid
555 1007 670 1052 salva
694 1022 785 1050 non
811 1006 914 1059 erit,
941 1005 1042 1066 quia
1063 1020 1153 1049 non
1176 1004 1288 1064 parit
1315 1004 1453 1049 filios?
1471 1005 1604 1063 Virgo
1625 1003 1703 1049 Dei
1724 1019 1814 1048 non

424 1078 577 1124 melior
598 1078 703 1121 erit?
717 1075 935 1136 numquid
952 1075 1069 1120 salva
1086 1091 1176 1120 non
1193 1076 1289 1130 erit,
1306 1076 1408 1135 quia
1425 1074 1536 1119 filios
1553 1074 1813 1119 nonhabet?

426 1160 501 1195 aut
524 1148 580 1193 ad
601 1152 739 1193 Deum
760 1163 850 1191 non
879 1147 1095 1206 pertinet?
1128 1145 1254 1191 Salva
1281 1162 1384 1205 ergo
1406 1147 1487 1190 erit
1508 1145 1680 1202 mulier,
1713 1161 1813 1206 quae

426 1222 472 1265 in
506 1231 613 1280 typo
641 1220 780 1263 carnis
812 1219 1046 1277 accipitur,
1071 1232 1149 1276 per
1175 1217 1364 1261 filiorum
1395 1217 1738 1276 generationem,
1767 1215 1814 1260 id

425 1300 514 1345 est,
538 1291 572 1334 si
594 1289 722 1333 faciat
744 1304 874 1348 opera
898 1288 1030 1331 bona.
1058 1286 1143 1331 Sed
1163 1303 1253 1331 non
1274 1288 1540 1347 ubicumque
1570 1297 1716 1331 turtur
1742 1287 1813 1331 in—

426 1363 570 1406 veniat
586 1360 739 1403 nidum
757 1360 835 1403 sibi
853 1394 863 1414 ‚
880 1359 957 1402 ubi
979 1367 1114 1417 ponat
1130 1357 1273 1417 pullos
1293 1374 1392 1402 suos
1413 1378 1422 1402 ε
1448 1359 1493 1401 in
1510 1358 1597 1402 fide
1618 1374 1742 1414 vera,
1767 1358 1821 1403 int

426 1432 512 1476 fide
533 1430 767 1484 catholica,
791 1430 837 1473 in
865 1429 1068 1473 societate
1092 1429 1268 1472 unitatis
1290 1428 1493 1473 Ecclesiae
1516 1429 1654 1488 pariat
1684 1444 1815 1489 opera

427 1518 516 1547 sua.
548 1505 780 1560 Propterea
802 1508 845 1543 et
875 1498 929 1542 de
958 1498 1032 1542 illa
1064 1514 1166 1542 cum
1194 1498 1448 1558 loqueretur
1471 1499 1730 1558 Apostolus,
1755 1499 1814 1544 ita

426 1572 609 1631 subjecit
634 1590 641 1614 ;
667 1589 686 1612 «
710 1569 833 1614 Salva
862 1579 1010 1613 autem
1039 1569 1119 1612 erit
1141 1584 1218 1628 per
1240 1568 1430 1613 filiorum
1459 1569 1782 1627 generationem
1797 1605 1810 1626 ‚

430 1661 451 1684 »
486 1643 519 1687 si
543 1640 826 1701 permanserit
839 1639 884 1682 in
901 1638 988 1682 side
1003 1673 1014 1693 ,
1035 1648 1078 1682 et
1097 1638 1330 1683 dilectione
1344 1674 1355 1694 ‚
1381 1648 1425 1682 et
1444 1640 1785 1684 sanctificatione
1798 1674 1810 1695 ‚

431 1732 451 1755 »
487 1727 587 1758 cum
609 1712 884 1756 sobrietate5.
912 1727 933 1750 »
955 1709 1256 1753 Permanendo
1275 1724 1375 1767 ergo
1398 1709 1440 1752 in
1463 1709 1571 1765 fide,
1597 1711 1687 1770 ipsa
1708 1710 1814 1755 fides

428 1783 556 1828 nidus
587 1791 649 1827 est
681 1781 903 1842 pullorum
937 1789 1130 1824 tuorum.
1166 1782 1277 1825 Nam
1307 1788 1484 1839 propter
1516 1780 1814 1825 infirmitatem

429 1853 651 1914 pullorum
673 1851 853 1896 turturis
873 1859 960 1894 tuae
978 1849 1179 1907 dignatus
1200 1859 1264 1894 est
1286 1850 1496 1894 Dominus
1518 1850 1712 1910 praebere
1733 1851 1814 1895 tibi

429 1925 548 1969 unde
569 1923 721 1968 nidum
742 1921 904 1967 faceres
933 1937 942 1962 z
971 1920 1152 1964 indutus
1182 1930 1244 1964 est
1271 1921 1386 1964 enim
1411 1920 1534 1965 foeno
1563 1922 1728 1977 carnis,
1763 1930 1814 1965 ut

431 1994 486 2040 ad
513 2004 555 2039 te
574 1994 755 2039 veniret.
789 1996 842 2037 In
864 1991 943 2036 ista
965 1990 1052 2034 fide
1077 2006 1190 2050 pone
1211 1990 1355 2050 pullos
1376 2001 1474 2036 tuos
1488 2027 1498 2047 ‚
1529 1991 1575 2035 in
1597 1992 1679 2036 isto
1711 1992 1815 2037 nido

431 2080 609 2126 operare
631 2077 761 2124 opera
780 2072 871 2107 tua.
894 2061 977 2114 Qui
999 2061 1115 2105 enim
1132 2070 1234 2106 sunt
1251 2061 1361 2117 nidi,
1378 2060 1447 2106 vel
1463 2062 1558 2122 quis
1574 2071 1637 2107 est
1660 2061 1816 2107 nidus?
1878 2080 1880 2082 ·

430 2136 627 2196 sequitur
648 2134 793 2178 statim
812 2149 820 2174 z
851 2152 870 2174 «
896 2131 1058 2176 Altaria
1080 2141 1178 2187 tua,
1203 2132 1385 2176 Domine
1406 2132 1634 2177 virtutum.
1657 2151 1677 2174 »
1702 2135 1825 2193 Cum·

431 2207 604 2250 dixisset
621 2224 630 2249 :
660 2223 676 2244 «
699 2207 756 2247 Et
771 2212 914 2246 turtur
934 2202 1099 2245 invenit
1120 2201 1201 2245 sibi
1220 2201 1371 2247 nidum
1388 2237 1398 2257 ,
1423 2202 1501 2246 ubi
1518 2212 1652 2262 ponat
1673 2202 1817 2263 pullos

437 2297 456 2319 >›
492 2291 616 2321 suos:
638 2293 658 2315 >›
680 2274 803 2334 quasi
831 2273 1051 2333 quaesisses
1072 2287 1081 2313 ε
1107 2274 1244 2325 Quem
1277 2272 1462 2316 nidum?
1485 2293 1505 2315 (ι
1525 2273 1687 2318 Altaria
1712 2283 1786 2318 tua
1801 2308 1813 2329 ,

434 2368 454 2390 »
490 2346 674 2391 Domine
708 2345 942 2398 virtutum,
972 2346 1064 2386 Rex
1096 2358 1217 2386 meus
1254 2351 1297 2386 et
1328 2346 1441 2387 Deus
1478 2359 1614 2388 meus.
1649 2362 1669 2385 »
1701 2344 1818 2398 Quid

432 2428 517 2474 est,
559 2436 580 2459 α
606 2419 697 2460 Rex
724 2430 843 2459 meus
875 2422 919 2458 et
953 2416 1067 2457 Deus
1100 2415 1252 2458 meus?
1282 2432 1302 2455 »
1341 2414 1427 2467 Qui
1465 2415 1573 2472 regis
1606 2431 1698 2470 me,
1739 2415 1817 2475 qui

434 2497 586 2534 creasti
607 2502 691 2531 me.

486 2591 496 2608 1
520 2595 532 2616 ι
559 2584 639 2615 Tim.
660 2594 694 2624 n,
716 2581 767 2623 14.
788 2599 829 2604 —
844 2588 857 2604 ²
876 2583 956 2614 Gen.
976 2591 1026 2622 111,
1045 2580 1078 2613 6.
1100 2597 1139 2603 -
1162 2579 1175 2604 3
1195 2591 1206 2612 ι
1228 2579 1307 2612 Tim.
1326 2591 1362 2622 ιι,
1386 2579 1436 2612 ι5.
1459 2597 1500 2603 -
1516 2579 1533 2605 ⁴
1555 2591 1568 2613 1
1587 2582 1661 2614 Cor.
1685 2591 1740 2623 vn,
1759 2580 1815 2623 4ο.

438 2658 478 2664 —
499 2634 511 2658 ³
539 2651 550 2672 1
568 2640 647 2671 Tim.
669 2650 702 2679 ιι,
726 2638 775 2670 ι5.
