1926 3339
401 346 641 375 ENAnnAno
674 348 718 374 nv
751 346 953 374 PSALMUM
988 347 1110 374 Lxxx.
1364 341 1438 377 121

60 428 240 458 uxorem
258 411 440 456 alienam
455 447 465 466 ,
491 411 565 456 sed
587 411 646 456 sic
674 411 859 456 inhaeret
879 428 990 468 suae,
1025 413 1085 457 sic
1106 413 1311 458 miscetur
1327 429 1417 458 suae
1433 451 1444 470 ‚

59 494 109 529 ut
129 484 306 528 modum
322 499 410 527 non
426 483 488 526 ihi
505 492 650 527 teneat
670 483 970 543 praescriptum
1000 482 1184 539 tabuiis,
1208 483 1447 529 liberorum

59 554 429 616 procreandorum
452 556 711 599 caiisa.N011
740 553 854 598 tollit
873 553 1012 598 aliena
1028 589 1038 609 ,
1066 553 1142 598 sed
1162 555 1320 614 repetit
1346 571 1445 610 sua,

58 635 102 670 et
136 625 271 669 hahet
292 639 393 669 cum
415 623 548 669 fratre
569 640 648 685 suo
665 624 899 685 judicium.
928 624 1105 669 Talibus
1127 624 1245 669 enim
1265 625 1447 681 dicitur,

62 715 83 739 «
116 698 213 740 Jam
235 694 412 755 quidem
427 695 606 740 omnino
629 695 838 740 delictum
852 705 915 740 est
931 696 977 740 in
987 696 1110 740 vobis
1129 732 1140 751 ,
1165 696 1266 756 quia
1284 697 1450 757 judicia

60 785 81 808 »
115 765 285 810 habetis
317 765 587 810 vobiscum&
615 783 635 807 »
674 770 837 811 Verum
868 766 959 825 ipsa
983 765 1150 826 judicia
1180 767 1225 810 in
1256 766 1449 811 Ecclesia

51 836 180 896 jubet
204 837 293 894 agi,
320 851 410 880 non
433 835 488 880 ad
511 835 656 881 forum
683 837 818 892 trahi,
848 845 995 880 tamen
1032 835 1190 881 delicta
1218 852 1307 881 esse
1325 838 1446 883 dicit.

57 905 296 952 Contendit
326 907 439 950 enim
464 907 733 951 Christianus
769 922 848 966 pro
882 907 1012 951 rebus
1050 907 1230 950 terrenis
1265 907 1451 966 amplius

56 992 189 1038 quam
220 977 345 1021 decet
370 992 470 1021 eum
498 978 569 1021 cui
603 978 862 1037 promissum
903 987 968 1022 est
987 993 1173 1037 regnum
1216 977 1447 1022 coelorum.

56 1050 154 1094 Non
185 1056 329 1092 totum
362 1063 436 1092 cor
457 1063 629 1092 sursum
661 1048 801 1103 levat,
838 1048 915 1092 sed
947 1048 1139 1108 aliquam
1160 1057 1328 1108 partem
1360 1049 1451 1108 ejus

57 1118 190 1162 trahit
208 1118 254 1161 in
277 1126 404 1162 terra.
430 1119 628 1178 Denique
649 1118 683 1162 si
701 1118 847 1163 veniat
870 1119 1052 1163 tentatio
1075 1117 1266 1163 ducendi
1288 1127 1453 1177 marty-

58 1189 108 1233 rii
123 1224 134 1243 ,
159 1187 220 1232 illi
238 1189 316 1248 qui
337 1187 502 1232 habent
524 1189 570 1232 in
584 1186 873 1233 fundamento
891 1190 1112 1235 Christum
1133 1225 1144 1244 ‚
1169 1198 1212 1233 et
1233 1189 1454 1234 aediflcant

58 1274 210 1304 aurum
227 1293 238 1313 ‚
267 1267 514 1317 argentum,
539 1257 703 1318 lapides
725 1260 935 1318 pretiosos
948 1263 986 1314 2,
1004 1259 1111 1320 quid
1129 1258 1283 1304 dicunt
1304 1275 1354 1303 ex
1370 1259 1453 1304 hac

57 1330 418 1390 opportunitate?
445 1332 655 1374 «Bonum
685 1339 749 1374 est
785 1331 895 1374 mihi
919 1329 1128 1386 dissolvi,
1160 1340 1204 1375 et
1233 1345 1324 1374 esse
1352 1346 1453 1374 cum

60 1419 80 1444 »
115 1402 329 1446 Christo3.
360 1418 381 1441 »
407 1399 580 1445 Alacres
602 1411 785 1445 currunt
801 1437 812 1456 ‚
837 1411 912 1446 aut
939 1400 1071 1456 nihil,
1103 1410 1180 1445 aut
1205 1400 1377 1446 modice
1398 1401 1454 1446 de

57 1481 228 1516 terrena
253 1469 482 1528 fragilitate
515 1471 842 1515 contristantur.
874 1471 944 1515 Illi
977 1481 1126 1516 autem
1161 1480 1353 1516 amantes
1387 1487 1453 1516 res

56 1542 250 1603 proprias
261 1577 272 1596 ‚
298 1540 450 1586 domos
467 1542 662 1601 proprias
677 1577 688 1597 ,
711 1542 898 1601 graviter
912 1542 1235 1587 conturbantur
1251 1577 1261 1597 ‚
1281 1541 1454 1586 foenum

44 1622 100 1657 ‘et
121 1612 280 1673 stipula
310 1621 354 1656 et
379 1611 494 1670 ligna
526 1611 694 1656 ardent.
734 1612 910 1656 Habent
943 1628 1046 1672 ergo
1076 1612 1218 1672 linga,
1250 1612 1453 1668 foenum,

57 1684 260 1744 stipulam
279 1699 409 1744 super
440 1682 807 1741 fundamentum3
832 1683 908 1734 sed
936 1700 1081 1728 rerum
1117 1699 1420 1729 concessarum
1439 1718 1450 1739 ‚

57 1772 147 1802 non
168 1756 434 1801 illicitarum.
471 1756 575 1801 Dico
602 1756 718 1800 enim
737 1792 748 1811 ‚
770 1755 922 1800 fratres
936 1792 946 1812 ,
970 1755 1163 1816 possides
1186 1755 1454 1801 fundamen-

58 1837 181 1882 tum3
205 1827 323 1871 haere
346 1825 482 1881 coelo,
518 1826 636 1872 calca
659 1836 832 1871 terram.
859 1827 902 1872 Si
923 1826 1020 1872 talis
1044 1842 1111 1882 es,
1140 1842 1231 1872 non
1265 1827 1453 1871 aedificas

58 1898 140 1941 nisi
162 1913 316 1941 aurum
336 1931 347 1952 ‚
386 1906 613 1955 argentum
635 1932 646 1951 ‚
674 1906 718 1941 et
733 1896 897 1956 lapides
919 1898 1144 1957 pretiosos.
1171 1899 1284 1943 Cum
1307 1906 1454 1941 autem

59 1967 214 2012 dixeris
237 1971 373 2012 :Amo
391 1968 701 2026 possessionem
723 1968 870 2022 istam,
893 1968 1027 2012 timeo
1048 1984 1103 2011 ne
1125 1977 1272 2028 pereat
1289 1989 1299 2025 3
1316 1977 1359 2012 et
1376 1967 1455 2011 im-

57 2039 195 2083 minet
216 2039 427 2083 damnum
445 2074 455 2093 ‚
477 2048 520 2082 et
544 2048 590 2083 tu
607 2039 873 2083 contristaris
899 2058 907 2083 :
929 2055 1020 2083 non
1035 2039 1217 2099 quidem
1236 2038 1454 2098 praeponis

41 2124 151 2152 xeam
176 2109 347 2154 Christo
378 2131 388 2167 3
426 2124 527 2152 nam
557 2109 616 2153 sic
647 2124 764 2152 amas
796 2110 1110 2168 possessionem
1146 2109 1299 2162 istam,
1340 2117 1390 2152 ut
1420 2108 1455 2152 si

58 2181 228 2226 dicatur
249 2181 330 2226 tibi
345 2201 354 2226 ε
371 2184 512 2241 Ipsam
530 2182 592 2225 vis
609 2217 619 2236 ‚
646 2198 702 2226 an
717 2182 967 2226 Christum?
981 2191 1025 2226 et
1042 2182 1075 2226 si
1088 2181 1218 2225 tristis
1239 2197 1334 2225 eam
1356 2195 1455 2240 per-

41 2252 150 2308 slis,
170 2253 272 2313 plus
291 2262 437 2298 tamen
460 2253 732 2312 amplecteris
760 2253 1010 2308 Christum,
1037 2268 1168 2313 quem
1202 2252 1381 2312 posuisti
1409 2252 1455 2295 in

60 2323 348 2369 fundamento
376 2343 384 2369 :
409 2323 551 2368 salvus
567 2323 649 2368 eris
667 2333 876 2384 tanquam
892 2339 968 2384 per
984 2324 1146 2384 ignem.
1167 2323 1285 2368 Audi
1306 2322 1451 2368 aliud:

59 2397 157 2440 Non
180 2404 302 2454 potes
325 2405 470 2439 tenere
488 2394 799 2454 possessionem
817 2394 941 2439 istam
956 2430 967 2449 ‚
993 2394 1075 2438 nisi
1105 2393 1264 2438 dixeris
1293 2393 1455 2437 falsum

61 2464 373 2509 testimonium.
390 2467 446 2509 Et
468 2465 550 2509 hoc
564 2480 653 2508 non
667 2463 809 2508 facere
825 2500 835 2518 ,
857 2465 1080 2509 Christum
1100 2464 1144 2507 in
1166 2462 1455 2508 fundamento

61 2550 223 2594 ponere
245 2545 308 2580 est
334 2555 342 2579 :
367 2535 522 2580 veritas
545 2536 660 2579 enim
679 2535 788 2579 dixit
809 2555 819 2580 :
846 2555 866 2577 «
891 2536 949 2579 Os
967 2534 1088 2596 quod
1115 2535 1355 2588 mentitur,
1381 2550 1456 2578 oc-

68 2625 86 2647 »
121 2606 226 2651 cidit
258 2606 490 2651 animam&
523 2625 543 2647 »
574 2609 691 2665 Ergo
727 2607 761 2650 si
792 2607 1106 2666 possessionem
1137 2614 1260 2650 tuam
1284 2604 1452 2664 diligis,

113 2697 120 2712 ¹
143 2702 154 2722 1
176 2693 246 2723 Cor.
270 2702 364 2732 V1‚7.
385 2708 425 2713 —
453 2698 464 2714 ²
484 2691 531 2731 Id,
549 2702 600 2731 111,
625 2702 675 2722 11.
696 2707 735 2713 -
765 2689 777 2712 3
799 2690 908 2732 phitip.
931 2702 955 2731 x,
975 2691 1028 2723 23.
1050 2707 1089 2712 --
1109 2688 1125 2718 4
1144 2691 1218 2731 Sap.
1240 2702 1263 2729 ι,
1291 2700 1340 2720 11.
