1926 3339
448 326 532 364 250
885 336 903 364 s
913 355 923 365 .
959 338 1192 366 AUGUSTIM
1225 337 1407 366 EPISCOPI

447 400 788 446 misericordiam
810 410 854 446 et
876 402 1117 446 veritatem.
1147 421 1167 444 «
1187 404 1405 447 Universae
1426 401 1543 445 enim
1564 401 1645 445 viae
1661 402 1835 446 Domini

449 490 469 514 »
506 472 797 517 misericordia
821 482 864 517 et
888 473 1067 517 veritas¹
1077 492 1125 516 .»
1151 477 1302 534 Neque
1321 473 1436 516 enim
1463 472 1739 516 exhiberetur
1757 487 1834 517 've-⁵

446 545 547 587 ritas
571 544 615 586 in
642 543 896 621 impletione
931 544 1256 603 promissorum
1284 544 1364 588 nisi
1386 543 1652 620 praecederet
1673 543 1835 588 miseri-

446 612 655 657 cordiam
671 629 918 657 remissione
931 622 1224 672 peccatorum
1253 613 1418 657 Deinde
1440 613 1647 672 quoniam
1673 613 1833 672 populo

447 686 509 727 Isr
512 683 577 726 ae'l
592 683 720 726 etiam
742 682 982 726 secundum
1008 699 1078 727 cai
1082 699 1180 726 nem
1195 683 1387 727 venienti
1401 682 1454 726 de
1467 683 1629 726 semine
1646 683 1832 727 Abrahae

445 752 652 811 promissa
671 762 795 796 erant
821 752 957 796 multa
982 753 1251 812 prophetice,
1278 762 1321 796 et
1342 753 1400 795 ita
1424 751 1496 795 ille
1519 752 1706 811 populus
1730 768 1832 812 pro—

444 831 625 881 pagatus
643 832 722 876 est,
747 823 790 865 in
814 839 903 881 quo
925 822 1211 882 implerentur
1232 823 1439 882 promissa
1457 823 1556 879 Dei3
1576 838 1664 866 non
1687 832 1833 866 autem

445 891 598 936 clausit
631 895 744 936 Deus
777 892 945 937 fontem
978 894 1182 937 bonitatis
1212 909 1301 937 suae
1335 893 1464 936 etiam
1497 893 1542 936 in
1573 892 1833 951 alienigenas

446 972 595 1021 gentes
610 997 620 1016 ‚
645 977 752 1021 quas
773 963 855 1006 sul)
879 962 1054 1021 Angelis
1078 964 1384 1017 constituerat,
1405 964 1649 1023 portionem
1667 963 1747 1006 sibi
1769 961 1834 1006 saa

444 1033 561 1077 ciens
583 1032 796 1092 populum
826 1033 957 1077 Israel
983 1053 991 1078 :
1016 1035 1061 1077 in
1086 1035 1178 1078 haec
1202 1033 1291 1078 duo
1313 1043 1356 1078 et
1377 1033 1610 1093 Apostolus
1632 1032 1833 1078 distincte

444 1102 664 1147 distribuit
685 1102 1022 1147 misericordiam
1045 1104 1213 1148 Domini
1236 1113 1280 1148 et
1307 1104 1551 1148 veritatem.
1582 1104 1691 1148 «Ait
1717 1104 1832 1147 enim

446 1192 466 1215 »
482 1175 705 1219 Christum
722 1176 965 1218 ministrum
978 1174 1109 1219 fuisse
1124 1176 1460 1219 circumcisionis
1480 1185 1655 1234 propter
1670 1175 1831 1219 verita*

445 1261 466 1285 »
487 1253 574 1287 tem
598 1247 687 1299 Dei,
713 1245 767 1288 ad
790 1245 1109 1289 confirmandas
1132 1246 1432 1304 promissiones
1454 1248 1692 1304 patrum².»
1719 1247 1832 1289 Ecce

442 1315 544 1374 quia
577 1331 666 1359 non
709 1315 866 1360 fefellit
902 1319 1040 1373 Deus3
1071 1332 1171 1361 ecce
1204 1316 1305 1376 quia
1347 1332 1435 1360 non
1463 1315 1624 1375 repulit
1658 1315 1832 1374 plebem

441 1400 587 1441 suam,
618 1402 748 1446 quam
772 1387 999 1446 praescivit.
1026 1387 1199 1430 Etenim
1226 1402 1326 1431 cum
1362 1386 1417 1430 de
1451 1402 1553 1431 casu
1575 1385 1830 1430 Judaeorum

441 1465 666 1514 ageretur,
692 1473 748 1501 ne
778 1458 874 1517 quis
903 1466 1077 1516 putaret
1100 1459 1159 1502 sic
1190 1457 1285 1502 illos
1317 1458 1607 1517 improbatos,
1642 1467 1692 1502 ut
1721 1457 1830 1501 nihil

440 1526 649 1572 frumenti
683 1544 734 1572 ex
760 1528 834 1573 illa
857 1528 1140 1573 ventilatione
1164 1529 1210 1573 in
1239 1530 1445 1573 horreum
1470 1530 1735 1584 mitteretur,
1771 1529 1830 1573 ait

440 1598 675 1657 Apostolus
692 1634 702 1653 ⁷
724 1618 742 1640 α
768 1602 865 1644 Non
884 1599 1044 1658 repulit
1061 1603 1175 1644 Deus
1197 1599 1370 1659 plebem
1387 1616 1525 1655 suam,
1545 1615 1676 1659 quam
1697 1615 1832 1659 praes—

442 1686 463 1709 »
489 1668 592 1712 civit
618 1688 626 1713 :
654 1685 753 1713 nam
775 1679 817 1713 et
839 1685 919 1729 ego
935 1670 1122 1714 Israelita
1145 1672 1306 1714 sum3.»
1338 1671 1380 1715 Si
1403 1680 1547 1714 totum
1569 1669 1680 1714 illud
1694 1671 1830 1729 spinae

439 1737 635 1788 fuerunt,
660 1738 779 1782 unde
797 1754 980 1796 granum
995 1740 1118 1784 vobis
1140 1740 1323 1800 loquor?
1343 1743 1459 1799 Ergo
1480 1740 1659 1800 impleta
1677 1750 1740 1784 est
1760 1755 1832 1784 ve*

439 1809 541 1852 ritas
560 1810 636 1852 Dei
657 1810 701 1852 in
724 1810 772 1853 iis
791 1810 865 1869 qui
893 1826 945 1854 ex
968 1810 1167 1854 Israelitis
1189 1811 1487 1864 crediderunt,
1513 1819 1557 1853 et
1578 1810 1696 1854 venit
1717 1826 1831 1854 unus

438 1879 576 1937 paries
599 1878 653 1922 de
686 1879 1012 1924 circumcisione
1036 1880 1256 1940 applicans
1285 1896 1328 1924 se
1351 1880 1406 1924 ad
1431 1879 1622 1940 lapidem
1645 1879 1828 1939 angula-

438 1950 573 1992 rem4.
602 1948 686 1993 Sed
708 1948 780 1992 ille
800 1948 907 2008 lapis
930 1950 1139 2007 angulum
1161 1966 1251 1994 non
1276 1950 1437 1995 faceret
1452 1986 1463 2004 ,
1493 1951 1576 1994 nisi
1597 1949 1729 1994 alium
1751 1966 1829 2010 pa—

437 2019 591 2062 rietem
613 2034 663 2062 ex
683 2019 895 2064 Gentibus
919 2021 1171 2079 susciperet.
1200 2020 1278 2065 Ille
1296 2021 1442 2080 itaque
1459 2021 1597 2080 paries
1617 2030 1828 2081 tanquam

437 2089 610 2148 proprie
628 2090 815 2149 pertinet
837 2090 893 2134 ad
913 2090 1139 2135 veritatem
1154 2127 1165 2146 ,
1189 2092 1268 2135 iste
1286 2101 1431 2135 autem
1455 2091 1562 2135 alius
1585 2092 1640 2134 ad
1656 2091 1823 2135 miseri-⁴

436 2159 644 2205 cordiam.
676 2161 824 2205 «Dico
859 2162 1000 2216 enim,
1041 2162 1209 2222 inquit,
1242 2165 1390 2206 Jesum
1419 2163 1640 2207 Christum
1674 2162 1826 2206 minis—-

439 2250 459 2273 »
494 2241 610 2275 trum
645 2230 779 2276 fuisse
814 2232 1148 2277 circumcisionis
1176 2243 1354 2292 propter
1380 2234 1606 2277 veritatem
1635 2233 1739 2289 Dei,
1770 2233 1826 2278 ad

437 2319 458 2343 ))
495 2302 811 2345 confirmandas
826 2303 1127 2361 promissiones
1144 2313 1315 2363 patrum
1333 2325 1344 2361 3
1362 2306 1521 2349 Gentes
1536 2314 1683 2348 autem
1696 2319 1826 2363 super

438 2389 460 2413 »
494 2372 787 2416 misericordia
805 2372 1044 2431 glorificare
1056 2376 1257 2417 Deum⁵.»
1283 2376 1456 2429 Merito,
1477 2395 1497 2416 «
1511 2378 1561 2418 In
1575 2373 1697 2418 coelis
1709 2389 1824 2434 prae-¹

438 2460 459 2485 »
495 2442 718 2502 parabitur
749 2443 905 2487 veritas
940 2452 1030 2488 tua.
1066 2462 1086 2485 »
1120 2446 1294 2488 Etenim
1337 2461 1485 2490 omnes
1519 2444 1581 2489 illi
1620 2443 1824 2489 lsrae'litae

434 2513 577 2558 vocati
597 2511 817 2572 Apostoli,
842 2512 942 2558 coeli
957 2512 1059 2557 facti
1080 2523 1183 2558 sunt
1203 2515 1280 2575 qui
1301 2524 1504 2559 enarrant
1526 2513 1705 2573 gloriam
1726 2515 1822 2559 Dei.

483 2612 493 2631 ¹
521 2607 784 2650 Psa1.xx1v‚1'0.
807 2625 848 2631 —-
868 2615 881 2631 ²
900 2611 992 2642 Rom.
1013 2620 1064 2650 xv,
1087 2610 1117 2641 8.
1140 2627 1180 2632 —
1203 2608 1349 2651 3ld.x1,
1372 2621 1401 2650 1,
1423 2619 1454 2641 2.
1475 2628 1516 2633 —
1538 2609 1553 2639 4
1572 2609 1686 2652 Ephes.
1706 2620 1742 2651 n,
1764 2618 1818 2643 20.

436 2662 503 2688 —5
519 2667 608 2696 Rom.
627 2675 683 2705 xv,
707 2666 740 2705 8,
757 2675 789 2706 9.
