1926 3339
388 269 628 296 ENAnnAuo
663 272 704 295 m
740 271 941 297 1’5ALMUM
974 271 1066 297 xcv.
1344 245 1427 302 4919

43 334 159 379 enim
179 333 234 377 de
251 333 536 379 aedificatione
560 335 728 379 domus.
747 338 907 379 Omnes
926 336 1090 395 lapides
1119 338 1251 396 ipsius
1274 340 1429 384 domus

41 403 285 462 intelligant
308 405 429 464 quod
450 415 697 449 cantarunt.
722 405 984 450 AEdifiea-tur
1006 406 1122 449 enim
1146 407 1300 451 domus
1316 413 1424 464 Deo,

41 490 128 518 non
148 472 221 517 illo
241 473 337 517 loco
352 474 425 517 ubi
438 474 668 519 aedificavit
688 475 1164 520 Salomon.AEdificavit
1183 477 1296 520 enim
1318 487 1430 521 tem·

39 544 183 604 plun1¹
205 563 213 588 2
236 553 278 587 et
300 543 354 587 de
378 545 469 604 ipso
493 545 657 604 templo
681 545 860 591 audistis
879 545 1010 590 modo
1033 563 1132 607 quae
1162 547 1317 591 dixerit
1340 551 1429 592 Do-

39 615 195 658 minus.
225 617 337 659 Cum
364 631 463 659 saxa
490 615 641 675 templi
669 626 712 660 et
736 616 870 660 moles
895 617 1089 674 ingentes
1109 617 1430 662 admirarentur

39 684 245 743 Discipuli
266 721 276 739 ‚
303 685 609 730 indicaverunt
639 687 823 731 Domino
856 686 1185 731 admirationem
1209 697 1252 732 et
1275 698 1427 748 stupo-

41 771 130 799 rem
153 771 280 799 suum
304 776 312 801 ;
339 766 382 800 et
404 757 613 801 Dominus
636 757 718 800 illis
743 777 750 801 :
773 777 791 798 «
812 762 951 801 Amen
973 757 1070 802 dico
1089 758 1232 813 vobis,
1255 775 1343 803 non
1368 776 1431 803 re-

45 848 60 867 »
82 826 307 885 linquetur
325 827 394 871 hie
410 827 517 886 lapis
539 844 667 887 super
682 827 887 887 lapidem,
903 828 979 888 qui
1002 845 1091 873 non
1113 830 1424 873 destruetur'2.»

37 899 133 941 Non
157 896 253 941 talis
290 898 532 941 aedificatur
554 897 724 942 domus.
750 901 857 941 Nam
893 897 1034 941 videte
1057 899 1133 942 ubi
1157 899 1398 944 aedificatur
1415 936 1426 956 ‚

37 967 138 1028 quia
157 983 246 1011 non
269 984 358 1011 uno
376 968 472 1012 loco
488 1003 498 1021 ‚
525 967 669 1028 aliqua
691 968 736 1011 in
756 977 890 1025 parte.
917 968 985 1011 Sic
1007 969 1122 1011 enim
1145 969 1297 1028 incipit
1317 991 1324 1014 ε

97 1039 155 1080 ΙΙ.
187 1056 206 1078 «
230 1039 414 1082 Cantate
443 1038 629 1081 Domino
660 1037 878 1081 canticum
909 1053 1072 1082 novum
1092 1074 1102 1092 ,
1136 1049 1307 1083 cantate
1343 1044 1430 1084 Do-

40 1127 60 1150 »
95 1109 213 1154 mino
232 1110 371 1153 omnis
389 1118 502 1153 terra
518 1110 548 1152 ³.
578 1128 597 1150 »
628 1110 667 1153 Si
687 1110 906 1153 canticum
929 1125 1093 1154 novum
1120 1120 1266 1154 cantat
1288 1112 1429 1156 omnis

39 1188 151 1222 terra
171 1199 182 1236 3
212 1179 271 1223 sic
293 1178 559 1233 aedificatur,
585 1195 685 1222 eum
709 1188 856 1223 cantat
883 1199 891 1223 :
917 1180 1059 1238 ipsum
1083 1190 1271 1235 cantare,
1289 1181 1429 1224 aedifi-

38 1264 134 1293 care
157 1259 245 1307 est3
276 1249 351 1293 sed
373 1250 407 1293 si
429 1266 519 1294 non
540 1259 665 1293 vetus
683 1259 842 1293 cantet.
875 1252 1010 1294 Vetus
1032 1260 1179 1294 cantat
1214 1252 1429 1310 cupiditas

38 1320 177 1365 carnis
201 1340 208 1364 :
248 1336 410 1364 novum
443 1330 588 1365 cantat
611 1322 794 1365 charitas
818 1322 904 1365 Dei.
941 1322 1167 1381 Quidquid
1190 1324 1429 1367 cantaveris

39 1390 92 1434 de
114 1390 368 1450 cupiditate,
386 1401 510 1436 vetus
528 1401 702 1449 eant21s3
731 1393 807 1435 etsi
832 1403 990 1436 sonant
1006 1393 1050 1435 in
1074 1409 1146 1437 ore
1169 1394 1301 1437 verba
1326 1410 1430 1437 can-

38 1461 109 1505 tici
132 1461 254 1516 novi‚
280 1477 370 1506 non
388 1471 452 1506 est
473 1462 664 1521 speciosa
686 1461 780 1505 laus
803 1462 849 1505 in
867 1478 940 1506 ore
958 1463 1196 1522 peccatoris
1213 1464 1244 1506 4.
1272 1464 1428 1507 Melius

39 1541 102 1575 est
123 1541 173 1576 ut
190 1547 328 1576 novus
352 1541 515 1588 taceas,
540 1548 671 1593 quam
693 1542 743 1576 ut
764 1542 887 1576 vetus
906 1543 1051 1576 cantes
1079 1553 1086 1576 :
1113 1534 1212 1593 quia
1239 1534 1271 1576 si
1298 1533 1428 1577 fueris

37 1618 176 1648 novus
193 1637 204 1657 ,
233 1612 276 1646 et
297 1603 507 1658 tacueris,
547 1603 725 1646 auribus
757 1603 986 1647 hominum
1015 1619 1105 1647 non
1140 1613 1264 1647 sonat
1290 1623 1297 1647 :
1326 1620 1426 1648 nam

37 1688 111 1717 cor
132 1682 257 1717 tuum
276 1688 366 1716 non
387 1682 501 1716 tacet
518 1673 735 1717 canticum
759 1688 946 1730 novun13
964 1683 1006 1717 et
1024 1674 1220 1732 pervenit
1237 1674 1290 1717 ad
1307 1690 1429 1717 aures

39 1744 138 1799 Dei,
163 1744 239 1804 qui
260 1753 300 1788 te
322 1742 427 1788 feeit
447 1744 670 1787 hominem
697 1760 877 1788 novum.
905 1744 1054 1802 Diligis
1071 1779 1081 1797 ‚
1117 1754 1160 1787 et
1187 1754 1301 1788 taces
1324 1765 1332 1788 :
1359 1744 1428 1787 di-

37 1815 167 1859 lectio
189 1815 280 1874 ipsa
301 1830 384 1859 vox
408 1814 543 1858 estad
565 1818 720 1869 Deum,
742 1825 785 1858 et
803 1815 894 1874 ipsa
911 1814 1086 1858 dileetio
1108 1816 1325 1859 canticum
1350 1832 1431 1859 no-

38 1901 143 1931 vum
165 1895 241 1930 est.
267 1885 384 1930 Audi
406 1885 509 1945 quia
531 1885 749 1929 canticum
772 1901 936 1928 novum
954 1894 1016 1928 est
1036 1905 1043 1929 :
1066 1886 1275 1929 Dominus
1294 1885 1399 1929 dicit
1419 1905 1428 1930 :

43 1976 63 1998 «
98 1956 355 2002 Mandatum
379 1972 543 2001 novum
561 1955 617 2000 do
637 1956 777 2010 vobis,
794 1965 843 1999 ut
865 1971 940 1999 vos
961 1956 1143 2000 invicem
1168 1956 1426 2014 diligati55.»

40 2027 190 2071 Omnis
220 2043 323 2086 ergo
346 2037 459 2071 terra
477 2036 620 2070 cantat
638 2027 858 2070 canticum
881 2041 1044 2070 novum
1072 2046 1080 2070 ε
1106 2027 1167 2069 ibi
1189 2026 1431 2070 aedificatur

41 2097 212 2142 domus.
239 2098 392 2141 Omnis
415 2112 515 2155 ergo
538 2107 651 2141 terra
677 2106 741 2141 est
769 2097 924 2141 domus
957 2097 1048 2140 Dei.
1085 2097 1126 2141 Si
1151 2097 1289 2140 omnis
1319 2106 1431 2141 terra

43 2168 199 2213 domus
227 2169 332 2224 Dei,
363 2169 439 2229 qui
469 2184 559 2212 non
590 2169 727 2211 haeret
749 2167 869 2211 omni
893 2177 1014 2211 terrae
1033 2202 1043 2220 ‚
1076 2167 1200 2210 ruina
1224 2177 1307 2220 est,
1342 2183 1432 2210 non

43 2242 199 2284 domus
219 2259 227 2284 :
245 2240 370 2284 ruina
392 2239 465 2284 illa
486 2249 625 2293 vetus,
645 2240 716 2299 cuj
725 2255 772 2282 us
792 2239 994 2282 umbram
1012 2239 1202 2282 habebat
1219 2238 1432 2298 templum

43 2310 154 2354 illud
170 2320 308 2355 vetus.
332 2310 398 2354 Ibi
420 2309 536 2354 enim
559 2309 813 2353 dir-uebatur
835 2317 1040 2363 vetustas,
1066 2318 1116 2352 ut
1138 2309 1304 2353 novitas
1326 2308 1435 2352 aedi-

44 2382 262 2426 ficaretur.
300 2384 357 2425 Et
391 2378 615 2441 quomodo
649 2379 836 2423 diruitur
866 2381 1083 2422 vetustas?
1120 2399 1138 2420 «
1163 2382 1304 2423 Amen
1337 2380 1436 2424 dico

49 2472 69 2494 »
103 2453 249 2508 vobis,
275 2453 437 2513 inquit,
466 2467 556 2496 non
579 2451 852 2511 relinquetur
868 2450 977 2510 lapis
998 2466 1128 2509 super
1144 2449 1437 2510 lapideni‚qui

97 2554 105 2570 ¹
134 2550 152 2580 3
173 2551 248 2591 ch.
266 2560 308 2590 vi,
327 2560 353 2581 1.
370 2565 409 2571 —-—
425 2555 438 2571 ²
454 2547 569 2579 Matth.
587 2557 677 2588 xxiv,
692 2555 724 2579 2.
741 2562 781 2569 --
801 2545 813 2570 3
832 2559 842 2578 1
859 2545 994 2588 Paralip.
1010 2557 1078 2588 xw,
1097 2545 1152 2587 23,
1172 2550 1205 2578 et
1219 2545 1296 2578 Psal.
1318 2556 1387 2587 xcv,
1407 2555 1434 2577 ¹.

53 2623 90 2629 —
111 2604 126 2635 4
147 2606 245 2638 Eccli.
265 2616 321 2647 xv,
342 2606 373 2638 5.
395 2620 436 2627 -›
457 2602 472 2627 5
487 2605 566 2637 Joan
599 2614 668 2645 xiii,
688 2603 741 2645 34.
