1926 3339
453 303 538 341 200
903 312 937 341 s.
973 311 1203 341 Aucus-run
1234 310 1417 341 Emscom

457 399 478 422 »
496 390 624 440 gente
638 381 771 439 gloria
784 380 938 438 regis.»
951 381 1148 438 Agnosce
1161 393 1307 437 regem
1321 387 1446 423 tuum
1467 397 1476 423 :
1493 378 1548 422 da
1562 377 1623 422 illi
1637 377 1835 436 gloriam,
1884 370 1892 419 ,ἶ

454 452 509 496 da
531 451 595 496 illi
616 451 750 496 latam
772 460 962 510 gentem.
989 452 1131 502 Quam
1152 448 1285 493 latam
1303 458 1475 508 gentem
1496 448 1612 493 dabo
1627 483 1638 504 ,
1661 448 1838 509 inquis?
1886 447 1894 501 ζ

452 521 551 567 Noli
570 537 621 565 ex
641 531 717 566 tuo
734 520 866 566 corde
889 519 991 563 dare
1007 554 1018 574 ,
1034 528 1084 563 et
1099 528 1214 563 recte
1233 519 1370 564 dabis.
1393 518 1517 564 Unde
1537 518 1618 575 do,
1643 519 1838 579 inquies?
1888 509 1895 582 ‚3

453 594 566 636 Ecce
586 592 688 635 hinc
711 592 766 635 da
783 610 792 635 :
820 610 840 632 «
867 590 1028 633 Omnes
1044 598 1191 647 gentes
1211 598 1432 649 quotquot
1453 588 1618 644 fecisti,
1639 588 1835 645 venient,

454 680 476 703 ι)
511 671 556 705 et
582 661 829 705 adorabunt
849 673 997 703 coram
1020 667 1062 701 te
1077 692 1089 713 ,
1120 660 1319 702 Domine.
1342 677 1362 700 »
1390 659 1467 703 Die
1501 660 1608 715 hoc,
1631 659 1838 704 confitere

451 733 536 776 hoc
554 766 564 785 ,
586 739 630 774 et
651 729 807 773 dedisti
827 728 960 772 latam
983 736 1157 786 gentem
1177 747 1186 772 ;
1219 729 1322 788 quia
1343 744 1491 772 omnes
1515 738 1664 787 gentes
1685 729 1731 773 in
1749 744 1839 773 uno
1890 738 1893 742 ’

452 818 562 857 una,
587 802 677 861 ipsa
700 811 763 845 est
784 800 943 844 unitas.
963 798 1190 852 Quomodo
1205 799 1323 843 enim
1344 800 1535 844 Ecclesia
1551 809 1595 844 et
1614 800 1835 856 Ecclesiae,
1890 835 1892 838 ,

452 872 539 917 illae
552 871 758 916 Ecclesiae
771 885 870 931 quae
886 869 1078 914 Ecclesia
1095 870 1178 914 :sic
1200 869 1274 913 illa
1288 885 1390 929 gens
1407 886 1507 930 quae
1525 879 1687 928 gentes.
1700 874 1840 915 Antea
1891 875 1896 922 ἴ,

454 950 602 1001 gentes
618 976 630 996 ,
656 941 806 985 multae
828 935 976 999 gentes
999 959 1008 985 :
1030 939 1162 984 modo
1184 956 1272 985 uua
1291 956 1396 999 gens
1411 942 1428 982 ?
1441 945 1581 994 Quare
1601 956 1690 985 una
1710 943 1840 1000 gens?
1899 995 1902 998 y

454 1012 566 1065 Quia
587 1028 673 1056 una
691 1011 814 1066 fides,
832 1011 940 1070 quiav
950 1026 1038 1054 una
1057 1025 1169 1070 spes,
1181 1011 1284 1071 quia
1300 1026 1386 1054 una
1407 1012 1608 1067 charitas,
1628 1011 1732 1072 quia
1752 1026 1840 1056 una
1897 1011 1904 1060 J

454 1083 712 1142 expectatio.
735 1086 959 1126 Postremo
980 1097 1114 1141 quare
1136 1097 1228 1125 non
1249 1097 1335 1126 una
1359 1098 1463 1141 gens
1481 1118 1492 1137 ,
1512 1083 1546 1126 si
1564 1098 1650 1126 una
1672 1082 1840 1142 patria?
1897 1090 1904 1138 ζ

455 1153 598 1197 Patria
611 1152 796 1197 coelestis
810 1161 888 1207 est,
907 1152 1045 1212 patria
1060 1151 1300 1196 Jerusalem
1317 1161 1395 1207 est,
1407 1153 1602 1213 quisquis
1619 1152 1721 1196 inde
1736 1151 1840 1198 civis

452 1240 543 1269 non
569 1234 654 1280 est,
679 1225 734 1268 ad
766 1226 891 1268 istam
923 1233 1096 1282 gentem
1119 1239 1208 1268 non
1230 1224 1445 1282 pertinet,
1474 1224 1671 1284 quisquis
1693 1232 1840 1267 autem
1898 1217 1909 1277 gi

452 1295 556 1339 inde
569 1296 672 1339 civis
685 1304 765 1349 est,
777 1296 823 1339 in
838 1311 925 1341 una
942 1295 1158 1353 genthei
1175 1303 1252 1338 est.
1279 1297 1337 1338 Et
1356 1295 1450 1339 haec
1473 1311 1576 1354 gens
1597 1294 1651 1338 ab
1663 1295 1840 1338 Oriente
1900 1295 1910 1347 ζ

452 1365 499 1408 in
515 1365 819 1420 Occidentem,
845 1364 900 1409 ab
917 1363 1134 1424 Aquilone
1156 1373 1199 1408 et
1219 1364 1331 1408 Mari
1351 1363 1614 1408 distenditur
1631 1379 1709 1424 per
1730 1379 1841 1424 qua-
1900 1356 1911 1387 ἵ

450 1445 554 1480 tuor
589 1445 731 1496 partes
762 1437 894 1481 totius
921 1435 1052 1479 orbis.
1080 1437 1173 1479 Hoc
1202 1438 1316 1479 Deus
1346 1434 1468 1479 dicit.
1495 1435 1564 1479 Ab
1587 1435 1765 1479 Oriente
1796 1443 1841 1479 et
1888 1468 1892 1471 v

452 1505 717 1562 Occidente,
748 1507 803 1551 ab
831 1506 1050 1567 Aquilone
1081 1515 1125 1550 et
1144 1505 1254 1551 Mari
1281 1505 1381 1550 date
1411 1506 1591 1565 gloriam
1612 1509 1718 1551 Deo.
1746 1508 1840 1550 Hoc
1905 1510 1906 1513 ’

451 1577 680 1637 praedixit,
719 1579 803 1622 hoc
839 1576 1063 1637 implevit,
1093 1577 1169 1637 qui
1201 1576 1318 1621 solus
1346 1586 1410 1621 est
1435 1592 1633 1636 magnus.
1666 1577 1840 1622 Desinat
1905 1625 1908 1641 Σ

451 1663 555 1708 ergo
576 1649 660 1693 hoc
682 1648 825 1692 dicere
857 1656 1007 1692 contra
1038 1646 1180 1691 solum
1212 1662 1421 1706 magnum
1439 1682 1449 1702 ,
1488 1647 1565 1708 qui
1586 1646 1730 1692 noluit
1750 1662 1840 1691 esse
1905 1667 1910 1699 χ

451 1734 610 1779 parvus
630 1738 641 1764 ι
670 1719 772 1778 quia
799 1734 890 1763 non
916 1726 1100 1778 possunt
1120 1733 1210 1762 esse
1232 1716 1322 1762 duo
1344 1718 1489 1775 magni
1509 1752 1522 1774 ‚
1541 1721 1657 1762 Deus
1684 1727 1728 1762 et
1748 1720 1840 1762 Do-
1908 1737 1909 1746 ¹

452 1799 596 1834 natus.

509 1861 607 1904 XV.
638 1879 659 1902 «
681 1859 832 1904 Deduc
847 1874 940 1915 me,
964 1859 1171 1914 Domine,
1191 1859 1238 1902 in
1260 1858 1329 1902 via
1353 1868 1429 1903 tua
1445 1894 1458 1915 ,
1483 1867 1526 1903 et
1537 1857 1772 1904 ambulabo
1793 1858 1841 1902 in
1908 1845 1910 1854 ¹

453 1949 474 1974 »
509 1931 690 1975 veritate
710 1932 832 1974 tua1.
859 1950 876 1972 »
902 1931 982 1974 Via
1005 1939 1080 1974 tua
1096 1965 1107 1986 ,
1144 1930 1300 1974 veritas
1322 1939 1422 1985 tua,
1448 1930 1536 1975 vita
1553 1939 1628 1975 tua
1646 1965 1657 1985 ,
1689 1929 1839 1975 Chris-

449 2010 535 2045 tus.
558 2003 675 2059 Ergo
697 2016 855 2060 corpus
877 1999 933 2044 ad
965 1999 1113 2055 illum,
1147 2009 1191 2044 et
1211 2014 1368 2059 corpus
1388 1999 1444 2044 de
1464 1999 1556 2045 illo.
1581 2019 1601 2042 «
1626 2002 1722 2059 Ego
1742 2014 1840 2043 sum

452 2089 473 2112 >›
508 2070 578 2115 via
600 2079 643 2114 et
659 2070 814 2114 veritas
837 2070 1025 2115 etvita2.
1042 2069 1192 2114 Deduc
1213 2085 1300 2125 me,
1319 2070 1519 2125 Domine,
1536 2071 1583 2114 in
1603 2070 1674 2115 via
1696 2078 1787 2114 tua.
1817 2088 1835 2111 »

450 2144 504 2185 In
522 2157 609 2201 qua
629 2141 727 2185 via?
744 2159 761 2181 «
789 2143 847 2184 Et
870 2139 1109 2185 ambulabo
1145 2141 1191 2184 in
1222 2141 1403 2186 veritate
1424 2151 1515 2186 tua.
1544 2159 1565 2182 »
1591 2140 1727 2185 Aliud
1747 2149 1836 2195 est,

447 2220 499 2255 ut
514 2209 647 2255 ducat
668 2210 723 2255 ad
744 2211 887 2255 viam?
909 2209 1056 2266 aliud,-
1081 2219 1131 2254 ut
1162 2209 1350 2255 deducat
1376 2211 1421 2255 in
1451 2211 1532 2255 via.
1560 2209 1672 2255 Vide
1694 2210 1840 2255 homi—

448 2272 550 2325 nem
572 2281 739 2341 ubique
772 2295 1035 2340 pauperem,
1070 2280 1238 2341 ubique
1268 2281 1484 2342 adjutorio
1507 2290 1725 2341 egentem.
1753 2280 1840 2334 Qui

446 2360 605 2410 praeter
636 2351 751 2395 viam
782 2360 882 2394 sunt
899 2386 911 2405 ,
944 2350 1179 2395 Christiani
1219 2367 1309 2395 non
1346 2361 1448 2396 sunt
1465 2387 1476 2407 ,
1512 2361 1588 2396 aut
1623 2349 1839 2397 Catholici

445 2420 645 2465 nondum
676 2431 779 2466 sunt
803 2441 811 2466 :
838 2422 1113 2466 deducantur
1135 2420 1191 2466 ad
1224 2422 1354 2466 viam.
1386 2421 1470 2467 Sed
1504 2437 1606 2467 cum
1635 2420 1838 2481 perducti

441 2492 607 2536 fuerint
636 2492 692 2536 ad
712 2493 828 2537 viam
845 2528 855 2548 ,
877 2502 920 2537 et
940 2491 1154 2538 Catholici
1176 2493 1222 2536 in
1243 2493 1415 2539 Christo
1433 2493 1536 2538 facti
1557 2492 1724 2538 fuerint
1739 2527 1750 2548 ,
1777 2490 1834 2535 ab

436 2565 529 2624 ipso
547 2563 822 2608 deducantur
844 2565 891 2608 in
911 2565 1003 2625 ipsa
1019 2565 1088 2609 via
1109 2600 1119 2617 ,
1141 2580 1195 2609 ne
1217 2564 1390 2610 cadant.
1416 2567 1543 2611 Certe
1561 2566 1654 2625 jam
1675 2564 1827 2608 ambu-

490 2656 499 2671 ¹
521 2649 599 2681 Psal.
620 2648 812 2691 Lxxxvffssu.
832 2668 874 2673 —
895 2657 907 2673 ²
925 2652 1017 2682 Joan.
1035 2661 1101 2691 x1v,
1116 2650 1148 2682 6.
