1926 3339
0 0 14 286 l

5 306 9 392 ᾖ
354 321 595 351 ENAnnA'rro
629 325 672 351 in
709 323 908 351 PsALMUM
944 324 1131 351 Lxxxvu.
1347 317 1428 354 237

4 393 8 416 ι

4 430 7 470 ἰ

44 404 66 429 ‹<
99 387 259 430 Omnes
282 387 441 432 fluctus
465 397 560 432 tuos
583 408 591 433 :
616 407 635 430 »
663 397 738 432 aut
756 389 866 432 sicut
885 388 982 432 alii:
1005 390 1204 433 «Omnes
1225 389 1431 435 elationes

3 479 5 494 ι
41 475 62 498 »
97 465 191 501 tuas
212 473 341 517 super
364 474 434 502 me
455 458 676 503 induxisti.
702 478 721 500 »
753 459 970 517 Scriptum
995 468 1059 502 est
1077 467 1119 501 et
1140 458 1185 501 in
1207 458 1291 503 alio
1309 459 1429 503 Psal—

2 518 6 605 1
39 542 140 571 mo:
173 547 192 569 «
219 529 380 573 Omnes
413 529 712 589 suspensiones
736 539 845 584 tuae,
873 538 915 572 et
943 529 1103 573 fluctus
1128 529 1189 572 tui
1211 545 1340 589 super
1361 545 1431 573 me

42 613 62 638 ³)
97 596 275 655 ingressi
308 600 435 641 sunt¹
472 614 480 639 :
515 616 535 639 »
565 598 659 653 vel,
699 599 818 643 Sicut
851 598 1030 659 quidam
1057 599 1211 643 melius
1240 608 1432 643 transtu-

0 631 5 729 l
37 665 202 722 lerunt,
223 687 242 709 «
270 670 406 727 Super
422 685 490 713 me
509 670 785 714 transierunt.
806 690 825 711 »
848 675 968 713 &mov
990 670 1107 713 enim
1123 678 1187 713 est
1205 670 1249 713 in
1269 686 1426 729 graeco,

0 736 3 800 j
39 753 128 781 non
151 746 299 781 εἰσῆλθεν.
326 739 409 782 Ubi
438 755 539 797 ergo
568 750 806 801 utrumque
831 742 1021 800 positum
1053 749 1139 795 est,
1167 749 1210 784 et
1244 757 1429 800 suspen-

0 802 3 862 ἰ
38 807 176 852 siones
203 818 244 851 et
275 808 456 863 fluctus,
484 826 572 853 non
597 811 658 853 ibi
681 820 921 870 potuerunt
945 811 1048 870 poni
1073 827 1150 870 pro
1181 811 1428 870 suspensio-

0 869 3 924 3'
38 878 164 922 nibus
192 878 365 923 fluctus.
394 883 501 933 Quae
523 879 612 924 duo
645 882 702 925 sic
724 881 1019 940 exposuimus,
1052 890 1101 924 ut
1130 882 1429 940 suspensiones

0 957 1 974 ³
37 946 278 993 diceremus
301 951 660 994 comminationes
680 986 689 1004 ,
716 951 876 995 fluctus
904 959 1049 994 autem
1066 951 1157 1010 jam
1186 951 1298 1010 ipsas
1327 967 1428 1010 pas-

37 1023 175 1064 siones
194 1035 201 1060 :
226 1036 325 1080 quae
342 1030 526 1081 utraque
542 1022 725 1065 veniunt
742 1022 796 1065 de
811 1015 980 1080 judicio
999 1021 1091 1065 Dei.
1121 1020 1204 1065 Sed
1227 1021 1314 1065 illic
1337 1022 1426 1066 dic-

37 1100 131 1135 tum
164 1101 260 1135 est:
297 1110 316 1133 «
347 1092 508 1136 Omnes
541 1107 670 1151 super
699 1108 768 1136 me
803 1093 1068 1136 transierunt
1098 1107 1107 1132 :
1136 1110 1155 1133 ))
1190 1092 1260 1136 hic
1294 1108 1422 1147 vero,

41 1179 61 1203 «
94 1162 255 1206 Omnes
278 1177 407 1222 super
427 1163 730 1207 meinduxisti.
751 1182 770 1204 »
794 1163 888 1207 Illic
911 1179 1014 1222 ergo
1035 1164 1113 1207 etsi
1135 1163 1336 1223 quaedam
1362 1180 1427 1208 αρε

36 1231 262 1290 ciderunt,
303 1234 446 1277 omnia
487 1242 633 1277 tamen
667 1234 780 1278 mala
815 1250 914 1294 quae
955 1233 1037 1278 illis
1069 1233 1211 1278 verbis
1243 1232 1427 1293 intelligi

35 1302 172 1347 voluit
190 1339 200 1357 ,
229 1306 366 1363 Super
382 1320 452 1347 me
474 1306 752 1358 transierunt,
779 1304 890 1348 dixit
910 1320 918 1345 z
945 1305 1015 1348 hic
1037 1320 1139 1348 vero
1165 1324 1174 1347 ;
1198 1307 1335 1363 Super
1359 1320 1427 1348 me

37 1391 58 1416 ³)
93 1370 316 1427 induxisti.
337 1394 356 1417 »
376 1378 664 1420 Transeuntes
688 1376 820 1430 enim,
847 1377 934 1419 sive
957 1392 1056 1436 quae
1079 1391 1167 1419 non
1187 1375 1424 1434 attingunt,

35 1445 147 1490 sicut
164 1445 489 1505 suspensiones,
510 1447 595 1490 sive
617 1462 716 1506 quae
733 1446 972 1505 attingunt,
994 1447 1104 1490 sicut
1122 1446 1295 1490 fluctus.
1315 1448 1427 1490 Cum

36 1525 181 1560 autem
208 1531 217 1557 :
249 1535 268 1558 «
294 1517 454 1560 Omnes
483 1517 810 1576 suspensiones,
840 1536 858 1559 »
890 1533 979 1561 non
1011 1517 1070 1561 ait
1099 1537 1107 1561 :
1143 1535 1163 1558 «
1191 1519 1329 1576 Super
1359 1532 1428 1560 nze

38 1604 59 1628 n
92 1587 372 1643 transierunt,
391 1606 412 1629 ³>
438 1587 530 1642 sed,
559 1607 577 1630 «
610 1590 747 1647 Super
769 1603 837 1631 me
859 1586 1064 1631 induxisti
1086 1607 1094 1631 ε
1118 1606 1136 1628 »
1160 1588 1305 1631 onmia
1329 1603 1428 1647 quae

35 1656 349 1716 impendebant
390 1658 580 1701 evenisse
610 1658 852 1717 significat3
889 1656 1206 1717 impendebant
1249 1666 1426 1712 autem,

35 1727 231 1788 quandiu
253 1728 298 1771 in
319 1728 548 1788 prophetia
565 1726 714 1773 futura
731 1727 1042 1783 imminebant,
1076 1727 1222 1773 omnia
1250 1744 1350 1788 quae
1375 1727 1430 1771 de

35 1798 150 1843 illius
172 1799 369 1859 passione
386 1798 592 1859 praedicta
615 1809 731 1844 sunt.

93 1872 216 1915 VIII.
247 1890 268 1913 «
294 1874 467 1930 Longe,
492 1871 664 1932 inquit,
691 1870 829 1915 fecisti
854 1880 980 1915 notos
998 1886 1116 1915 meos
1138 1885 1160 1914 a
1184 1886 1254 1914 me
1271 1873 1302 1913 ².
1334 1888 1352 1910 η
1387 1869 1429 1914 Si

36 1957 107 1986 eos
129 1958 239 2002 quos
257 1952 437 1987 noverat
451 1943 744 2002 acceperimus
761 1942 927 1987 dictum
946 1958 1050 1997 esse,
1069 1963 1087 1983 «
1106 1944 1239 1987 Notos
1253 1957 1387 1995 meos,
1408 1959 1428 1982 u

36 2029 186 2059 omnes
203 2024 333 2058 erunt
365 2034 372 2059 :
405 2030 507 2058 nam
530 2030 662 2075 quem
685 2014 758 2058 ille
781 2030 871 2059 non
892 2016 1104 2059 noverat?
1128 2014 1212 2059 Sed
1234 2029 1305 2057 eos
1329 2013 1433 2056 dicit

36 2094 187 2140 notOS,
228 2085 389 2145 quibus
427 2094 470 2129 et
504 2085 594 2145 ipse
625 2094 754 2129 notus
783 2094 895 2139 erat,
927 2094 1142 2145 quantum
1180 2099 1280 2127 eum
1323 2092 1429 2127 tune

36 2172 160 2201 nosse
181 2166 421 2216 potuerunt
439 2192 449 2211 ,
486 2165 602 2201 certe
623 2156 693 2200 vel
721 2158 931 2200 hactenus
954 2155 1073 2215 quod
1106 2155 1301 2199 sciebant
1331 2169 1433 2197 eum

36 2227 331 2281 innocentem,
351 2227 515 2271 etiarnsi
530 2228 753 2272 hominem
774 2227 1097 2280 tantummodo,
1119 2241 1208 2269 non
1232 2234 1275 2269 et
1294 2229 1432 2268 Deum

35 2298 266 2357 putabant.
296 2298 499 2351 Quamvis
520 2307 563 2343 et
585 2299 723 2342 bonos
748 2314 856 2358 quos
879 2297 1108 2357 probaret,
1135 2305 1260 2340 notos
1288 2296 1431 2338 dicere

37 2368 228 2426 potuerit
249 2389 259 2427 3
287 2369 398 2412 sicut
419 2368 556 2413 malos
579 2384 693 2428 quos
715 2369 985 2427 improbaret
1002 2403 1013 2423 ,
1048 2367 1220 2425 ignotos
1237 2401 1248 2421 ,
1274 2365 1433 2425 quilius

38 2439 82 2482 in
106 2440 192 2483 fine
214 2438 414 2484 dicturus
446 2449 509 2484 est
530 2456 538 2482 t
571 2459 591 2482 «
616 2443 713 2485 Non
740 2441 841 2484 novi
876 2440 1000 2483 vos3.
1028 2459 1044 2480 »
1068 2437 1198 2491 Quod
1226 2453 1331 2481 vero
1353 2436 1434 2480 ad-

33 2500 208 2570 j‘ungit:
239 2530 255 2550 «
284 2514 529 2555 Posuerunt
560 2526 629 2554 nie
666 2510 1034 2554 abominationem
1064 2509 1169 2562 sibi,
1198 2526 1217 2549 »
1254 2515 1436 2567 possunt

40 2591 81 2625 et
111 2580 173 2624 illi
201 2581 377 2641 quidem
410 2581 626 2640 intelligi,
663 2597 771 2641 quos
805 2591 930 2625 notos
963 2596 1061 2624 suos
1095 2578 1227 2634 dixit,
1265 2578 1369 2638 quia
1391 2587 1435 2621 et

90 2673 95 2687 ¹
122 2666 200 2697 Pszzl.
222 2677 262 2706 u,
280 2669 309 2698 8.
339 2683 369 2688 -
386 2673 397 2687 ²
419 2666 453 2697 Id
488 2677 627 2707 Lxxxvn,
650 2677 681 2707 ς).
706 2683 746 2688 —-
774 2663 920 2697 3Manh.
943 2676 1000 2705 vn,
1020 2664 1075 2696 23.
