1926 3339
457 313 540 353 384
879 323 911 349 S.
948 323 1179 350 Anousnm
1212 324 1392 349 Eriscom

458 409 478 431 »
513 390 616 450 quia
644 389 851 448 patientia
880 387 955 432 Dei
992 387 1049 431 ad
1075 387 1379 448 poenitentiam
1402 394 1446 429 te
1479 384 1694 429 adducit?
1729 401 1750 425 »
1773 387 1839 428 Tu

454 469 622 516 autem,
645 459 690 503 id
712 468 776 503 est
796 494 807 514 ,
832 457 905 502 ille
926 459 1003 518 qui
1021 457 1255 518 respondet
1283 466 1326 501 et
1348 455 1454 501 dicit
1473 475 1482 500 ι
1505 455 1547 500 Si
1570 453 1840 514 displicerem
1900 457 1921 506 2³

454 536 570 588 Deo,
591 547 681 576 non
703 530 810 575 mihi
827 539 1022 590 parceret
1044 532 1172 574 Deus.
1199 528 1309 573 Vide
1331 527 1439 589 quid
1465 526 1547 572 sibi
1577 524 1681 570 facit
1699 560 1711 581 ,
1736 523 1840 570 audi

454 603 713 664 Apostolum
736 620 745 646 :
773 621 794 644 «
826 603 892 644 Tu
913 609 1060 644 autem
1093 598 1337 644 secundum
1370 598 1574 643 duritiam
1607 595 1748 642 cordis
1775 595 1841 640 tui

452 694 473 717 »
510 683 553 718 et
574 689 648 718 cor
670 671 974 732 impoenitens,
995 670 1257 714 thesaurizas
1276 669 1358 713 tibi
1386 669 1494 712 iram
1526 668 1573 712 in
1599 666 1669 711 die
1699 668 1775 712 irae
1797 674 1840 710 et
1901 669 1914 718 Ξῖ·

452 763 473 787 »
509 742 782 788 revelationis
789 741 895 802 justi
906 740 1059 801 judicii
1071 740 1165 795 Dei,
1183 740 1259 801 qui
1272 738 1426 784 reddet
1439 738 1677 799 unicuique
1688 752 1839 782 secun·

452 834 472 857 »
508 814 616 858 dum
638 829 768 874 opera
784 829 861 857 sua
879 814 910 855 1.
942 830 962 853 »
987 811 1066 856 Ille
1087 827 1190 870 ergo
1213 819 1343 870 auget
1363 809 1761 868 longanimitatem,
1797 816 1842 853 et
1901 797 1914 813 '⁹

451 895 501 930 tu
522 900 651 944 auges
678 884 967 945 iniquitatem.
993 883 1088 927 Erit
1116 881 1230 926 illius
1248 882 1478 925 thesaurus
1504 881 1551 924 in
1579 880 1842 940 sempiterna

448 954 740 1001 misericordia
756 956 802 999 in
815 970 887 999 eos
906 953 982 1014 qui
997 969 1088 998 non
1100 962 1270 998 contem
1277 961 1455 1012 pserunt
1473 950 1809 995 misericordiam
1827 965 1838 991 ι
1902 962 1905 1003 3

449 1037 551 1072 tuus
588 1036 734 1071 autem
765 1026 993 1071 thesaurus
1024 1025 1072 1068 in
1093 1024 1155 1068 ira
1188 1024 1456 1079 invenietur,
1483 1032 1527 1068 et
1562 1021 1682 1083 quod
1718 1020 1842 1082 ponis
1902 1069 1904 1072 v

449 1097 644 1159 quotidie
676 1113 753 1158 per
794 1095 1016 1141 modicum
1033 1131 1044 1151 ,
1084 1104 1233 1155 postea
1268 1110 1450 1138 massam
1473 1094 1731 1138 inventurus
1758 1107 1802 1136 es
1828 1110 1838 1136 :

450 1170 699 1213 minutatim
721 1169 872 1228 ponis,
898 1167 973 1212 sed
1003 1166 1230 1211 cumulum
1252 1166 1459 1210 invenies.
1491 1165 1590 1210 Noli
1618 1163 1842 1208 attendere
1903 1156 1905 1200 f

451 1240 619 1283 minuta
640 1248 814 1298 peccata
842 1248 918 1282 tua
956 1237 1211 1298 quotidiana
1239 1252 1247 1278 :
1284 1235 1339 1280 de
1372 1235 1667 1279 minutissimis
1709 1233 1842 1293 guttis

451 1311 633 1354 flumina
655 1310 711 1354 im
718 1309 910 1370 plentur.

511 1383 566 1424 X.
591 1380 708 1434 Quid
731 1389 877 1424 autem
898 1379 957 1423 illi
983 1378 1174 1434 faciunt,
1204 1378 1281 1439 qui
1303 1376 1571 1437 respondent
1592 1385 1635 1420 et
1656 1374 1843 1436 loquen-
1903 1386 1905 1391 '

454 1461 526 1496 tur
547 1451 821 1510 iniquitatem
838 1485 849 1506 ,
872 1449 973 1510 quia
997 1448 1163 1494 faciunt
1185 1458 1227 1493 et
1246 1448 1440 1508 parcitur
1461 1447 1546 1492 eis?
1573 1466 1593 1490 «
1623 1447 1842 1506 Populum

457 1541 478 1564 »
515 1532 639 1567 tuum
657 1558 669 1578 ,
696 1522 905 1577 Domine,
930 1521 1274 1566 humiliaverunt
1311 1540 1321 1565 2
1354 1538 1374 1561 »
1399 1518 1446 1564 id
1467 1528 1553 1575 est,
1583 1534 1734 1564 omnes
1767 1518 1843 1579 qui
1902 1510 1905 1557 ἶ

449 1596 564 1655 juste
586 1595 756 1649 vivunt,
782 1594 828 1637 in
846 1609 955 1654 quos
976 1593 1132 1638 volunt
1154 1592 1378 1652 superbire
1401 1607 1550 1636 omnes
1572 1590 1691 1635 mali.
1717 1610 1737 1633 «
1763 1594 1844 1635 Po·

457 1684 477 1707 »
512 1664 666 1725 pulum
684 1675 811 1709 tuum
827 1700 837 1719 ,
860 1663 1043 1708 Domine
1057 1699 1068 1719 ,
1092 1662 1461 1717 humiliaverunt,
1483 1671 1526 1706 et
1542 1661 1843 1706 haercditatem
1903 1693 1905 1721 4

456 1754 476 1777 »
513 1745 633 1780 tuam
651 1744 919 1780 vexaverunt
941 1753 949 1778 :
968 1733 1147 1779 viduam
1170 1743 1212 1778 et
1229 1732 1435 1793 pupilllos
1453 1731 1782 1787 interfecerunt,
1799 1741 1843 1776 et

454 1825 475 1848 »
511 1807 782 1866 proselytum
805 1804 1117 1849 occiderunt2:
1141 1822 1160 1845 >›
1186 1803 1232 1847 id
1253 1812 1316 1847 est
1332 1838 1342 1858 ,
1369 1803 1648 1863 peregrinum
1665 1838 1676 1858 ,
1708 1802 1842 1847 adve-
1903 1796 1906 1823 ²

451 1894 575 1932 nam,
604 1876 916 1930 adventitium,
955 1875 1099 1934 ipsum
1137 1874 1243 1918 dicit
1285 1873 1571 1934 proselytum.
1613 1872 1842 1918 Manifesta

450 1959 552 1993 sunt
571 1949 650 1993 ista
672 1947 857 2006 singula,
883 1962 964 1991 nec
985 1962 1093 2006 opus
1112 1955 1175 1990 est
1197 1946 1242 1989 in
1256 1946 1322 1990 his
1345 1946 1580 1990 immorari.

507 2023 587 2064 XI.
613 2040 633 2063 «
652 2023 710 2064 Et
726 2020 931 2064 dixerunt
954 2037 962 2062 :
983 2021 1080 2063 Non
1096 2017 1262 2062 videbit
1283 2018 1565 2062 Dominusss.»
1591 2019 1689 2062 Non
1705 2025 1842 2061 atten-
1902 2019 1906 2071 ζ

449 2091 513 2136 dit
542 2091 645 2146 ista,
682 2090 862 2149 negligit
887 2090 990 2143 ista,
1021 2088 1124 2133 alias
1155 2103 1221 2132 res
1244 2097 1382 2143 curat,
1408 2104 1498 2132 non
1518 2086 1734 2145 intelligit.
1762 2090 1842 2132 Hae
1903 2089 1906 2144 ξ

448 2163 563 2206 enim
590 2162 690 2206 duae
720 2176 846 2206 voces
873 2169 975 2204 sunt
1014 2159 1231 2203 malorum
1265 2178 1273 2203 :
1313 2175 1401 2203 una
1431 2173 1563 2219 quarn
1589 2159 1680 2218 jam
1714 2156 1801 2201 dixi
1827 2175 1837 2201 2

449 2253 470 2276 «
506 2237 609 2279 Haec
632 2233 795 2287 fecisti,
822 2241 866 2276 et
881 2232 1023 2289 tacui3
1053 2231 1293 2291 suspicatus
1315 2246 1358 2275 es
1387 2230 1680 2291 iniquitatem,
1721 2228 1841 2289 quod
1903 2226 1906 2296 J

447 2323 468 2346 »
504 2321 577 2350 ero
598 2305 679 2349 tibi
697 2302 887 2348 similis4.
917 2322 936 2344 »
958 2301 1075 2355 Quid
1098 2311 1186 2357 cst,
1217 2320 1237 2343 «
1263 2301 1393 2354 Quod
1416 2317 1489 2345 ero
1514 2301 1592 2345 tibi
1615 2299 1793 2344 similis?
1814 2317 1835 2341 n

445 2379 577 2420 Putas
598 2375 699 2435 qnia
722 2373 851 2419 video
874 2371 987 2417 faeta
1004 2381 1095 2427 tua,
1124 2381 1167 2415 et
1186 2370 1360 2431 placent
1378 2371 1499 2426 mihi,
1516 2371 1617 2431 quia
1632 2386 1722 2416 non
1738 2370 1839 2415 vin-
1904 2407 1907 2431 ÷

444 2445 558 2491 dico.
580 2445 676 2490 Alia
693 2454 757 2489 est
773 2459 856 2489 vox
874 2443 1147 2504 iniquorum:
1169 2443 1279 2495 Quia
1301 2458 1381 2487 nec
1400 2441 1589 2487 attendit
1605 2441 1686 2486 ista
1704 2444 1836 2495 Deus,

442 2533 524 2562 nec
546 2516 732 2561 advertit
753 2524 803 2560 ut
824 2515 930 2560 sciat
946 2512 1320 2575 quemadmodum
1340 2514 1500 2569 vivam,
1525 2528 1697 2558 nonme
1714 2520 1839 2556 curat
1902 2507 1907 2536 ὲ

443 2591 572 2634 Deus.
597 2591 714 2648 Ergo
735 2587 848 2632 inter
866 2586 1010 2647 aliqua
1032 2601 1102 2630 me
1123 2594 1350 2646 computat
1377 2586 1516 2629 Deus?
1547 2593 1624 2629 aut
1642 2599 1743 2628 vere
1766 2597 1836 2626 me
1902 2590 1907 2631 ζ-

491 2682 501 2699 ¹
521 2677 613 2708 Rom.
635 2686 670 2716 11,
691 2672 766 2706 3-6.
791 2690 833 2696 —-
851 2680 867 2696 ⁹
887 2671 968 2705 Psal.
988 2682 1078 2714 xcm,
1100 2670 1133 2713 5,
1150 2671 1183 2704 6.
1206 2688 1247 2693 -—
1272 2669 1286 2693 3
1307 2670 1388 2703 Ibid.
1413 2681 1445 2712 7.
1464 2687 1506 2693 —
1525 2668 1540 2700 4
1559 2670 1605 2702 Id.
1628 2680 1713 2711 xmx,
1733 2677 1788 2701 21.
