1926 3339
476 303 528 339 98
904 309 935 336 S.
973 309 1199 335 Aucusnm
1235 307 1414 333 EPISCOPI

471 375 658 420 volueris
680 375 888 419 occidere.
919 372 1107 416 Perimat
1126 369 1263 413 aliena
1284 368 1488 428 iniquitas
1509 381 1682 411 carnem
1699 374 1819 409 tuam
1835 399 1846 419 ‚

473 445 576 488 dum
607 453 746 488 servet
783 442 937 486 veritas
980 440 1168 483 animam
1200 446 1336 481 tuam.
1371 437 1414 481 Si
1444 446 1589 481 autem
1622 451 1646 479 a
1671 436 1851 479 veritate

470 514 691 568 resilieris,
717 513 826 573 quid
848 512 929 555 tibi
953 508 1137 568 amplius
1166 508 1361 552 facturus
1383 516 1448 552 est
1470 507 1693 561 inimicus,
1719 509 1851 566 quam

473 595 519 628 tu
532 585 611 627 tibi
628 584 717 642 ipse
730 582 832 626 facis
845 583 862 624 P
877 580 1082 624 Inimicus
1093 578 1270 621 saeviens
1283 593 1454 621 carnem
1469 587 1609 637 potest
1624 575 1820 621 occidere
1839 593 1849 620 ι

472 665 518 699 tu
550 663 694 697 autem
719 650 904 695 dicendo
936 648 1095 694 falsum
1132 648 1425 693 testimonium
1460 649 1647 692 animam
1675 645 1849 691 occidis.

467 724 582 768 Audi
602 722 865 780 Scripturam
887 739 895 763 :
921 738 940 760 «
957 720 1015 762 Os
1029 717 1150 778 quod
1167 719 1392 773 mentitur,
1413 718 1573 763 occidit
1594 717 1848 761 animam².»

469 797 636 852 Itaque,
661 791 812 835 fratres
831 790 937 844 mei,
965 788 1019 832 ad
1037 803 1166 833 omne
1188 798 1304 833 recte
1326 787 1489 832 factum
1512 803 1632 832 amor
1654 796 1698 831 et
1723 787 1854 831 timor

467 862 588 906 ducit
613 881 622 906 ε
646 862 701 905 ad
725 875 853 904 omne
876 868 1104 918 peccatum
1125 874 1246 902 amor
1268 868 1312 902 et
1335 859 1461 903 timor
1478 858 1614 902 ducit.
1640 859 1698 902 Ut
1718 850 1872 901 facia's«

468 934 604 989 bene,
630 947 744 976 amas
762 933 900 975 Deum
918 965 928 982 ‚
955 939 997 973 et
1017 930 1142 973 times
1160 934 1294 973 Deum
1309 950 1320 987 3
1335 940 1385 974 ut
1403 939 1548 973 autem
1562 926 1690 973 facias
1712 927 1851 983 male,‘

469 1018 584 1047 amas
606 1001 820 1046 mundum
839 1035 850 1055 ‚
871 1010 914 1044 et
930 1000 1054 1043 times
1070 999 1303 1044 mundum.
1326 1002 1429 1044 Haec
1440 999 1530 1043 duo
1543 1007 1855 1044 convertantur

468 1073 522 1117 ad
544 1074 709 1116 honum
735 1090 743 1116 :
780 1070 954 1114 amabas
982 1079 1162 1124 terram,
1198 1085 1294 1114 ama
1316 1070 1450 1114 vitam
1471 1079 1704 1127 aeternam3
1728 1069 1855 1114 time-

466 1145 542 1188 bas
561 1152 742 1187 mortem
758 1177 769 1195 ‚
802 1141 904 1185 time
928 1142 1187 1200 gehennam.
1217 1141 1444 1202 Quidquid
1468 1141 1547 1185 tibi
1579 1141 1731 1201 iniquo
1751 1155 1856 1200 pro-

468 1214 629 1257 miserit
657 1211 845 1257 mundus
860 1247 871 1266 ‚
910 1210 1128 1271 numquid
1164 1221 1306 1271 potest
1343 1211 1448 1256 dare
1479 1221 1694 1272 quantum
1730 1211 1856 1256 dabit

461 1286 579 1345 justo
602 1284 743 1328 Deus?
772 1281 999 1342 Quidquid
1024 1283 1100 1325 tibi
1117 1283 1236 1341 justo
1258 1283 1448 1326 minatus
1476 1282 1607 1327 fuerit
1635 1281 1853 1337 mundus,

467 1353 684 1413 numquid
708 1362 848 1413 potest
870 1352 1013 1397 facere
1027 1353 1148 1413 quod
1166 1351 1269 1396 facit
1286 1353 1438 1412 iniquo
1456 1354 1600 1398 Deus?
1617 1354 1692 1397 Vis
1710 1352 1858 1397 videre

469 1424 773 1486 quiddatursszs
795 1434 857 1468 est
871 1427 984 1468 Deus
999 1459 1009 1478 ,
1034 1424 1064 1467 si
1078 1425 1193 1483 juste
1210 1424 1393 1468 vixeris?
1413 1424 1618 1479 «Venite,
1640 1423 1858 1468 benedicti

474 1515 493 1537 »
530 1495 666 1539 Patris
689 1495 803 1549 mei,
835 1494 1043 1554 percipite
1073 1509 1256 1552 regnum
1283 1495 1405 1554 quod
1431 1494 1552 1539 vobis
1574 1503 1771 1553 paratum
1794 1503 1858 1538 cst

474 1584 494 1607 »
531 1566 584 1609 ab
607 1566 770 1624 origine
789 1564 955 1609 mundi.
979 1583 998 1605 »
1016 1565 1089 1608 Vis
1106 1564 1252 1608 videre
1272 1564 1379 1625 quid
1392 1564 1585 1610 facturus
1603 1575 1666 1609 est
1685 1565 1859 1624 impiis?

476 1655 495 1678 «
532 1639 596 1679 Ite
622 1636 668 1678 in
695 1635 842 1693 ignem
863 1644 1075 1678 aeternum
1091 1670 1102 1688 ‚
1128 1635 1203 1694 qui
1225 1645 1398 1694 paratus
1420 1644 1484 1679 est
1516 1634 1692 1679 diabolo
1714 1645 1757 1680 et
1780 1651 1859 1679 an-

475 1725 494 1747 »
529 1704 631 1763 gelis
653 1706 742 1764 ejus
758 1706 790 1749 2.
814 1724 833 1746 »
857 1707 974 1748 Bene
997 1704 1173 1764 quidem
1193 1704 1301 1749 nihil
1326 1714 1375 1749 tu
1396 1704 1516 1750 aliud
1535 1705 1598 1749 vis
1615 1740 1626 1760 ,
1648 1721 1781 1765 quam
1807 1715 1859 1750 ut

471 1777 583 1820 bene
605 1777 685 1820 tibi
705 1777 773 1819 sit.
798 1778 908 1821 Nam
931 1776 976 1819 in
998 1791 1049 1820 eo
1072 1776 1193 1835 quod
1214 1792 1328 1820 amas
1344 1811 1356 1832 ‚
1379 1777 1443 1821 vis
1470 1785 1521 1820 ut
1543 1777 1653 1821 bene
1674 1777 1754 1821 tibi
1775 1777 1854 1828 sit3

471 1856 514 1890 et
534 1847 578 1889 in
597 1862 647 1890 co
669 1845 787 1906 quod
813 1847 937 1890 times
954 1881 964 1900 ,
990 1862 1080 1890 non
1102 1846 1163 1890 vis
1190 1855 1236 1890 ut
1259 1845 1372 1890 male
1402 1846 1482 1890 tibi
1498 1847 1552 1891 sit
1573 1867 1582 1892 ε
1605 1847 1681 1891 sed
1704 1863 1795 1893 non
1812 1848 1858 1892 in

473 1933 520 1961 ea
545 1918 718 1976 regione
737 1917 894 1977 quaeris
909 1953 919 1972 ‚
939 1918 984 1960 in
1001 1933 1086 1977 qua
1101 1916 1391 1977 quaerendum
1405 1927 1483 1962 est.
1509 1918 1702 1963 Festinas
1719 1938 1729 1964 2
1754 1934 1859 1964 nam

472 1997 514 2031 et
535 1988 626 2031 sine
640 1987 878 2046 indigentia
895 1988 956 2031 vis
975 2003 1063 2031 esse
1082 1998 1126 2031 et
1139 1988 1229 2031 sine
1243 1988 1454 2033 molestia.
1471 1991 1643 2034 Bonum
1656 1999 1720 2034 est
1737 1989 1858 2051 quod

473 2058 550 2112 vis,
566 2056 640 2101 sed
656 2057 787 2101 tolera
800 2058 920 2117 quod
934 2073 1023 2102 non
1037 2058 1116 2113 vis,
1129 2067 1180 2102 ut
1196 2061 1433 2118 assequaris
1446 2060 1566 2121 quod
1577 2062 1654 2106 vis.
1672 2061 1860 2106 Proinde

472 2127 586 2172 illius
606 2127 736 2172 facies
758 2127 906 2171 delens
924 2138 1096 2187 peccata
1113 2164 1123 2183 ‚
1144 2129 1252 2188 quid
1265 2128 1390 2174 faciet
1405 2133 1422 2174 Ρ
1443 2134 1551 2184 Quae
1568 2142 1670 2176 sunt
1683 2142 1860 2191 peccata

474 2214 677 2243 succensa
698 2199 789 2257 igni
812 2207 855 2242 et
880 2198 1062 2243 effossa?
1083 2199 1201 2251 Quid
1223 2200 1385 2244 fecerat
1409 2217 1530 2246 amor
1556 2203 1722 2247 malus?
1743 2205 1859 2247 Tan-

473 2286 603 2331 quam
624 2270 767 2328 ignem
789 2269 1087 2314 succenderat.
1109 2269 1221 2323 Quid
1244 2268 1404 2316 fecerat
1421 2273 1547 2317 timor
1561 2273 1728 2318 malus?
1753 2278 1862 2319 Tan-

475 2356 607 2401 quam
629 2339 854 2385 effoderat.
881 2345 1015 2385 Amor
1029 2341 1189 2401 quippe
1202 2341 1459 2398 inflammat,
1482 2344 1611 2388 timor
1625 2344 1825 2389 humiliat
1846 2364 1856 2390 ι

476 2412 574 2456 ideo
606 2420 781 2470 peccata
815 2410 917 2454 mali
949 2411 1130 2466 amoris,
1165 2410 1263 2468 igne
1301 2428 1505 2458 succensa
1528 2424 1652 2474 sunt3
1681 2424 1860 2475 peccata

476 2481 578 2526 mali
599 2481 763 2525 timoris
777 2516 787 2536 ,
813 2481 966 2525 effossa
993 2491 1108 2526 sunt.
1131 2481 1343 2528 Humiliat
1371 2494 1414 2528 et
1434 2485 1576 2530 bonus
1599 2486 1727 2530 timor
1742 2522 1753 2542 ‚
1787 2502 1861 2532 ac-

477 2553 622 2597 cendit
644 2561 687 2595 et
712 2553 852 2596 bonus
874 2567 1016 2610 amor3
1040 2551 1114 2596 sed
1139 2551 1261 2596 aliter
1275 2563 1404 2614 atque
1425 2555 1563 2601 aliter.
1587 2559 1697 2602 Nam
1720 2567 1764 2602 et
1785 2572 1860 2602 co-

527 2643 537 2659 ¹
558 2638 631 2678 Sap.
651 2647 675 2677 ι,
699 2647 747 2667 11.
772 2653 813 2659 ——
834 2643 845 2658 ²
866 2636 976 2669 Matth.
999 2647 1076 2677 xxv,
1097 2635 1260 2679 340t41-
