1926 3339
420 246 658 271 ENARRATIO
694 247 734 271 IN
771 246 968 272 PSALMUM
1009 249 1173 273 cxxvii.
1401 242 1452 277 55

67 311 307 365 contrario,
336 311 445 354 inter
470 326 513 354 se
539 309 840 369 comparandis
860 346 871 366 ,
909 310 952 354 id
979 321 1066 368 051,
1103 312 1240 371 plagis
1275 323 1316 357 et
1338 330 1453 373 prae-

66 381 199 440 ceptis
216 417 226 436 ‚
269 381 476 441 quoniam
510 381 615 425 alibi
648 381 834 426 diximus
861 384 874 409 ¹
895 417 906 437 ‚
946 383 1257 442 expositionem
1297 386 1457 430 Psalmi

64 453 193 512 hujus
215 452 261 495 in
283 452 347 496 his
370 467 548 496 onerare
575 468 665 496 non
695 468 804 512 opus
827 462 891 498 est
913 471 921 498 ε
947 463 1116 498 tantum
1141 454 1454 513 admonemus,

65 524 166 584 quia
184 533 227 568 et
247 523 318 568 hic
347 524 424 567 etsi
447 539 536 568 non
564 523 717 568 eodem
740 524 892 569 ordine
908 560 919 580 ‚
945 524 1096 569 decem
1115 534 1263 570 tamen
1284 530 1454 587 AEgyp-

63 596 225 640 tiorum
248 594 387 654 plagae
404 603 827 651 commemorantur,
853 594 961 639 dum
983 611 1062 655 pro
1083 595 1221 642 tribus
1238 613 1337 658 quae
1354 608 1456 644 sunt

63 666 110 710 in
130 664 283 709 Exodo
299 668 316 690 ²
334 700 344 719 ,
370 674 413 709 et
440 665 511 709 hic
539 680 629 709 non
651 674 752 709 sunt
766 701 776 721 ‚
809 665 854 709 id
876 675 939 710 est
960 701 970 721 ,
999 666 1215 726 sciniphes
1232 702 1243 723 ‚
1277 667 1425 713 ulcera
1440 704 1452 725 7

63 736 285 794 tenebrae3
318 734 412 779 aliae
442 745 526 779 tres
554 745 982 791 commemorantur,
1011 753 1111 796 quae
1137 737 1199 781 ibi
1219 754 1309 783 non
1328 749 1451 795 sunt,

64 806 109 850 id
132 815 196 849 est
215 841 225 861 ‚
261 805 418 864 rubigo
435 840 446 860 »
479 806 633 865 pruina
660 815 706 849 et
732 805 842 864 ignis
860 841 870 860 ,
897 821 986 850 non
1009 804 1233 864 fulgurum
1250 843 1260 863 ,
1287 808 1362 852 sed
1384 810 1455 853 cui

63 876 179 920 dicta
201 885 264 919 est
286 875 443 919 tradita
466 875 674 934 possessio
696 890 846 919 eorum
867 910 878 930 ,
904 875 1025 935 quod
1046 876 1108 919 ibi
1130 892 1219 921 non
1241 875 1414 935 legitur.

127 948 336 990 XXVIII.
375 945 483 990 Satis
510 954 656 989 autem
684 945 755 990 hic
784 960 1032 1005 expressum
1060 956 1123 991 est
1143 982 1153 1000 ,
1181 947 1349 1008 judicio
1377 951 1454 994 Dei

62 1018 154 1063 fieri
169 1018 263 1061 haec
276 1017 321 1060 in
342 1016 426 1060 illis
445 1032 522 1077 per
539 1016 713 1075 angelos
731 1017 882 1072 malos,
899 1017 945 1061 in
961 1018 1045 1062 1100
1062 1018 1222 1063 saeculo
1243 1019 1451 1079 maligno,

62 1099 272 1151 tanquam
307 1088 353 1132 111
374 1091 566 1148 AEgypto
588 1098 631 1132 et
652 1089 696 1132 in
720 1105 875 1148 campo
906 1090 1104 1134 Thaneos
1121 1125 1131 1144 ‚
1162 1090 1242 1133 ubi
1268 1090 1456 1135 humiles

62 1176 150 1205 esse
175 1159 385 1204 debemus
400 1194 410 1214 ‚
434 1158 575 1204 donee.
596 1159 743 1204 veniat
765 1158 989 1216 saeculum⁷
1016 1160 1094 1204 ubi
1112 1159 1289 1204 exaltari
1310 1176 1360 1204 ex
1376 1161 1455 1206 ista

61 1230 308 1276 humilitate
330 1245 591 1273 mereamur.
611 1232 721 1274 Nam
749 1239 792 1274 et
813 1233 1032 1290 AEgyptus
1048 1231 1094 1274 in
1110 1231 1285 1275 hebraea
1303 1231 1454 1291 lingua

61 1301 260 1346 tenebras
273 1300 344 1344 vel
358 1300 662 1345 tribulationes
685 1301 912 1359 significat,
929 1301 975 1345 in
996 1317 1082 1362 qua
1102 1301 1253 1360 lingua
1277 1303 1450 1360 Thanis,

60 1373 171 1418 sicut
198 1373 557 1427 commemoravi,
592 1372 758 1416 humile
787 1372 1046 1432 intelligitur
1066 1389 1156 1418 esse
1177 1374 1449 1419 mandatum.

59 1447 122 1488 De
143 1442 308 1503 angelis
331 1457 432 1501 ergo
456 1442 580 1487 malis
598 1443 643 1486 in
666 1443 748 1487 isto
771 1442 942 1487 Psalmo
957 1478 968 1498 ‚
994 1458 1094 1487 cum
1117 1443 1171 1487 de
1193 1444 1294 1503 ipsis
1317 1443 1453 1504 plagis

59 1514 335 1576 loqueretur,
376 1514 436 1558 sic
468 1514 775 1574 interpositum
808 1523 898 1569 est,
930 1515 1052 1575 quod
1081 1529 1172 1559 11011
1205 1515 1452 1560 transitorie

58 1584 413 1646 praetereundum
430 1593 492 1628 est
517 1604 525 1628 :
555 1603 575 1626 «
594 1585 713 1629 Misit
734 1584 780 1628 in
803 1600 875 1629 eos
891 1619 902 1640 ,
932 1585 1099 1645 inquit⁹
1123 1585 1233 1629 iram
1254 1584 1455 1644 indigna-

61 1675 81 1698 »
117 1656 245 1701 tionis
268 1672 372 1711 suae,
392 1655 734 1714 indignationem
752 1664 795 1699 et
812 1655 920 1699 iram
944 1664 987 1699 et
1010 1655 1353 1713 tribulationem,
1371 1657 1454 1701 im-

61 1745 82 1768 »
118 1726 369 1771 missionem
391 1742 468 1785 per
487 1727 660 1784 angelos
677 1726 829 1771 malos.
844 1729 979 1771 »Esse
994 1736 1141 1771 autem
1161 1726 1384 1771 diabolum
1410 1737 1453 1772 et

58 1797 233 1856 angelos
270 1798 360 1857 ejus
388 1806 476 1841 tam
508 1796 645 1842 malos
675 1797 853 1858 utique,
884 1806 935 1841 ut
964 1797 1023 1841 eis
1051 1797 1162 1856 ignis
1183 1807 1453 1858 praeparetur

58 1877 247 1912 aeternus
268 1903 279 1923 ‚
305 1866 452 1911 nullus
478 1866 616 1911 fidelis
638 1868 810 1927 ignorat
836 1887 845 1912 :
877 1866 952 1912 sed
974 1868 1148 1913 immitti
1174 1884 1252 1927 per
1273 1884 1345 1913 eos
1366 1869 1451 1914 im—

58 1939 302 1984 missionem
327 1955 456 1999 super
478 1937 698 1999 quoslibet
720 1955 743 1983 a
765 1940 951 1984 Domino
966 1943 1072 1995 Deo,
1094 1956 1203 2000 quos
1220 1940 1303 1985 hac
1319 1956 1452 2000 poena

52 2010 221 2072 judicat
243 2010 418 2069 dignos,
453 2009 614 2054 durum
635 2009 810 2054 videtur
839 2010 898 2054 eis
919 2011 994 2071 qui
1016 2010 1160 2054 minus
1181 2010 1327 2056 idonei
1349 2022 1452 2057 sunt

58 2081 249 2140 cogitare
267 2117 278 2137 ‚
303 2080 678 2141 quemadmodum
701 2096 870 2125 summa
893 2081 966 2125 Dei
982 2081 1147 2142 justitia
1170 2080 1283 2125 bene
1304 2091 1454 2126 utatur

59 2160 104 2196 et
127 2151 265 2196 malis.
297 2154 415 2205 Quos
437 2151 615 2212 quidem
643 2153 1073 2214 quantumpertinet
1091 2152 1147 2196 ad
1168 2168 1320 2197 eorum
1345 2152 1451 2197 sub-

61 2223 263 2267 stantiam
280 2258 291 2277 ,
311 2221 408 2283 quis
431 2221 538 2266 alius
561 2238 693 2283 quam
714 2223 805 2282 ipse
827 2221 965 2267 fecit?
990 2222 1074 2267 Sed
1095 2223 1231 2267 malos
1252 2223 1342 2283 ipse
1362 2239 1453 2267 non

58 2292 164 2338 fecit
190 2314 198 2339 :
223 2295 363 2338 utitur
386 2303 534 2338 tamen
558 2294 617 2339 eis
633 2330 643 2350 ‚
662 2295 871 2355 quoniam
892 2295 1034 2339 bonus
1057 2303 1136 2350 est,
1157 2294 1286 2350 bene,
1307 2294 1351 2339 id
1370 2304 1448 2350 est,

57 2366 368 2410 convenienter
389 2375 432 2409 et
445 2367 561 2426 juste
582 2385 608 2410 :2
629 2366 741 2410 sicut
763 2381 786 2409 e
803 2374 955 2410 contra
974 2366 1114 2426 iniqui
1134 2366 1340 2410 creaturis
1362 2367 1451 2425 ejus

58 2437 182 2491 bonis
204 2446 391 2481 utuntur
416 2436 543 2481 male.
580 2437 726 2481 Utitur
748 2452 849 2495 ergo
871 2440 985 2481 Deus
1005 2437 1168 2497 angelis
1185 2436 1307 2481 malis
1322 2473 1333 2493 ,
1358 2453 1447 2481 11011

107 2540 114 2554 ¹
146 2535 256 2565 Sermo
280 2533 319 2565 ‹le
342 2534 453 2565 decem
479 2533 577 2575 plagis
607 2537 639 2564 et
659 2533 837 2575 praeceptiS.
860 2550 899 2554 —
922 2540 933 2554 ²
962 2533 1063 2565 Exod.
1084 2544 1136 2563 vni
1153 2559 1161 2573 ‚
1191 2543 1224 2573 17
1240 2558 1248 2573 ,
1274 2544 1320 2573 1x,
1350 2544 1388 2565 10
1416 2538 1443 2562 01

59 2599 97 2625 x,
127 2597 179 2619 ¹22.
