1926 3339
350 318 591 347 Emunxi-10
624 321 666 346 m
702 317 906 347 PsALMUM
937 317 1124 343 Lxxxlu.
1342 305 1423 343 159

39 401 60 424 »
94 383 291 437 Domini,
318 383 452 443 magis
474 400 605 444 quam
627 383 826 428 habitare
846 382 893 426 in
913 380 1202 425 tabernaculis
1223 389 1425 439 peccato-

40 471 60 494 »
94 468 206 496 rum.
236 471 256 494 »
284 456 380 513 Ipse
408 453 534 512 elegit
554 454 684 515 abjici
702 454 746 497 in
773 454 904 497 domo
926 451 1100 495 Domini
1122 466 1131 492 :
1157 449 1234 494 sed
1256 449 1328 493 ille
1349 450 1426 509 qui

16 522 233 567 >invitavit
255 522 309 567 ad
332 525 599 578 convivium,
621 523 852 582 eligentem
875 520 1124 566 inferiorem
1138 520 1285 565 locum
1299 528 1429 564 vocat

37 591 91 636 ad
119 594 412 652 superiorem,
442 603 486 639 et
517 596 622 639 dicit
653 593 716 638 illi
742 615 751 639 :
780 614 801 636 «
826 592 1023 638 Ascende
1041 594 1071 635 ¹.
1100 610 1119 633 »
1154 594 1250 651 Ipse
1280 600 1428 634 tamen

36 679 125 708 non
151 663 280 723 elegit
301 665 382 709 nisi
400 682 489 709 esse
511 667 557 710 in
579 666 712 711 domo
734 665 925 720 Domini,
945 665 990 708 in
1008 678 1289 725 quocumque
1311 661 1425 717 loco,

36 745 124 778 non
143 744 288 778 tamen
311 745 425 779 extra
446 736 596 780 limen.

93 805 213 848 XVI.
231 807 374 858 Quare
397 806 526 864 elegit
548 807 742 867 abjectus
760 821 851 850 esse
867 806 912 848 in
935 805 1067 848 domo
1084 802 1274 857 Domini,
1292 801 1428 860 magis

36 890 168 935 quam
190 875 386 920 habitare
408 877 451 920 in
475 875 769 921 tabernaculis
793 875 1100 935 peccatorum?
1126 893 1142 913 «
1167 873 1273 926 Quia
1295 873 1427 916 mise-

39 963 60 987 »
95 946 324 991 ricordiam
353 957 396 992 et
418 947 642 992 veritatem
666 947 808 1005 diligit
827 950 982 991 Deus2.
1013 964 1033 986 »
1067 944 1278 990 Dominus
1300 944 1430 987 mise-

37 1015 265 1061 ricordiam
295 1018 435 1076 diligit
454 1054 464 1072 ,
505 1034 591 1078 qua
626 1018 735 1062 mihi
764 1018 904 1077 primo
939 1016 1143 1061 subvenit
1168 1034 1178 1060 ε
1204 1015 1429 1058 veritatem

37 1086 191 1146 diligit,
212 1097 262 1131 ut
278 1087 472 1132 credenti
489 1088 563 1133 det
581 1089 701 1149 quod
723 1088 936 1148 promisit.
957 1086 1073 1131 Audi
1093 1084 1430 1129 misericordiam

37 1173 81 1201 et
104 1158 329 1202 veritatem
356 1159 402 1202 in
424 1158 618 1218 apostolo
650 1158 808 1213 Paulo,
834 1158 952 1217 prius
983 1156 1113 1202 Saulo
1135 1165 1427 1216 persecutore.

38 1227 268 1286 Indigebat
286 1229 593 1284 misericordia,
615 1239 658 1274 et
679 1229 788 1273 dixit
813 1230 859 1273 in
881 1245 924 1272 se
947 1229 1108 1272 factam
1128 1243 1136 1268 z
1161 1247 1177 1267 «
1202 1227 1287 1280 Qui
1312 1225 1431 1286 prius

42 1318 61 1341 »
97 1298 161 1343 fui
196 1299 476 1360 blasphemus
505 1311 548 1344 et
571 1310 821 1361 persecutor
843 1310 885 1344 et
909 1299 1165 1359 injuriosus,
1200 1297 1276 1342 sed
1302 1297 1433 1341 mise-

42 1389 62 1412 »
98 1370 327 1414 ricordiam
342 1382 602 1415 consecutus
621 1387 733 1425 sum,
752 1383 801 1414 ut
824 1370 869 1414 in
887 1385 955 1413 mc
969 1368 1216 1413 ostenderet
1234 1368 1432 1412 Christus

16 1444 28 1450 “
43 1459 62 1481 »
99 1443 222 1484 Jesus
246 1457 419 1484 omnem
443 1440 820 1499 longanimitatem
840 1440 886 1483 in
909 1456 997 1492 eos⁷
1014 1438 1088 1499 qui
1109 1437 1315 1482 credituri
1332 1447 1434 1481 sunt

42 1530 62 1552 »
97 1510 159 1554 illi
177 1511 222 1554 in
237 1511 370 1555 vitam
386 1513 627 1555 aeternamss.
644 1531 662 1552 υ
677 1514 734 1555 Ut
750 1509 1185 1567 cumindulgentiam
1209 1518 1433 1552 tantorum

39 1580 248 1625 scelerum
267 1581 481 1640 acciperet
500 1580 672 1634 Paulus,
690 1597 818 1625 nemo
839 1581 1087 1640 desperaret
1102 1595 1227 1638 posse
1246 1578 1327 1622 sibi
1351 1579 1434 1622 do—

41 1650 132 1694 nari
146 1666 437 1710 quaecumque
452 1661 641 1710 peccata.
656 1654 769 1695 Ecce
781 1651 914 1694 habes
928 1646 1439 1693 miscricordiam.Noluit

39 1730 145 1765 tunc
160 1724 272 1764 Dcus
288 1737 484 1765 exercere
501 1721 723 1764 veritatem
740 1756 751 1775 ,
775 1729 823 1764 ut
850 1720 1024 1779 puniret
1042 1728 1310 1779 peccantem.
1330 1721 1437 1762 Ete-

41 1792 130 1835 nim
147 1791 180 1835 si
194 1791 424 1850 puniretur
442 1800 658 1850 peccator,
677 1806 823 1835 nonne
834 1790 992 1834 veritas
1005 1790 1243 1833 esset?A11t
1259 1787 1439 1832 auderet

43 1862 208 1906 dicere:
226 1864 323 1906 Non
338 1861 478 1905 debeo
495 1862 658 1920 puniri,
679 1862 754 1921 qui
768 1877 856 1904 non
871 1869 1011 1920 posset
1024 1859 1188 1904 dicere:
1211 1862 1308 1903 Non
1331 1875 1437 1918 pec-

45 1933 163 1977 cavi?
176 1936 232 1977 Et
242 1933 275 1976 si
292 1933 474 1977 diceret:
491 1935 586 1977 Non
604 1933 799 1992 peccavi:
816 1932 885 1976 cui
898 1931 1086 1976 diceret?
1098 1946 1230 1991 quem
1244 1929 1438 1974 falleret?

45 2007 159 2062 Ergo
182 2003 321 2063 primo
351 2003 561 2047 Dominus
593 2003 637 2046 in
662 2018 763 2046 eum
789 2001 1124 2046 misericordiam
1152 2001 1436 2060 praerogavit,

44 2083 141 2134 post
163 2072 500 2117 misericordiam
525 2073 766 2117 veritatem.
792 2072 906 2116 Audi
933 2071 1058 2115 illnm
1083 2072 1172 2131 jain
1195 2071 1441 2129 exigentem

46 2144 287 2190 veritatem.
304 2163 321 2184 «
341 2143 486 2188 Primo
504 2159 623 2202 ergo,
643 2142 784 2202 inquit
803 2140 1164 2186 :Misericordiam
1184 2149 1441 2184 consecutus

53 2235 71 2256 »
105 2231 201 2259 sum
218 2250 228 2270 ‚
254 2215 329 2275 qui
352 2215 470 2274 prius
494 2213 556 2258 sui
586 2213 891 2273 blasphemus,
915 2222 958 2256 et
976 2221 1242 2272 persecutor,
1268 2222 1310 2255 et
1333 2212 1444 2272 inju-

52 2302 72 2326 »
107 2285 242 2329 riosus
265 2301 274 2326 z
299 2283 375 2328 sed
398 2284 537 2344 gratia
562 2285 634 2327 Dei
663 2299 759 2327 sum
778 2281 898 2343 quod
920 2298 1015 2326 sum
1030 2284 1061 2325 4.
1093 2303 1109 2323 »
1139 2285 1288 2326 Postea
1310 2281 1440 2336 dicit,

50 2370 151 2399 cum
184 2355 369 2414 passioni
403 2354 719 2414 propinquaret
747 2369 755 2393 z
787 2372 804 2393 «
842 2355 1014 2396 Bonum
1047 2367 1230 2409 agonem
1256 2352 1439 2395 certavi.

55 2445 73 2468 «
109 2442 284 2470 cursum
304 2425 626 2479 consummavi,
652 2424 784 2468 fidem
807 2423 973 2467 servavi
993 2444 1004 2480 3
1028 2432 1222 2482 superest
1248 2423 1354 2467 mihi
1371 2438 1445 2466 co—

57 2515 76 2538 »
112 2512 216 2541 rona
237 2496 431 2557 justitiae.
461 2514 480 2536 »
510 2494 588 2539 Ille
617 2495 694 2555 qui
723 2495 877 2538 tribuit
907 2494 1243 2538 misericordiam
1256 2529 1271 2549 ,
1304 2502 1445 2537 servat

102 2600 111 2616 ¹
133 2596 210 2626 Luc.
230 2605 301 2636 xrv,
324 2604 373 2626 10.
391 2610 432 2616 —-
460 2599 473 2615 ²
494 2591 574 2624 Psal.
596 2602 731 2633 Lxxxm,
753 2600 805 2623 12.
831 2608 872 2614 ·-—
894 2589 906 2614 3
931 2602 944 2623 1
966 2590 1045 2623 Tim.
1068 2602 1091 2632 1,
1116 2591 1152 2622 13
1175 2595 1207 2623 et
1232 2591 1281 2623 16.
1303 2607 1343 2612 —-
1362 2589 1377 2619 4
1393 2590 1437 2621 Id.

56 2660 111 2691 xv,
130 2658 166 2681 10
