1926 3339
456 260 534 298 162
880 271 911 297 s.
950 272 1177 298 AUGUS‘HM
1210 271 1391 298 EPlscOPI

443 455 567 472 mm
572 454 773 470 mm
779 454 845 470 Μ
850 454 916 470 m
922 454 986 470 m
992 454 1057 470 §W
1061 454 1195 470 mmmm
1200 454 1266 470 Μ
1271 454 1337 470 m
1343 454 1409 469 ΙἜΜ
1413 452 1618 469 mm=mxm
1622 452 1829 468 mmmm

471 492 497 509 r

463 514 472 541 Ι,

951 571 1260 620 ENARRAT
1267 575 1334 620 10

786 732 847 770 IN
892 731 1191 772 PSALMUM
1226 700 1500 770 ‘L'xxxlvt

919 887 1068 930 Sermo
1089 882 1145 929 ad
1165 882 1354 943 plebem.

504 1024 538 1065 I.
565 1024 805 1066 DEPRECATl
823 1036 971 1066 sumus
989 1021 1227 1066 Dominum
1247 1023 1390 1065 Deum
1410 1028 1608 1065 nostrum
1623 1021 1636 1045 ¹
1649 1054 1663 1076 ‚
1692 1028 1744 1064 ut
1763 1013 1835 1066 os-

443 1091 593 1137 tendat
616 1093 741 1137 nobis
770 1093 1109 1138 misericordiam
1133 1108 1254 1136 suam
1271 1127 1281 1147 ,
1319 1102 1363 1136 et
1389 1091 1576 1136 salutare
1599 1106 1730 1136 suum
1759 1090 1836 1136 det
1877 1099 1879 1102 ⁴

443 1162 582 1206 nobis.
594 1163 778 1206 ‘Dictum
794 1172 858 1207 est
879 1163 963 1207 hoe
977 1162 1157 1223 quidem
1174 1163 1220 1206 in
1234 1163 1463 1222 prophetia
1481 1197 1492 1218 ,
1518 1177 1622 1207 cum
1641 1162 1835 1222 primum
1899 1169 1910 1222 ,j

442 1230 599 1275 Psalmi
620 1232 689 1275 isti
706 1231 960 1277 >dicerentur
981 1242 1025 1276 et
1041 1233 1336 1277 scriberentur
1361 1252 1370 1277 :
1399 1241 1606 1277 caeterum
1629 1230 1750 1292 quod
1773 1239 1835 1275 at-
1896 1225 1904 1276 ζ

439 1301 549 1344 tinet
574 1301 630 1344 ad
671 1302 754 1346 hoc
785 1311 983 1361 tempus,
1021 1303 1111 1362 jam
1143 1301 1334 1347 ostendit
1365 1303 1578 1347 Dominus
1617 1300 1834 1346 Gentibus
1867 1325 1905 1338 -

441 1371 779 1415 misericordiam
800 1388 922 1417 suam
939 1409 949 1428 ,
970 1383 1014 1417 et
1035 1373 1156 1417 dedit
1179 1374 1238 1418 eis
1253 1373 1441 1417 salutare
1463 1388 1608 1418 suum.
1631 1371 1715 1417 Ille
1737 1371 1839 1431 qui·
1900 1392 1909 1435 s

439 1441 540 1485 dem
556 1441 776 1486 ostendit:
803 1442 879 1486 sed
900 1442 1027 1487 multi
1053 1445 1193 1488 sanari
1211 1443 1369 1488 nolunt
1388 1479 1399 1499 ‚
1431 1453 1484 1488 ut
1513 1443 1691 1488 videant
1712 1441 1839 1503 quod
1900 1437 1910 1481 .”

441 1510 646 1554 ostendit.
675 1511 760 1555 Sed
780 1512 881 1571 quia
906 1513 997 1571 ipse
1018 1523 1143 1557 sanat
1163 1514 1312 1558 oculos
1344 1513 1485 1558 cordis
1510 1513 1565 1558 ad
1593 1511 1838 1558 videndum
1876 1554 1881 1560 .

438 1596 507 1638 se3
523 1590 754 1640 propterea
764 1597 867 1626 cum
885 1583 1059 1628 dixisset
1080 1603 1088 1628 z
1108 1584 1335 1628 «Ostende
1355 1585 1480 1628 nobis
1495 1582 1838 1629 misericordiam

442 1670 461 1692 »
497 1659 633 1705 tuam,
667 1669 687 1692 »
709 1659 924 1711 tanquam
955 1653 1104 1698 mthis
1133 1654 1255 1698 caecis
1277 1653 1481 1698 dicturis:
1508 1653 1742 1707 Quomodo
1766 1655 1837 1699 vi-

439 1720 664 1775 debimus,
690 1737 791 1765 cum
809 1723 992 1781 coeperit
1013 1723 1269 1768 ostendere?
1284 1723 1504 1783 adjunxit:
1527 1743 1548 1766 «
1567 1727 1626 1768 Et
1649 1723 1837 1770 salutare
1901 1763 1903 1765 .

442 1808 462 1831 »
501 1799 624 1834 tuum
652 1790 868 1854 danobis.
893 1810 913 1833 »
942 1794 1097 1837 Dando
1119 1794 1235 1837 enim
1257 1794 1443 1838 salutare
1461 1810 1613 1851 suum,
1642 1804 1766 1839 sanat
1786 1795 1836 1839 in

438 1860 564 1904 nobis
589 1859 706 1904 unde
721 1862 931 1921 possimus
953 1863 1240 1924 viderequod
1262 1864 1452 1909 ostendit
1476 1880 1593 1910 :non
1611 1865 1836 1926 quomodo

437 1929 632 1974 medicus
656 1931 788 1976 homo
811 1933 906 1991 i‘pse
934 1943 1079 1988 curat,
1115 1943 1166 1977 ut
1200 1934 1344 1978 lucem
1381 1935 1510 1979 istam
1541 1935 1744 1981 ostendat
1775 1938 1836 1983 eis
1903 1973 1905 1981 .

439 2015 548 2060 quos
565 1996 781 2045 curaverit
802 2018 810 2042 ε
829 2011 873 2046 et
890 2002 1010 2046 aliud
1024 2013 1088 2047 est
1101 2005 1179 2048 ista
1200 2003 1292 2059 lux,
1308 2020 1441 2064 quam
1455 2005 1835 2053 demonstraturus
1901 2011 1906 2027 ³

441 2079 526 2126 est3
556 2069 677 2115 aliud
704 2081 851 2116 autem
872 2073 963 2132 ipse
992 2073 1214 2130 medicus,
1251 2075 1328 2134 qui
1348 2083 1472 2119 curat
1500 2075 1649 2120 oculos
1671 2078 1835 2138 quibus
1900 2098 1905 2103 ·

441 2141 639 2185 ostendat
662 2141 804 2186 lucem
824 2178 835 2197 ,
860 2158 960 2202 quae
982 2142 1058 2187 lux
1077 2159 1166 2188 non
1189 2153 1253 2188 est
1274 2145 1380 2204 ipse.
1405 2148 1504 2191 Non
1526 2161 1630 2205 ergo
1654 2147 1715 2192 sic
1743 2151 1834 2194 Do·
1902 2142 1907 2196 Ῐῒ

439 2211 581 2254 minus
602 2214 716 2255 Deus
732 2221 892 2256 noster.
914 2215 1011 2272 Ipse
1023 2222 1086 2257 est
1099 2214 1216 2258 enim
1237 2214 1431 2259 medicus
1446 2249 1457 2269 ‚
1474 2216 1551 2276 qui
1569 2227 1694 2262 curat
1714 2217 1834 2263 unde
1900 2227 1906 2243 ⁸

440 2280 588 2324 videre
602 2281 826 2339 possimus,
848 2292 890 2326 et
904 2282 995 2341 ipse
1009 2292 1073 2326 est
1092 2282 1167 2326 lux
1181 2299 1312 2343 quam
1326 2284 1475 2329 videre
1497 2287 1722 2344 possimus.
1750 2290 1834 2334 Το-
1902 2279 1905 2323 Q

441 2359 536 2393 tum
561 2359 707 2394 tamen
726 2351 945 2395 Psalmum
967 2352 1168 2408 breviter,
1193 2363 1407 2414 quantum
1423 2371 1674 2414 possumus,
1695 2374 1833 2418 quan·
1887 2347 1889 2351 Α

441 2428 536 2463 tum
560 2419 695 2465 donat
716 2422 925 2466 Dominus
943 2457 954 2477 ‚
987 2438 1068 2482 pro
1089 2424 1286 2482 angustia
1319 2426 1526 2485 temporis
1553 2429 1710 2472 attenti
1726 2444 1831 2474 cur-

445 2504 604 2534 ramus.

492 2590 501 2606 ¹
524 2583 603 2616 Vide
622 2585 658 2617 D.
675 2584 798 2617 Guillon
811 2611 821 2628 ‚
837 2590 916 2619 tom.
938 2592 1015 2629 nir,
1034 2597 1105 2630 pag.
1123 2586 1216 2629 4—12.
