1926 3339
468 257 520 294 78
897 272 930 297 s.
966 270 1195 298 AUGUSTINI
1228 270 1408 301 Efflsco‘m

463 329 604 375 cando
621 331 849 391 dispereat.
873 335 976 377 Haec
998 349 1099 392 ergo
1116 334 1208 392 ipso
1227 336 1388 380 effectu
1409 337 1453 382 in
1472 339 1699 386 hominum
1717 344 1849 389 afflic-

461 400 580 444 tione
596 410 697 445 sunt
717 402 966 446 turbulenta
983 424 993 460 3
1014 403 1056 446 in
1073 404 1145 447 Dei
1158 414 1302 449 autem
1318 405 1594 466 dispositione
1615 412 1847 473 tranquilla

460 479 587 524 sunt,
618 470 688 514 cui
722 471 889 515 dictum
923 482 1014 516 est:
1046 491 1062 512 «
1092 476 1157 517 Tu
1184 485 1358 532 autem,
1385 481 1569 524 Domine
1602 482 1843 540 virtutum,

466 559 483 581 »
521 556 621 584 cum
643 541 956 601 tranquillitate
971 543 1142 603 judicas
1156 546 1187 588 1.
1214 565 1231 587 »
1251 547 1360 592 Satis
1374 558 1522 594 autem
1538 552 1604 596 his
1621 554 1846 600 otenditur

456 612 621 665 verbis,
657 622 833 670 propter
857 623 1030 671 peccata
1057 615 1334 673 hominibus,
1370 619 1473 664 licet
1502 621 1730 680 fidelibus,
1768 626 1845 671 has

454 680 545 722 ficri
570 680 886 726 tribulationes:
904 685 1099 742 quamvis
1113 686 1213 730 hinc
1230 687 1845 754 florescatMartyrumgtoria

453 749 607 792 merito
631 752 865 808 patientiae⁷
885 763 928 797 et
951 754 1020 812 pie
1041 765 1281 802 sustentato
1298 760 1343 802 in
1361 760 1536 819 flagello
1553 764 1728 809 Domini
1749 778 1845 810 mo-

451 816 671 863 deramine
685 820 936 882 disciplinas.
958 828 1050 869 Hoc
1068 828 1306 872 Machabaei
1321 830 1438 875 inter
1455 848 1567 878 saeva
1582 844 1797 881 tormenta
1807 840 1841 893 ²,

451 889 534 932 hoc
556 899 638 934 tres
652 892 731 935 viri
749 893 862 936 inter
880 894 1074 939 innoxias
1098 897 1337 955 ssammas3,
1357 901 1440 946 hoe
1461 905 1691 963 Prophetae
1705 908 1844 952 sancti

450 959 497 1003 in
517 961 766 1019 captivitate
787 973 1016 1009 testantur.
1043 969 1245 1020 Quamvis
1268 971 1384 1015 enim
1417 983 1642 1033 paternam
1664 993 1843 1038 correp-

453 1030 614 1075 tionem
643 1030 870 1077 fortissime
891 1045 934 1079 et
956 1036 1141 1095 piissime
1159 1039 1403 1098 perferant:
1424 1059 1512 1089 non
1534 1055 1681 1091 tamen
1697 1058 1843 1094 tacent

449 1099 544 1145 haec
566 1102 759 1147 accidere
788 1106 948 1150 meritis
978 1119 1275 1167 peccatorum.
1312 1116 1482 1160 Horum
1513 1118 1629 1163 enim
1647 1135 1746 1168 ‚vox
1779 1130 1843 1166 est

447 1179 491 1215 et
519 1171 565 1218 in
589 1172 765 1218 Psalmis
791 1194 801 1220 ε
830 1195 850 1218 «
876 1178 1126 1224 Emendans
1153 1183 1404 1230 emendavit
1428 1201 1498 1231 me
1532 1190 1742 1235 Dominus
1760 1226 1780 1254 ,ι
1798 1200 1843 1236 et

449 1257 471 1281 »
505 1242 635 1286 morti
655 1259 744 1288 non
765 1245 947 1291 tradidit
967 1251 1077 1294 me4.
1104 1250 1317 1310 Flagellat
1336 1256 1454 1300 enim
1475 1273 1651 1304 omnem
1675 1254 1833 1316 filium,

453 1329 471 1351 »
507 1327 639 1370 quem
662 1315 834 1374 recipit.
853 1319 910 1362 Et
925 1319 1022 1379 quis
1039 1329 1104 1366 est
1124 1320 1238 1367 filius
1261 1325 1332 1369 cui
1356 1341 1447 1370 non
1468 1327 1543 1372 det
1562 1329 1846 1390 disciplinam-

451 1397 471 1422 »
506 1391 628 1441 pater
650 1385 796 1444 ejus⁵?
816 1407 833 1428 »
1838 1401 1842 1404 ⁴

507 1454 586 1497 IX.
608 1455 737 1507 Quod
750 1471 852 1501 vero
869 1458 1096 1520 adjungit:
1117 1482 1133 1503 «
1154 1464 1347 1510 Effunde
1360 1467 1468 1513 iram
1489 1479 1607 1516 tuam
1624 1471 1668 1516 in
1687 1482 1838 1532 gentes

449 1538 470 1562 »
505 1538 605 1583 quae
628 1534 670 1569 te
693 1541 783 1571 non
814 1542 1053 1586 noverunt,
1084 1542 1126 1578 et
1147 1534 1191 1578 in
1216 1551 1348 1595 regna
1369 1555 1471 1599 quae
1493 1557 1583 1585 non
1603 1543 1837 1589 invocave-

447 1609 469 1634 >›
503 1604 608 1638 runt
630 1611 792 1642 nomen
816 1602 964 1644 tuum6
987 1618 996 1643 :
1029 1622 1048 1643 »
1076 1605 1204 1650 etiam
1230 1607 1309 1651 ista
1330 1611 1607 1669 prophetatio
1631 1623 1715 1670 est,
1742 1631 1834 1660 non

443 1664 624 1723 optatio.
650 1669 747 1711 Non
767 1669 1081 1717 malevolentiae
1102 1685 1205 1720 voto
1227 1676 1308 1722 ista
1330 1678 1554 1737 dicuntur,
1578 1684 1653 1728 sed
1676 1685 1832 1744 spiritu

442 1735 622 1793 praevisa
645 1737 970 1796 praedicuntur:
995 1745 1106 1789 sicut
1124 1747 1178 1790 de
1195 1750 1221 1791 J
1225 1748 1310 1793 uda
1336 1750 1544 1797 traditore
1561 1788 1572 1808 ‚
1594 1771 1694 1815 quae
1716 1755 1829 1802 mala

441 1803 505 1848 illi
522 1805 696 1852 fuerant
713 1825 792 1868 pro
813 1812 899 1856 suis
919 1815 1082 1859 meritis
1100 1827 1324 1875 eventura,
1344 1821 1403 1866 ita
1425 1825 1682 1883 prophetata
1704 1837 1828 1884 sunt,

439 1877 564 1935 quasi
603 1888 751 1938 optata
786 1882 886 1926 sint.
925 1886 1307 1936 Quemadmodum
1338 1892 1456 1936 enim
1490 1896 1707 1955 Propheta
1739 1914 1832 1943 non

438 1947 622 2007 imperat
653 1951 854 2008 Christo,
891 1958 1089 2014 quamvis
1127 1960 1259 2005 modo
1291 1962 1545 2023 imperativo
1574 1970 1831 2026 pronuntiet

439 2019 560 2078 quod
582 2019 687 2065 dicit
708 2041 717 2067 ;
745 2041 766 2064 «
790 2024 1027 2083 Accingere
1057 2028 1248 2088 gladium
1280 2042 1407 2078 tuum
1441 2036 1554 2082 circa
1576 2037 1720 2084 femur
1746 2057 1829 2101 po-

440 2106 461 2130 »
496 2091 734 2136 tentissime
751 2114 762 2151 3
781 2096 922 2153 specie
940 2106 1016 2142 tua
1034 2109 1078 2143 et
1100 2101 1427 2160 pulchritudine
1449 2116 1544 2164 tua,
1571 2119 1614 2153 et
1629 2110 1825 2169 intende,

439 2175 460 2200 »
496 2169 540 2204 et
567 2177 771 2222 prospere
798 2166 1014 2224 procede,
1047 2179 1089 2213 et
1113 2175 1272 2229 regna⁷
1300 2189 1309 2215 :
1338 2193 1358 2215 >1
1383 2177 1441 2220 ita
1469 2193 1560 2223 non
1583 2190 1725 2239 optat,
1750 2183 1827 2227 sed

436 2232 669 2289 prophetat
686 2235 763 2293 qui
785 2233 891 2280 dicit
918 2256 926 2281 :
958 2256 979 2280 «
1004 2239 1196 2285 Effunde
1217 2243 1326 2289 iram
1348 2254 1467 2290 tuam
1489 2248 1534 2292 in
1562 2261 1710 2308 gentes
1727 2269 1827 2313 quae

441 2319 459 2343 »
495 2310 538 2345 te
569 2318 660 2347 non
692 2315 926 2351 noverunt.
955 2326 976 2350 »
1010 2311 1140 2362 Quod
1170 2328 1291 2358 more
1319 2332 1398 2360 suo
1429 2321 1610 2378 repetit,
1641 2321 1787 2369 dicens
1812 2343 1821 2369 t

439 2389 460 2413 «
493 2374 550 2416 Et
566 2373 611 2417 in
632 2389 764 2434 regna
781 2393 881 2437 quae
898 2395 988 2424 non
1005 2381 1319 2430 invocaverunt
1335 2403 1496 2433 nomen
1517 2401 1656 2438 tuum.
1677 2411 1698 2435 ι)
1714 2397 1825 2440 Nam

436 2451 582 2499 gentes
600 2460 678 2504 per
699 2462 829 2505 regna
852 2451 1047 2509 repetitae
1069 2464 1172 2498 sunt
1196 2473 1205 2501 :
1238 2465 1282 2500 et
1303 2459 1423 2518 quod
1445 2476 1546 2506 eum
1567 2478 1658 2508 non
1688 2480 1824 2515 nove-

484 2543 493 2559 ¹
514 2539 587 2580 Sap.
610 2551 665 2582 xii,
689 2543 803 2574 18.--
827 2550 839 2566 ²
859 2546 992 2578 2Mach.
1016 2558 1062 2579 vn
1078 2573 1086 2589 ,
1114 2560 1124 2579 ι
1139 2574 1147 2589 ,
1163 2557 1199 2589 2,
1217 2556 1280 2582 etc.
1298 2569 1340 2575 —--
1360 2551 1373 2575 3
1391 2557 1470 2587 Dan.
1491 2568 1545 2598 m,
1568 2567 1622 2590 21.
1643 2576 1684 2581 —
1702 2559 1719 2589 4
1739 2561 1817 2594 Psal'.

436 2602 535 2635 cxvn,
559 2597 610 2626 18.
630 2612 672 2618 ·—
686 2595 701 2619 5
716 2598 815 2632 Πρω.
833 2611 887 2642 xii,
905 2602 939 2643 6,
953 2611 984 2644 7.
1006 2617 1043 2625 -—
1060 2602 1075 2625 ὃ
1095 2605 1174 2636 rsal.
1196 2616 1326 2649 Lxxviu,
1345 2609 1378 2641 6.
1402 2627 1443 2633 —
1463 2619 1476 2645 7
1494 2614 1541 2645 Id.
1563 2624 1650 2657 niv,
1668 2613 1702 2658 4,
1717 2615 1749 2648 5.
