1926 3339
435 294 521 333 490
870 306 903 333 s.
939 303 1168 333 Auens-run
1199 306 1382 333 nmscom

432 384 564 430 quam
593 368 836 429 justitiam?
861 368 1054 413 Declines
1086 384 1110 413 a
1135 368 1271 424 malo,
1302 378 1346 413 et
1367 367 1495 413 facias
1510 368 1693 414 bonum.
1718 372 1813 416 Hoc

431 450 577 484 autem
608 455 698 484 non
721 456 744 482 a
771 448 814 482 te
840 439 1021 482 habebis
1048 458 1057 483 2
1087 439 1188 498 quia
1209 439 1310 483 vide
1331 439 1440 499 quid
1465 439 1600 485 dixit:
1635 459 1656 482 «
1682 440 1812 486 Judi-

435 530 453 552 »
488 511 602 555 cium
627 518 670 552 et
686 508 898 568 justitiam
919 509 963 552 in
988 509 1123 552 Jacob
1146 518 1195 552 tu
1211 508 1366 553 fecisti.
1389 528 1410 550 »

489 583 612 624 VIII.
641 598 660 621 «
685 579 882 623 Exaltate
899 580 1133 623 Dominum
1151 582 1288 623 Deum
1302 589 1513 624 nostrum.
1535 582 1682 625 »Vere
1699 581 1814 626 exal-

429 660 537 704 tate,
569 650 681 694 bene
709 650 906 693 exaltate.
937 649 1183 694 Laudemus
1217 650 1366 706 illum,
1398 650 1633 695 exaltemus
1654 652 1781 697 illum
1798 689 1810 709 ,

429 722 503 782 qui
525 721 630 765 feeit
652 721 788 779 ipsam
804 720 1038 780 justitiam,
1066 736 1197 780 quam
1225 722 1460 777 habemus,
1488 722 1578 781 ipse
1610 722 1656 766 in
1686 724 1813 769 nobis

428 791 545 835 lecit.
573 791 816 843 Quisstenim
839 792 884 834 in
906 791 1030 835 nobis
1052 790 1154 835 fecit
1170 792 1406 851 justitiam,
1433 792 1511 836 nisi
1536 793 1612 852 qui
1632 808 1709 837 nos
1720 795 1814 854 jus-

428 863 636 907 tificavit?
652 865 714 906 De'
729 863 901 907 Christo
920 871 1066 906 autem
1083 862 1249 907 dictum
1264 872 1349 917 est,
1375 882 1395 904 «
1412 864 1497 916 Qui
1507 864 1715 924 justificat
1730 865 1813 909 im-

433 953 452 974 »
487 933 652 992 pium1.
683 951 701 974 »
739 935 824 977 Nos
847 948 948 992 ergo
981 933 1128 992 impii,
1159 932 1232 977 ille
1249 934 1529 993 justificator,
1560 934 1737 994 quando
1770 945 1814 981 et

427 1004 563 1063 ipsam
579 1003 790 1062 justitiam
810 1003 900 1062 ipse
922 1004 968 1046 in
990 1004 1115 1048 nobis
1136 1003 1262 1059 fecit,
1287 1020 1374 1065 qua
1394 1003 1457 1048 illi
1474 1004 1741 1064 placeamus,
1762 1015 1813 1051 ut

427 1073 483 1118 ad
504 1074 722 1118 dexteram
748 1091 825 1118 nos
842 1084 1000 1133 ponat,
1021 1084 1064 1119 et
1081 1091 1170 1119 non
1199 1076 1254 1119 ad
1275 1076 1490 1120 sinistram
1515 1095 1524 1120 :
1549 1085 1600 1121 ut
1621 1076 1737 1121 dicat
1757 1077 1813 1122 ad

427 1144 646 1188 dexteram
665 1145 812 1203 positis
827 1179 838 1199 ,
863 1164 883 1186 «
905 1145 1060 1188 Venite
1078 1144 1297 1189 benedicti
1315 1146 1451 1190 Patris
1470 1147 1583 1202 mei,
1602 1147 1813 1207 percipite

428 1233 448 1255 »
484 1229 666 1272 regnum
697 1214 819 1274 quod
838 1215 961 1260 vobis
993 1225 1192 1275 paratum
1221 1225 1284 1260 est
1311 1216 1366 1260 ab
1390 1217 1554 1275 origine
1577 1217 1758 1262 mundi:
1788 1237 1808 1261 »

424 1287 523 1330 Non
545 1294 690 1328 autem
707 1295 842 1344 ponat
863 1285 919 1329 ad
941 1286 1177 1342 sinistram,
1203 1287 1315 1331 inter
1336 1302 1408 1331 eos
1430 1287 1588 1347 quibus
1615 1287 1812 1334 dicturus

425 1365 510 1411 est,
540 1374 560 1398 «
588 1359 652 1400 Ite
671 1357 714 1400 in
740 1356 887 1415 ignem
909 1367 1121 1401 aeternum
1135 1393 1145 1413 ,
1164 1358 1241 1418 qui
1262 1367 1528 1418 praeparatus
1550 1367 1614 1403 est
1634 1359 1810 1406 diabolo

427 1446 447 1468 »
483 1436 526 1472 et
549 1428 709 1486 angelis
732 1430 824 1488 ejus
839 1432 872 1472 2.
888 1447 908 1470 »
927 1430 1009 1482 Qui
1025 1429 1071 1473 in
1092 1430 1218 1474 nobis
1237 1439 1521 1475 coronaturus
1534 1440 1597 1475 est
1617 1447 1708 1475 non
1724 1447 1810 1477 me-

423 1499 504 1542 rita
517 1508 663 1543 nostra
675 1535 685 1554 ,
702 1499 777 1543 sed
791 1499 905 1544 dona
923 1515 999 1544 sua
1014 1536 1024 1555 ,
1042 1510 1257 1560 quantum
1275 1500 1406 1546 debet
1426 1501 1631 1546 exaltari?
1649 1521 1668 1544 α
1682 1494 1811 1547 Exal-

426 1587 445 1609 »
481 1579 569 1614 tate
589 1570 826 1614 Dominum
848 1576 983 1614 Deum
1004 1580 1217 1615 nostrum.
1256 1589 1276 1612 »

482 1643 560 1685 IX.
591 1660 610 1682 «
628 1644 683 1685 Et
701 1641 876 1685 adorate
889 1641 1128 1685 scabellum
1146 1642 1309 1702 pedum
1330 1643 1420 1702 ejus
1432 1677 1442 1697 ,
1457 1643 1666 1702 quoniam
1686 1659 1811 1689 sanc-

423 1730 444 1754 »
479 1722 549 1756 tus
566 1714 669 1756 est-²³.
701 1732 718 1753 »
746 1712 861 1765 Quid
883 1713 1093 1757 habemus
1116 1713 1324 1758 adorare?
1344 1733 1363 1755 «
1385 1713 1628 1758 Scabellum
1646 1715 1810 1774 pedum

423 1802 442 1824 »
479 1784 585 1842 ejus.
615 1801 634 1824 »
664 1782 999 1843 Suppedaneum
1028 1783 1189 1828 dieitur
1215 1783 1468 1828 scabellum.
1502 1784 1632 1838 Quod
1655 1785 1810 1832 dicunt

420 1854 558 1898 Graeci
580 1860 764 1901 ὑπιπᾰδιεν,
788 1853 992 1898 dixerunt
1013 1854 1155 1898 Latini
1182 1873 1202 1897 «
1229 1854 1478 1899 Scabellum
1505 1875 1514 1900 2
1541 1874 1562 1897 »
1583 1865 1627 1900 et
1649 1855 1720 1900 alii
1741 1857 1811 1901 di-

418 1934 589 1980 xerunt,
601 1944 619 1967 «
637 1923 963 1984 Suppedanum.
975 1944 994 1966 «
1009 1924 1093 1969 Sed
1105 1925 1264 1980 videte,
1279 1925 1448 1980 fratres,
1460 1925 1568 1985 quid
1576 1928 1670 1987 nosj
1678 1927 1808 1973 ubeat

417 1996 610 2040 adorare.
631 1995 728 2040 Alio
750 1995 847 2040 loco
864 1995 1184 2055 Scripturarum
1197 1995 1372 2051 dicitur,
1394 2015 1411 2036 «
1431 1995 1604 2041 Coelum
1618 1997 1725 2041 mihi
1740 2013 1807 2042 se-

420 2085 440 2108 »
458 2066 532 2111 des
557 2077 634 2122 est,
658 2077 770 2112 terra
792 2076 938 2111 autem
954 2066 1194 2111 scabellum
1209 2067 1373 2126 pedum
1391 2081 1588 2111 meorum
1601 2068 1632 2111 ⁴.
1651 2085 1671 2108 »
1687 2071 1806 2129 Ergo

416 2146 575 2182 terram
583 2154 661 2182 nos
665 2138 792 2198 jubet
802 2137 997 2192 adorare,
1011 2138 1112 2197 quia
1124 2136 1233 2181 dixit
1245 2136 1328 2181 alio
1340 2136 1438 2181 loco
1447 2137 1566 2198 quod
1577 2140 1631 2182 sit
1643 2139 1805 2184 scabel-

415 2207 508 2251 lum
517 2208 678 2267 pedum
689 2208 763 2252 Dei
773 2210 790 2252 3>
800 2211 855 2252 Et
867 2207 1090 2267 quomodo
1106 2207 1383 2252 adorabimus
1392 2217 1568 2263 terram,
1580 2224 1679 2252 cum
1688 2208 1804 2254 dicat

416 2287 563 2337 aperte
589 2279 831 2338 Scriptura,
858 2278 1092 2322 Dominum
1116 2281 1253 2321 Deum
1278 2287 1404 2321 tuum
1431 2277 1676 2323 adorabis⁵P
1700 2297 1721 2321 »
1747 2283 1803 2325 Et

414 2349 485 2392 hic
517 2348 647 2402 dicit,
678 2369 697 2390 «
724 2349 912 2393 Adorate
934 2348 1171 2394 scabellum
1204 2349 1365 2408 pedum
1389 2350 1508 2409 ejus:
1535 2368 1555 2390 »
1581 2365 1802 2409 exponens

415 2428 559 2462 autem
578 2419 685 2462 mihi
701 2419 821 2479 quod
843 2420 897 2463 sit
913 2418 1148 2463 scabellum
1163 2419 1325 2479 pedum
1345 2421 1435 2480 ejus
1452 2455 1462 2475 ,
1479 2419 1605 2475 dicit,
1630 2439 1650 2463 «
1671 2424 1800 2466 Terra

417 2507 438 2530 »
473 2499 618 2533 autem
633 2490 872 2535 scabellum
889 2489 1052 2550 pedum
1069 2499 1281 2535 meorum.
1298 2510 1318 2532 »
1335 2494 1505 2550 Anceps
1523 2490 1660 2536 factus
1673 2507 1769 2536 sum
1787 2511 1796 2536 :

463 2592 473 2608 ¹
493 2587 584 2617 Rom.
603 2596 647 2626 lv,
667 2585 697 2618 5.
721 2603 763 2608 —
783 2593 796 2608 ²
815 2586 928 2618 Matth.
955 2597 1036 2625 xxv,
1059 2585 1099 2628 34
1117 2590 1152 2618 et
1170 2585 1225 2629 41.
1241 2604 1283 2609 —
1311 2585 1324 2610 3
1342 2570 1426 2619 Psal.v
1447 2597 1556 2629 xcvm,
1575 2586 1607 2621 5.
1632 2605 1674 2611 —-
1687 2586 1705 2617 lo
1725 2589 1796 2620 lsai.

416 2652 499 2682 Lim,
522 2653 548 2672 1.
573 2659 614 2665 —-
631 2639 645 2663 5
661 2644 753 2675 Deut.
774 2654 820 2684 vr,
838 2643 890 2684 13,
908 2647 941 2675 et
959 2643 1071 2675 Matth.
1091 2655 1136 2685 iv,
1163 2655 1212 2677 10.
