1926 3339
456 333 540 372 434
875 342 909 370 s.
944 342 1174 372 Auens'rnu
1207 344 1388 376 nmscom

443 409 516 453 nia
536 406 738 453 adversus
755 408 1008 463 Dominum,
1027 417 1070 453 et
1086 407 1291 454 adversus
1306 408 1529 454 Christum
1543 408 1684 468 ejus1?
1699 409 1834 453 Num-

441 479 550 539 quid
582 477 646 523 issi
665 479 778 523 tauri
812 479 991 539 pingues
1014 495 1103 523 non
1125 479 1507 524 circumdederunt
1540 480 1671 522 eum?
1694 480 1835 523 Num-

442 549 550 609 quid
574 564 664 594 non
684 548 753 594 leo
769 549 844 593 isse
866 549 1041 608 rugiens
1067 548 1244 593 fremuit
1265 565 1392 609 super
1413 548 1582 605 illum&
1608 557 1651 592 et
1667 548 1833 593 intrans

442 619 489 663 in
509 619 640 664 corda
656 619 927 664 saevientium
949 619 1218 674 exclamavit,
1244 638 1265 662 «
1289 620 1522 678 Crucifige,
1546 619 1771 678 crucifige3
1791 636 1829 662 2»

442 690 566 750 quasi
598 689 670 733 ille
691 690 774 734 isto
807 688 987 733 fremitu
1016 698 1248 734 terreretur
1275 690 1350 749 qui
1389 708 1409 731 «
1448 690 1665 733 Terribilis
1708 697 1786 744 est,
1810 706 1832 741 η

439 775 530 804 non
562 775 692 819 super
719 774 868 804 omnes
896 760 1110 815 homines,
1137 759 1213 804 sed
1250 778 1271 802 «
1304 763 1442 819 Super
1472 775 1621 804 omnes
1656 758 1786 803 deos?
1809 776 1828 800 »

444 830 528 874 Ubi
550 830 668 874 enim
693 829 790 875 vult
810 830 1024 874 aedificare
1046 829 1248 886 domum,
1274 829 1395 875 locus
1417 831 1507 890 ipse
1529 830 1723 889 sylvosus
1751 837 1830 884 est,

442 901 560 944 unde
581 899 749 945 dictum
772 910 836 945 θεῖ
850 936 861 952 ,
879 901 1081 946 hesterno
1104 900 1174 945 die
1191 936 1202 956 ,
1222 920 1243 943 «
1267 902 1521 946 Invenimus
1541 916 1636 946 eam
1657 901 1704 944 in
1720 914 1833 944 cam-

442 988 464 1012 «
497 970 562 1030 pis
583 970 716 1029 sylvae
732 972 764 1015 4.
805 974 1032 1015 »Domum
1059 971 1176 1015 enim
1202 972 1338 1031 ipsam
1362 972 1614 1031 quaerebat,
1639 986 1742 1015 cum
1767 968 1834 1014 di-

437 1050 554 1085 ceret
572 1059 593 1083 «
609 1043 662 1085 In
683 1041 845 1101 campis
868 1041 1046 1099 sylvae.»
1063 1045 1118 1086 Et
1133 1041 1252 1086 unde
1276 1040 1473 1100 sylvosus
1497 1050 1560 1086 est
1586 1040 1708 1085 locus
1730 1038 1834 1083 ille?

441 1111 678 1161 Simulacra
704 1111 908 1156 colebant
941 1112 1138 1156 homines
1161 1131 1169 1156 :
1209 1128 1299 1156 non
1327 1112 1514 1168 mirum,
1551 1111 1653 1171 quia
1680 1124 1833 1170 porcos

436 1182 686 1240 pascebant.
711 1181 848 1226 Filius
869 1182 986 1226 enim
1013 1181 1086 1225 ille
1117 1191 1230 1235 erat,
1267 1182 1344 1242 qui
1371 1182 1532 1227 dimisit
1564 1191 1752 1242 patrem,
1791 1188 1835 1223 et

437 1251 583 1296 omnia
612 1267 689 1296 sua
721 1252 991 1312 consumpsit
1022 1252 1067 1296 in
1089 1252 1391 1297 meretricibus
1408 1288 1418 1308 ‚
1443 1253 1593 1298 vivens
1623 1251 1834 1311 prodige3

437 1323 642 1381 pascebat
675 1325 871 1382 porcos⁵‚
893 1324 937 1367 id
955 1333 1018 1368 est
1031 1358 1042 1379 ,
1059 1323 1232 1368 colebat
1245 1325 1463 1369 daemonia
1484 1344 1492 1370 2
1510 1334 1553 1369 et
1571 1325 1662 1384 ipsa
1679 1338 1833 1382 super-

437 1393 611 1437 stitione
633 1393 890 1449 Genffllium,
912 1393 1034 1452 sylva
1057 1394 1173 1439 facta
1192 1404 1284 1439 erat
1305 1396 1446 1440 omnis
1460 1404 1588 1439 terra.
1605 1394 1691 1439 Sed
1707 1394 1837 1438 extir-

439 1474 514 1523 pat
528 1463 697 1522 sylvam
717 1465 994 1525 quiaedificat
1012 1464 1193 1510 domum
1224 1475 1293 1511 :et
1313 1476 1542 1526 propterea
1564 1465 1731 1510 dictum
1751 1473 1833 1520 est,

443 1553 465 1577 «
499 1537 612 1581 Cum
632 1536 789 1581 domus
806 1536 1095 1581 aedificaretur
1115 1545 1215 1596 post
1238 1537 1550 1596 captivitatem.
1570 1555 1590 1578 »
1615 1536 1838 1580 Teneban-

438 1614 510 1649 tur
528 1606 644 1650 enim
666 1607 862 1652 homines
881 1606 1040 1666 captivi
1065 1606 1147 1650 sub
1171 1606 1346 1651 diabolo
1364 1642 1375 1662 ‚
1402 1616 1446 1651 et
1463 1607 1737 1651 daemonibus
1749 1621 1837 1650 ser-

442 1677 619 1722 viebant
640 1697 648 1722 z
673 1678 749 1723 sed
771 1677 985 1738 redempti
1006 1687 1108 1722 sunt
1131 1694 1156 1722 a
1177 1675 1439 1737 captivitate.
1468 1677 1667 1722 Vendere
1695 1693 1739 1722 se
1757 1693 1837 1737 po-

440 1758 646 1805 tuerunt,
669 1751 744 1794 sed
766 1749 977 1794 redimere
999 1765 1087 1794 non
1110 1758 1366 1809 potuerunt.
1392 1750 1523 1794 Venit
1539 1750 1808 1809 Redemptor
1822 1783 1834 1805 ,

439 1828 484 1864 θῖ
517 1820 637 1864 dedit
676 1821 890 1880 pretium3
925 1819 1041 1865 fudit
1069 1821 1325 1879 sanguinem
1352 1836 1508 1877 suum,
1545 1822 1650 1865 emit
1687 1822 1838 1866 orbem

442 1899 671 1935 terrarum.
694 1893 890 1946 Quaeritis
912 1892 1020 1953 quid
1048 1892 1232 1936 emerit?
1263 1892 1419 1937 Videte
1438 1892 1547 1953 quid
1573 1892 1764 1948 dederit,
1795 1900 1839 1936 et

443 1960 635 2007 invenite
653 1963 761 2023 quid
782 1963 948 2007 emerit.
984 1963 1162 2021 Sanguis
1183 1963 1364 2019 Christi,
1388 1964 1577 2023 pretium
1600 1972 1679 2008 θεῖ.
1710 1963 1837 2007 Tanti

440 2033 549 2093 quid
564 2033 709 2078 valet?
726 2034 869 2090 Quid,
897 2033 981 2078 nisi
1005 2043 1122 2078 totus
1139 2033 1281 2078 orbis?
1302 2033 1409 2094 quid
1422 2069 1433 2090 ‚
1459 2034 1541 2078 nisi
1558 2049 1709 2079 omnes
1729 2049 1838 2093 gen-
1867 2043 1870 2045 ’

441 2112 504 2148 ῖθε
521 2106 540 2148 P
557 2104 694 2150 Valde
715 2106 872 2165 ingrati
900 2116 1002 2150 sunt
1028 2105 1167 2165 pretio
1195 2121 1298 2160 suo,
1332 2114 1407 2149 aut
1435 2105 1626 2149 multum
1659 2104 1838 2165 superbi

443 2185 568 2232 sunt,
605 2178 683 2238 qui
719 2177 874 2222 dicunt
918 2186 993 2221 aut
1024 2176 1136 2221 illud
1166 2169 1257 2221 tam
1286 2192 1471 2236 parvum
1501 2192 1612 2233 esse,
1649 2186 1698 2222 ut
1725 2176 1837 2222 solos

444 2247 572 2292 Atros
590 2249 764 2306 emerit3
790 2258 866 2292 aut
897 2263 941 2292 se
965 2257 1054 2291 tam
1077 2263 1256 2306 magnos
1290 2263 1405 2303 esse,
1441 2263 1520 2307 pro
1550 2248 1709 2308 quibus
1736 2247 1837 2292 solis

443 2316 554 2362 illud
576 2319 629 2362 sit
647 2318 815 2363 datum.
837 2321 934 2364 Non
960 2334 1063 2377 ergo
1092 2317 1285 2362 exultent
1303 2353 1314 2373 ,
1337 2334 1427 2362 non
1449 2319 1704 2378 superbiant
1727 2338 1736 2364 :
1757 2334 1838 2378 pro

443 2397 537 2433 toto
558 2388 700 2445 dedit,
717 2398 933 2449 quantum
954 2388 1090 2433 dedit.
1111 2388 1242 2434 Novit
1264 2388 1373 2448 quid
1395 2390 1567 2445 emerit,
1591 2390 1693 2450 quia
1716 2389 1839 2435 novit

444 2461 599 2519 quanti
622 2460 788 2504 emerit.
817 2459 925 2503 Inde
941 2459 1042 2519 quia
1066 2457 1279 2518 redempti
1296 2474 1468 2515 sumus,
1488 2469 1586 2520 post
1606 2460 1837 2520 captivita-

445 2539 535 2574 tem
563 2530 804 2575 aedificatur
833 2531 1004 2575 domus.
1031 2533 1088 2574 Et
1109 2531 1186 2590 qui
1208 2540 1309 2575 sunt
1339 2532 1416 2592 qui
1444 2548 1522 2576 nos
1550 2532 1760 2585 tenebant
1791 2533 1839 2577 in

496 2634 503 2649 ¹
522 2626 601 2659 Psal.
620 2639 654 2665 ιι,
676 2640 704 2660 1.
727 2645 767 2651 —-
784 2635 796 2650 ²
815 2628 860 2660 Id.
883 2638 937 2660 xm
952 2653 960 2669 ‚
985 2625 1155 2668 13‚14.—
1172 2625 1185 2649 3
1206 2628 1421 2660 Mattl1.xxvu
1438 2654 1446 2670 ‚
1467 2628 1520 2660 23.
1544 2645 1586 2652 —·
1611 2627 1626 2658 l,
1650 2629 1728 2662 Vide
1742 2631 1839 2662 Enar-

448 2688 508 2715 rat.
525 2684 556 2715 in
575 2684 730 2716 Psalmum
743 2694 847 2725 cxxxx,
866 2694 896 2714 n.
923 2694 972 2714 11.
996 2699 1035 2705 --
1055 2681 1069 2705 5
1088 2684 1164 2715 Luc.
1186 2694 1240 2724 xv,
1264 2683 1382 2715 12-15.
