1926 3339
352 243 592 272 ENARRATIO
628 246 668 271 m
705 245 904 272 PSALMUM
939 247 1122 273 Lxxvm.
1372 238 1424 273 77

45 331 65 352 «
101 309 261 354 Vicinis
290 310 468 365 nostris,
493 327 513 350 »
539 310 622 353 hoc
651 310 893 369 repetitum
912 319 1000 355 est:
1030 330 1049 352 «
1076 311 1146 354 Eis
1170 312 1245 370 qui
1274 312 1319 354 in
1342 314 1427 356 cir-

47 400 67 422 »
102 382 222 426 cuitu
240 389 388 425 nostro
411 389 527 424 sunt.
559 398 578 420 »
607 379 793 425 Proinde
813 380 1054 425 secuudum
1076 380 1313 425 Jerusalem
1340 392 1428 426 ter-

41 466 190 495 renam
208 451 359 506 vicini,
377 460 420 494 et
441 450 486 494 in
509 450 692 495 circuitu
710 451 848 509 gentis
868 452 975 511 ejus,
995 451 1148 511 utique
1162 451 1257 495 aliae
1281 461 1428 511 gentes

43 521 360 580 intelliguntur.
377 520 627 566 Secundum
641 530 785 566 autem
795 520 1035 565 Jerusalem
1051 521 1233 566 liberam
1245 531 1428 566 matrem

42 601 233 638 nostram
251 628 261 648 ,
288 593 416 636 vieini
440 601 541 636 sunt
563 601 606 636 et
630 593 673 636 in
696 592 881 636 circuitu
915 593 1028 652 ejus,
1060 592 1172 636 inter
1203 608 1311 653 quos
1342 593 1429 636 ini-

42 663 176 708 micos
197 679 296 708 suos
318 663 487 708 habitat
510 662 701 708 Ecclesia
718 663 764 706 in
786 663 972 707 circuitu
993 663 1109 707 orbis
1126 672 1352 707 terrarum.

101 736 220 778 VIII.
247 733 412 778 Deinde
438 735 528 794 jam
561 732 833 777 manifestam
866 748 1040 792 precem
1075 732 1286 789 fundens,
1311 734 1430 778 unde

41 804 309 864 intelligatur
336 805 566 864 superioris
589 803 832 848 afflictionis
854 805 1207 848 commemoratio
1229 820 1318 849 non
1341 819 1429 848 esse

42 875 166 935 quasi
198 873 431 929 indicatio,
474 874 549 919 sed
581 873 822 933 deploratio
855 893 863 917 ε
897 893 917 915 «
946 875 1182 934 Usquequo
1203 909 1214 928 ‚
1251 874 1426 934 inquit,

46 964 65 987 »
102 946 308 1001 Domine,
337 945 528 990 irasceris
545 945 590 987 in
608 944 756 999 finem,
782 944 1027 989 exardescet
1048 944 1169 989 velut
1185 945 1297 1004 ignis
1315 944 1430 988 zelus

46 1034 66 1058 n
101 1024 203 1060 tuus
219 1017 264 1059 ¹?
283 1034 303 1057 »
332 1018 474 1075 Rogat
496 1015 648 1075 utique
676 1030 731 1058 ne
753 1017 868 1059 Deus
890 1030 1029 1075 usque
1049 1016 1094 1058 in
1121 1016 1251 1059 finem
1274 1015 1431 1060 irasca-

44 1097 131 1143 tur,
157 1087 203 1131 id
220 1096 305 1142 est,
332 1103 387 1131 ne
408 1085 482 1131 illa
504 1096 623 1131 tanta
644 1101 842 1145 pressura
870 1095 913 1130 et
940 1085 1165 1131 tribulatio
1188 1096 1319 1147 atque
1335 1102 1432 1131 vas-

43 1158 150 1203 tatio
170 1173 309 1219 usque
330 1158 375 1201 in
400 1158 533 1201 finem
555 1166 799 1217 perseveret
825 1172 833 1197 :
860 1156 935 1201 sed
957 1166 1170 1218 temperet
1191 1158 1432 1217 correptio-

45 1244 144 1273 nem
168 1244 289 1273 suam
305 1264 316 1284 ,
343 1228 583 1273 secundum
600 1227 711 1272 illud
732 1227 853 1288 quod
875 1229 921 1272 in
939 1227 1023 1273 alio
1046 1229 1218 1273 Psalmo
1240 1228 1400 1273 dicitur
1420 1248 1428 1273 ε

50 1318 70 1342 α
103 1300 279 1345 (libabis
301 1315 380 1344 nos
401 1315 514 1359 pane
535 1299 826 1357 lacrymarum
846 1335 856 1354 ,
877 1308 919 1343 et
941 1300 1110 1359 potabis
1132 1316 1209 1344 nos
1225 1300 1271 1343 in
1293 1299 1436 1358 lacry-

48 1389 68 1412 >›
102 1370 183 1415 mis
204 1370 250 1414 in
273 1373 515 1414 mensura2.
540 1388 560 1410 »
582 1372 714 1423 Nam,
744 1389 764 1412 (ι
789 1373 1052 1430 Quousque,
1095 1372 1300 1426 Domine,
1329 1371 1434 1415 iras-

50 1461 70 1484 »
105 1442 211 1486 ceris
231 1441 276 1485 in
295 1442 458 1485 finem?
483 1459 502 1481 >›
528 1441 587 1485 ita
611 1440 776 1485 dictum
802 1451 890 1497 est,
918 1457 966 1486 ac
984 1442 1018 1485 si
1040 1442 1255 1485 diceretur
1275 1457 1283 1483 :
1305 1441 1403 1486 Noli
1422 1477 1432 1496 ⁷

48 1512 232 1557 Domine
247 1547 258 1567 ‚
283 1511 406 1556 irasci
423 1511 469 1555 in
490 1511 638 1555 finem.
666 1513 724 1555 Et
740 1512 784 1554 in
802 1527 854 1556 eo
871 1512 991 1572 quod
1009 1511 1204 1572 sequitur
1228 1531 1234 1556 :
1260 1531 1279 1554 «
1302 1514 1437 1556 Exar-

51 1602 71 1625 »
106 1583 252 1628 descet
272 1582 394 1628 velut
415 1582 527 1642 ignis
551 1583 667 1626 zelus
689 1591 817 1638 tuus,
846 1601 865 1623 >›
903 1591 1141 1643 utrumque
1173 1581 1438 1627 subaudien-

49 1653 156 1699 dum
178 1663 265 1709 est,
290 1663 349 1709 et,
366 1655 658 1714 «Quousque,
684 1671 704 1694 »
731 1663 798 1708 et,
827 1671 845 1692 «
875 1656 926 1697 In
949 1654 1111 1697 finem:
1138 1674 1154 1694 »
1181 1669 1230 1698 ac
1261 1653 1294 1697 si
1322 1652 1440 1698 dice-

50 1734 169 1769 retur
202 1744 210 1768 :
249 1726 487 1784 Quousque
528 1722 775 1768 exardescet
810 1722 929 1768 velut
968 1724 1075 1781 ignis
1110 1723 1226 1768 zelus
1262 1733 1363 1768 tuus
1395 1724 1441 1767 in

50 1796 210 1840 finem?
231 1798 340 1840 Nam
363 1796 422 1839 ita
442 1795 513 1839 hic
543 1795 631 1839 duo
654 1795 732 1839 ista
755 1795 1057 1840 subaudienda
1080 1805 1203 1850 sunt,
1236 1796 1347 1840 sicut
1367 1811 1441 1839 su-

52 1866 195 1926 perius
219 1881 360 1910 unum
382 1864 494 1910 illud
519 1864 639 1926 quod
655 1866 823 1910 dictum
846 1876 908 1910 est
924 1902 934 1921 ‚
967 1885 985 1907 «
1012 1870 1271 1911 Posuerunt.
1296 1887 1313 1907 »
1333 1869 1443 1910 Nam

53 1952 154 1982 cum
175 1937 334 1981 habeat
354 1937 475 1997 prior
505 1937 717 1981 sententia
739 1957 747 1981 z
777 1956 796 1978 «
823 1941 1069 1982 Posuerunt
1095 1938 1322 1981 morticina
1355 1952 1444 1980 ser-

57 2028 77 2050 »
110 2023 267 2053 vorum
301 2017 479 2053 tuorum
508 2023 622 2052 escas
654 2007 904 2052 volatilibus
938 2007 1038 2052 coeli
1063 2028 1070 2052 :
1095 2027 1113 2049 ³>
1142 2009 1224 2053 hoc
1258 2008 1443 2052 verbum

54 2080 263 2140 posterior
286 2096 375 2124 non
393 2080 551 2134 habet,
576 2078 654 2122 ubi
677 2079 843 2123 dictum
860 2088 923 2123 est
946 2099 952 2123 z
977 2099 994 2120 (ι
1015 2081 1175 2124 Carnes
1195 2089 1443 2124 sanctorum

58 2169 78 2192 n
114 2159 290 2195 tuorum
325 2150 469 2194 bestiis
505 2160 629 2194 terrae
657 2170 665 2194 ;
694 2169 714 2191 η
746 2149 822 2194 scd
852 2150 1111 2194 subauditur
1143 2151 1296 2211 utique
1324 2150 1446 2211 quod

55 2223 190 2267 habet
212 2223 422 2282 superior,
446 2242 465 2264 «
488 2226 747 2267 Posuerunt.
769 2240 788 2263 ι)
815 2225 882 2265 Ira
901 2238 1030 2282 porro
1049 2232 1090 2266 et
1108 2222 1223 2266 zelus
1245 2223 1336 2277 Dei‚
1357 2237 1447 2266 non

58 2303 158 2338 sunt
180 2294 529 2354 perturbationes
558 2294 657 2349 Dei3
693 2294 803 2337 sicut
828 2292 1029 2337 nonnulli
1066 2293 1307 2353 Scripturas
1340 2308 1447 2353 quas

60 2380 149 2409 non
178 2363 472 2424 intelligunt³‚
509 2373 697 2424 arguunt
728 2384 736 2408 :
768 2364 843 2408 sed
871 2365 1048 2408 nomine
1084 2364 1158 2407 irae
1191 2363 1447 2422 intelligitur

60 2434 253 2480 vindicta
284 2435 550 2495 iniquitatis,
592 2435 769 2479 nomine
805 2433 885 2478 zeli
921 2435 1088 2479 exactio
1129 2435 1358 2491 castitatis3
1393 2449 1447 2477 ne

63 2505 205 2550 anima
226 2505 368 2565 legem
394 2505 566 2550 Domini
585 2505 651 2549 sui
675 2514 949 2560 contemnat,
980 2514 1023 2550 et
1057 2523 1080 2550 a
1100 2509 1188 2551 Deo
1207 2521 1283 2550 suo
1307 2505 1445 2549 forni-

112 2597 120 2613 ¹
144 2590 228 2622 Psal.
246 2601 380 2632 mxxviii,
402 2590 431 2623 5.
450 2607 491 2613 -
517 2597 528 2613 ²
555 2591 600 2622 Id.
624 2600 731 2632 mcxix,
751 2590 782 2622 6.
805 2607 844 2612 -
871 2588 883 2612 3
904 2590 1076 2623 Manichaei.
