1926 3339
374 294 613 326 ENARRATIO
646 301 690 326 m
723 299 925 327 PsALMUM
959 301 1120 327 Lxxvn.
1375 293 1424 330 41

48 367 160 425 ipsos
181 375 224 410 et
243 366 289 409 in
310 380 461 409 eorum
483 364 692 409 inimicos.
714 368 823 418 Quae
845 366 877 408 si
897 380 985 408 non
1009 365 1330 418 obliviscamur,
1355 366 1431 410 sed

47 438 93 481 in
115 440 205 481 Deo
235 452 354 496 spem
379 445 572 480 nostram
599 451 812 495 ponamus
829 471 839 489 ‚
868 452 949 480 nec
976 436 1108 494 ipsius
1132 436 1280 494 gratiae
1301 437 1432 480 simus

46 508 225 566 ingrati3
251 523 439 567 eumque
472 508 722 561 timeamus,
751 523 841 551 non
863 509 1017 551 timore
1039 505 1208 560 servili,
1236 522 1324 566 quo
1341 506 1431 550 sola

45 577 159 621 mala
192 578 430 637 corporalia
468 576 790 629 formidantur,
827 577 901 620 sed
930 577 1084 621 timore
1117 585 1234 620 casto
1257 591 1430 634 perma-

45 658 177 692 nente
197 649 242 692 in
264 647 472 692 saeculum
496 646 642 691 saeculi
658 683 668 701 ‚
689 648 765 707 qui
786 647 917 691 timor
939 662 1140 705 magnam
1162 662 1249 690 esse
1263 645 1432 706 judicat

43 732 220 776 poenam
258 719 416 776 privari
438 718 538 762 luce
560 718 770 778 justitiae3
804 734 893 762 non
930 718 1189 771 efficiemur,
1221 726 1432 777 tauquam

44 796 187 846 patres
214 786 308 841 illi,
342 789 562 846 generatio
596 804 728 846 prava
761 797 803 831 et
832 787 1081 830 amaricans.
1121 789 1250 830 Terra
1285 787 1433 845 itaque

44 858 226 917 AEgypti
248 858 293 900 in
332 859 469 915 figura
502 856 784 915 intelligenda
806 866 870 900 est
900 857 1030 916 hujus
1059 855 1221 900 sscculi.
1243 858 1434 915 Campus

46 928 244 971 Thaneos
266 927 466 986 planities
493 937 558 971 est
590 926 785 970 mandati
816 926 1008 970 humilis.
1039 929 1150 970 Nam
1178 925 1435 969 mandatum

43 997 210 1041 humile
233 997 544 1056 interpretatur
568 997 741 1041 Thanis.
772 1000 824 1040 In
841 997 925 1041 hoc
948 1012 1051 1056 ergo
1069 996 1230 1041 saeculo
1252 996 1435 1040 humili-

44 1069 142 1113 tatis
167 1068 425 1113 mandatum
448 1069 729 1129 suscipiamus
746 1103 757 1124 ‚
784 1078 835 1112 ut
856 1070 901 1112 in
924 1068 1008 1112 alio
1029 1067 1188 1113 saeculo
1211 1067 1436 1113 exaltatio-

42 1155 143 1183 nem
159 1175 169 1195 ,
195 1156 327 1200 quam
345 1140 543 1199 promisit
558 1140 634 1199 qui
655 1148 835 1199 propter
858 1155 936 1184 nos
953 1139 1025 1184 hic
1043 1138 1183 1184 factus
1204 1148 1268 1184 est
1288 1140 1436 1184 humi-

45 1209 96 1254 lis
111 1246 121 1264 ,
149 1212 343 1271 accipere
362 1226 622 1255 mereamur.

100 1282 227 1324 XIII.
253 1283 363 1326 Nam
387 1281 462 1340 qui
488 1301 507 1322 «
529 1280 723 1340 Disrupit
742 1295 885 1335 mare,
911 1290 954 1324 et
975 1281 1145 1340 traJ'ecit
1165 1295 1263 1336 eos,
1286 1280 1436 1324 statuit

43 1368 65 1391 »
101 1366 234 1410 aquas
269 1351 389 1411 quasi
425 1352 471 1395 in
505 1353 650 1395 utres1
666 1386 677 1405 ,
712 1359 764 1395 ut
801 1351 860 1395 sic
896 1359 1028 1394 staret
1067 1349 1187 1394 unda
1223 1359 1434 1410 tanquam

40 1419 194 1465 suisset
220 1421 385 1465 inclusa
414 1441 421 1466 :
442 1429 587 1480 potest
619 1436 697 1480 per
724 1436 845 1464 suam
869 1421 1051 1479 gratiam
1074 1420 1280 1464 cohibere
1301 1419 1436 1464 fluida

41 1500 84 1534 et
111 1491 303 1535 labentia
336 1491 787 1551 concupiscentiarum
810 1490 1050 1535 carnalium
1067 1526 1077 1545 ,
1109 1506 1210 1534 cum
1232 1490 1436 1534 huic'sae-

41 1561 140 1607 culo
166 1562 463 1617 renuntiatur,
493 1571 544 1606 ut
575 1571 789 1622 tanquam
809 1561 996 1605 inimicis
1019 1561 1207 1620 peccatis
1230 1560 1435 1604 omnibus

39 1632 272 1692 perdeletis
299 1632 496 1677 fidelium
516 1633 706 1693 populus
723 1649 801 1692 per
824 1642 1146 1676 sacramentum
1164 1631 1435 1691 baptismatis

40 1703 292 1763 trajiciatur.
315 1705 401 1757 Qui
433 1724 453 1746 «
477 1703 666 1748 Deduxit
693 1719 764 1748 eos
786 1704 832 1747 in
850 1703 970 1747 nube
992 1701 1077 1746 diei
1095 1738 1105 1757 ,
1130 1711 1174 1746 et
1195 1711 1287 1746 tota
1306 1711 1435 1746 nocte

42 1791 62 1813 n
96 1773 143 1816 in
163 1771 484 1817 illuminatione
501 1773 640 1832 ignis²
661 1792 670 1818 z
697 1792 717 1814 »
745 1782 885 1833 potest
910 1773 1041 1817 etiam
1059 1772 1308 1832 spiritaliter
1329 1772 1436 1815 diri-

41 1857 140 1901 gere
160 1843 313 1886 itinera
329 1878 340 1897 ,
366 1844 400 1887 si
423 1842 477 1887 ad
499 1858 600 1886 eum
618 1842 775 1887 clamet
796 1844 904 1888 fides
924 1878 935 1898 ‚
961 1862 981 1885 «
1002 1843 1163 1887 Itinera
1180 1858 1278 1886 mea
1297 1841 1434 1901 dirige

42 1930 63 1954 »
97 1911 337 1957 secundum
360 1913 545 1957 verbum
563 1923 689 1957 tuum
701 1915 733 1957 ³.
755 1931 776 1954 »
794 1916 856 1957 De
870 1930 958 1973 quo
973 1912 1078 1957 alibi
1095 1913 1254 1957 dicitur
1274 1932 1282 1957 :
1299 1932 1318 1954 (ι
1336 1916 1434 1972 Ipse

43 2001 63 2024 n
100 1982 216 2026 enim
239 1983 378 2027 rectos
411 1981 539 2026 faciet
561 1999 710 2027 cursus
736 1992 834 2027 tuos
851 2019 861 2037 ‚
888 1993 931 2028 et
960 1984 1114 2027 itinera
1144 1993 1220 2028 tua
1252 1983 1298 2026 in
1326 1998 1433 2042 pace

44 2071 64 2095 »
98 2051 363 2112 producet⁴‚
386 2068 499 2112 »per
528 2055 675 2097 Jesum
699 2054 922 2098 Christum
943 2054 1178 2098 Dominum
1202 2062 1400 2098 nostrum
1417 2089 1428 2108 ‚

41 2125 163 2183 cujus
185 2124 229 2167 in
251 2124 336 2168 hoc
358 2123 518 2168 saeculo
533 2159 544 2177 ‚
574 2133 787 2184 tanquam
808 2125 854 2167 in
872 2124 942 2168 die
956 2160 966 2178 ‚
997 2134 1317 2168 sacramentum
1334 2140 1431 2167 ma-

40 2193 292 2238 nifestatum
313 2203 377 2238 est
407 2195 451 2237 in
479 2209 608 2238 carne
624 2229 634 2249 ,
658 2194 781 2240 velut
801 2195 846 2238 in
869 2195 1016 2252 nube3
1047 2195 1092 2238 in
1112 2195 1279 2255 judicio
1300 2210 1427 2248 vero,

40 2273 250 2325 tanquam
277 2265 324 2307 in
346 2273 510 2308 terrore
532 2274 775 2322 noctur1103
798 2266 900 2325 quia
922 2275 1028 2309 tunc
1051 2265 1132 2308 erit
1163 2279 1321 2322 magna
1351 2264 1431 2307 tri-

40 2335 206 2379 bulatio
224 2334 368 2380 saeculi
386 2344 595 2395 tanquam
616 2336 727 2394 ignis
745 2371 755 2390 ‚
783 2345 825 2380 et
842 2335 1009 2380 lucebit
1020 2336 1146 2396 justis
1164 2372 1175 2391 ‚
1201 2344 1243 2379 et
1261 2334 1430 2379 ardebit

41 2406 224 2465 injustis.
251 2406 337 2459 Qui
369 2425 389 2448 «
414 2406 606 2465 Disrupit
636 2407 683 2450 in
715 2405 884 2450 deserto
907 2415 1073 2465 petram
1093 2441 1103 2461 ,
1130 2415 1173 2449 et
1197 2405 1430 2465 adaquavit

44 2495 64 2516 >³
100 2492 171 2521 eos
195 2477 306 2521 sicut
334 2477 380 2520 in
413 2477 568 2535 abysso
591 2476 727 2521 multa
749 2498 760 2535 3
785 2487 829 2521 et
852 2476 1001 2521 eduxit
1021 2492 1179 2536 aquam
1203 2476 1258 2520 de
1279 2485 1425 2535 petra,

91 2579 100 2594 ¹
138 2571 218 2606 Psal,
255 2583 384 2611 mxvii,
417 2571 468 2602 13.
499 2589 540 2594 —
567 2579 580 2594 2
601 2571 684 2604 Ibid.
709 2570 761 2613 14.
784 2589 823 2594 --
857 2570 868 2594 3
900 2572 948 2603 Id.
974 2582 1086 2612 εῖναι,
1126 2571 1199 2603 133.
1232 2587 1272 2593 -—
1295 2569 1311 2598 4
1330 2572 1427 2602 prov.

44 2637 89 2666 iv,
108 2635 161 2667 ¹27.
