1926 3339
467 321 551 363 3⁴30
901 335 937 371 s.
973 335 1204 366 Auovs'rnu
1236 337 1418 365 EPISCOPI

467 399 599 445 debat
618 398 779 462 quibus
800 401 1001 445 medullis
1022 402 1233 446 viscerum
1267 418 1445 447 suorum
1475 401 1649 447 dicebat
1665 406 1816 448 Petrus
1835 423 1846 450 :

465 490 486 513 v
500 475 611 518 Amo
625 473 768 517 P»Non
786 472 944 516 sufficit
960 473 1144 517 Domino
1161 472 1420 532 respondere
1440 471 1596 517 semel:
1614 476 1852 533 interrogat

466 540 642 597 iterum,
659 551 701 585 et
720 542 953 601 respondet
966 540 1054 597 ille,
1072 562 1090 584 «
1108 546 1234 587 Amo.
1256 562 1275 584 »
1293 546 1534 601 Interrogat
1546 543 1749 601 terti03et
1761 545 1852 604 jam

467 609 598 656 taedio
619 612 800 658 affectus
824 616 992 666 Petrus,
1019 612 1140 672 quasi
1163 612 1386 657 dubitaret
1407 614 1617 658 Dominus
1635 613 1690 658 de
1709 629 1853 659 amore

466 684 619 743 ipsius,
649 701 668 724 «
696 683 896 735 Domine,
928 693 1000 737 tu,
1025 684 1188 743 inquit,
1229 684 1309 728 scis
1343 685 1488 728 omnia
1508 720 1518 739 ,
1553 694 1603 728 tu
1635 685 1714 728 scis
1750 685 1854 746 quia

469 772 491 795 »
526 768 624 797 amo
642 762 684 797 te
704 753 733 796 ¹.
757 771 777 794 υ
806 752 890 797 Sed
907 753 1112 798 Dominus
1135 770 1236 798 cum
1251 753 1327 799 illo
1349 756 1408 799 sic
1429 755 1533 814 egit,
1558 764 1766 816 tanquam
1789 756 1856 800 di·
1913 771 1926 791 -2

465 832 581 868 ceret
601 843 610 868 ε
634 826 716 867 Ter
733 839 803 867 me
825 824 989 882 negasti
1010 823 1219 880 timendo,
1234 834 1299 868 tcr
1321 825 1529 869 confitere
1547 825 1749 870 amando.
1768 829 1854 871 Isto

466 910 612 939 amore
635 904 678 939 et
709 895 788 939 ista
816 895 1027 939 charitate
1049 894 1233 955 replevit
1265 896 1500 956 Discipulos
1534 912 1650 941 suos.
1684 899 1857 949 Quare?

465 965 575 1018 Quia
599 964 855 1009 altissimum
875 966 1021 1024 posuit
1043 965 1264 1025 refugium
1287 982 1414 1011 suum
1437 985 1445 1011 :
1472 967 1575 1027 quia
1598 966 1857 1012 clarificatus
1916 984 1926 1010 r

464 1035 581 1080 misit
600 1035 807 1095 Spiritum
824 1045 1021 1080 sanctum
1034 1072 1045 1090 ‚
1066 1036 1195 1081 solvit
1211 1036 1436 1082 credentes
1459 1053 1482 1082 a
1501 1046 1622 1082 reatu
1640 1038 1777 1095 Legis,
1802 1053 1857 1082 ne

464 1107 510 1150 in
526 1105 716 1166 lapidem
740 1106 1014 1151 offenderent
1032 1108 1164 1167 pedes
1188 1110 1292 1169 ejus.

526 1179 602 1220 IX.
621 1179 645 1220 J
650 1192 718 1220 am
738 1186 892 1221 caetera
912 1177 1139 1222 manifesta
1156 1188 1274 1233 sunt,
1294 1177 1460 1234 fratres,
1487 1179 1590 1239 quia
1615 1194 1728 1238 saepe
1750 1187 1856 1224 trac·
1896 1191 1901 1225 ξ

465 1255 553 1291 tata
580 1255 695 1290 sunt.
722 1266 742 1288 «
769 1249 908 1305 Super
940 1248 1133 1307 aspidem
1164 1258 1207 1292 et
1234 1248 1477 1308 basiliscum
1508 1249 1783 1294 ambulabis:
1811 1259 1856 1294 et
1897 1273 1926 1293 ,ς

467 1336 488 1359 »
523 1316 800 1362 conculcabis
822 1317 995 1363 leonem
1018 1328 1062 1363 et
1081 1318 1360 1364 draconem2.
1398 1338 1418 1361 »
1444 1321 1549 1373 Quis
1570 1320 1624 1365 sit
1652 1336 1825 1380 serpens
1840 1356 1852 1377 ‚

463 1389 625 1447 nostis3
649 1389 873 1450 quomodo
907 1406 1034 1447 super
1055 1389 1182 1434 illum
1204 1391 1341 1435 calcet
1378 1391 1594 1447 Ecclesia,
1635 1407 1733 1452 quae
1765 1408 1855 1437 non

462 1459 666 1515 vincitur,
684 1460 785 1520 quia
803 1469 927 1504 cavet
949 1461 1127 1504 astutias
1146 1461 1294 1521 ipsius.
1308 1461 1686 1514 Quemadmodum
1708 1472 1855 1507 autem

463 1530 518 1574 sit
538 1529 606 1574 leo
630 1539 674 1574 et
695 1529 825 1574 draco
841 1566 851 1585 ‚
878 1540 986 1590 puto
1009 1541 1052 1576 et
1072 1532 1156 1576 hoc
1187 1548 1312 1576 nosse
1347 1532 1614 1577 Charitatem
1637 1535 1850 1577 Vestram.

461 1599 550 1644 Leo
573 1609 720 1659 aperte
742 1601 880 1655 saevit‚
895 1600 1026 1646 draco
1049 1601 1218 1646 occulte
1240 1601 1468 1646 insidiatur
1486 1622 1494 1647 ε
1516 1612 1748 1663 utramque
1766 1603 1855 1646 vim

462 1679 506 1715 et
533 1680 793 1730 potestatem
826 1672 960 1716 habet
983 1671 1200 1717 diabolus.
1232 1672 1418 1726 Quando
1441 1677 1657 1731 Martyres
1680 1673 1854 1718 occide-

460 1741 647 1795 bantur,
680 1741 748 1787 leo
781 1753 873 1787 erat
894 1743 1073 1788 saeviens
1096 1763 1105 1788 :
1131 1743 1310 1804 quando
1338 1744 1531 1788 haeretici
1561 1743 1849 1800 insidiantur,

459 1811 590 1857 draco
613 1822 677 1857 est
693 1814 947 1872 subrepens.
970 1813 1120 1858 Vicisti
1141 1813 1313 1858 leonem
1333 1850 1342 1869 ,
1364 1815 1489 1859 vince
1508 1824 1551 1859 et
1580 1814 1817 1860 draconem
1839 1836 1848 1861 :

459 1899 548 1928 non
571 1893 613 1927 te
640 1881 770 1943 fregit
791 1883 860 1929 leo
879 1920 889 1940 ‚
913 1900 1001 1928 non
1026 1894 1069 1928 te
1096 1884 1284 1944 decipiat
1307 1885 1453 1929 draco.
1484 1885 1727 1930 Probemus
1749 1887 1852 1946 quia

457 1951 527 1999 leo
544 1964 649 2010 erat,
666 1950 845 2015 quando
867 1965 1014 2015 aperte
1036 1956 1258 2000 saeviebat.
1277 1956 1521 2000 Exhortans
1540 1959 1754 2014 Martyres
1772 1961 1852 2001 Pe-

456 2033 552 2068 trus
569 2024 641 2069 ait:
654 2025 858 2070 «Nescitis
874 2025 975 2086 quia
990 2024 1258 2070 adversarius
1273 2036 1414 2070 vester
1427 2026 1626 2071 diabolus
1640 2036 1850 2088 tanquam

460 2113 481 2136 »
515 2094 585 2140 leo
617 2097 793 2155 rugiens
817 2097 970 2141 circuit
1003 2113 1203 2158 quaerens
1227 2113 1359 2158 quem
1382 2097 1623 2142 devoret³P
1647 2117 1667 2139 »
1689 2101 1851 2158 Aperte

456 2166 636 2211 saeviens
663 2164 732 2211 leo
749 2203 759 2221 ‚
785 2167 1012 2227 quaerebat
1043 2184 1176 2228 quem
1197 2168 1426 2212 devoraret
1445 2167 1601 2213 :draco
1625 2168 1850 2228 quomodo

455 2236 714 2281 insidiatur?
729 2240 810 2281 Per
832 2236 1074 2282 haereticos.
1091 2236 1212 2282 Tales
1235 2239 1391 2282 timens
1412 2237 1588 2294 Paulus,
1614 2254 1669 2282 ne
1687 2239 1742 2282 ab
1766 2237 1848 2284 illis

454 2317 806 2367 corrumperetur
839 2306 1032 2352 Ecclesia
1060 2324 1083 2351 a
1115 2308 1361 2366 virginitate
1394 2308 1517 2364 fidei,
1554 2324 1686 2369 quam
1710 2319 1849 2368 gestat

454 2376 500 2421 in
522 2377 653 2422 corde
670 2413 680 2432 ‚
710 2378 769 2422 ait
794 2397 804 2422 ;
828 2397 847 2419 «
874 2376 1138 2437 Desponsavi
1160 2379 1277 2422 enim
1305 2395 1380 2423 vos
1407 2380 1484 2423 uni
1513 2380 1606 2424 viro
1633 2380 1846 2439 virginem

457 2467 478 2491 »
513 2457 674 2492 castam
709 2446 911 2491 exhibere
944 2448 1115 2493 Christo
1144 2470 1155 2506 3
1192 2458 1235 2493 et
1269 2449 1400 2493 timeo
1439 2465 1495 2493 ne
1527 2450 1640 2494 sicut
1671 2465 1845 2510 serpens

453 2538 474 2561 »
510 2518 646 2563 Evam
668 2518 838 2563 seduxit
857 2519 1014 2563 astutia
1036 2535 1128 2575 sua,
1145 2519 1204 2564 ita
1227 2529 1269 2563 et
1293 2529 1459 2564 mentes
1483 2530 1636 2566 vestrae
1653 2537 1844 2565 corrum-

453 2609 474 2633 »
508 2601 666 2651 paritur
697 2606 720 2634 a
742 2589 938 2636 castitate
966 2607 1065 2652 quae
1088 2600 1152 2636 est
1172 2591 1219 2635 in
1241 2591 1413 2636 Christo
1430 2593 1460 2636 ⁴.
1491 2611 1510 2634 »
1536 2593 1842 2652 Virginitatem
1906 2644 1907 2649 Ἰ

501 2679 509 2694 ¹
529 2678 704 2717 loan.xx1‚
720 2676 834 2718 15-17.
856 2694 898 2699 —
914 2684 926 2699 ¹
945 2676 1026 2709 Psal.
1042 2689 1091 2718 xc,
1108 2678 1156 2709 13.
1180 2675 1244 2700 -3
1266 2689 1276 2709 1
1296 2680 1379 2709 Pete.
1401 2688 1431 2718 v,
1449 2678 1480 2709 8.
1497 2695 1536 2699 -
1549 2678 1565 2704 4
1581 2686 1600 2710 2
1614 2679 1686 2709 Cor.
1702 2689 1747 2719 xi,
1763 2686 1796 2718 2,
1810 2677 1839 2709 3.
1903 2664 1907 2718 {¹
