1926 3339
444 303 684 333 ENARRAno
716 306 759 332 m
794 305 992 333 PSALMUM
1029 307 1141 333 xcix.
1414 300 1495 338 515

115 369 166 413 fit
192 377 236 413 et
261 369 351 428 ipse
378 369 647 429 vituperator
668 377 712 414 et
732 368 969 414 maledicus
989 387 999 413 ε
1023 378 1067 413 et
1088 368 1194 413 dicit
1213 385 1261 414 ea
1288 372 1376 416 sola
1398 388 1498 433 quae

113 439 237 500 quasi
257 455 302 485 se
328 439 418 501 pati
445 455 536 486 non
555 439 746 501 potuisse
778 449 1017 499 asseverat,
1046 449 1089 485 et
1110 440 1345 502 aliquando
1375 459 1492 488 vera.

114 510 200 556 Sed
221 526 321 556 vera
342 510 558 556 malorum
579 509 803 556 toleranda
824 521 925 557 sunt
945 520 1124 572 propter
1143 512 1392 558 societatem
1411 513 1494 558 bo-

111 595 284 626 norum.
312 581 426 628 Dicit
444 581 508 628 illi
525 582 770 643 Scriptura:
790 601 810 626 «
831 584 909 627 Vae
924 583 991 627 his
1009 583 1085 644 qui
1102 582 1390 644 perdiderunt
1408 598 1494 629 sus-

102 652 134 692 '»'
157 651 455 699 tinentiam1.»
473 656 530 700 Et
546 653 669 715 quod
699 663 762 699 est
784 653 985 714 amplius,
1011 663 1153 699 ructat
1180 655 1490 715 indignationis

108 722 274 768 malum
290 724 491 782 odorem,
512 726 631 771 unde
648 726 882 771 absterreat
898 725 1132 770 intraturos
1148 745 1158 771 :
1173 726 1274 786 quia
1289 726 1379 785 ipse
1392 715 1495 772 cum

106 795 321 853 intrasset,
347 797 583 857 perdurare
604 813 694 843 non
715 797 874 858 potuit.
892 795 1048 851 Quales
1061 796 1153 842 illi?
1171 796 1329 853 Invidi,
1354 796 1494 858 litiga·

107 876 244 923 tores,
274 869 495 914 neminem
514 870 795 925 sustinentes,
821 869 936 914 avari
957 887 967 914 ι
991 867 1064 912 ille
1085 868 1146 912 ibi
1167 868 1280 913 illud
1300 868 1404 913 fecit
1419 905 1431 927 ,
1454 877 1499 914 et

107 939 181 984 ille
198 941 262 984 ibi
283 939 394 985 illud
414 939 531 986 fecit.
552 942 590 984 Ο
611 939 724 984 male
739 975 750 995 ,
775 955 909 1000 quare
926 949 1040 984 taces
1059 939 1229 985 bonos?
1250 942 1370 993 Quos
1394 939 1499 984 tole-

105 1025 199 1055 rare
216 1027 306 1056 non
318 1011 512 1071 potuisti,
526 1012 680 1071 jactas:
698 1009 774 1070 qui
788 1019 830 1054 te
849 1009 1013 1054 malum
1030 1008 1344 1066 toleraverunt,
1360 1019 1492 1054 taces.

164 1083 287 1126 XIII.
298 1081 456 1127 Merito
469 1081 594 1136 illud,
612 1080 765 1126 fratres
779 1080 1034 1135 charissimi,
1050 1080 1332 1140 magnificum
1351 1081 1396 1124 in
1418 1085 1497 1125 Do-

104 1152 211 1197 mini
225 1152 490 1213 Evangelio‚
516 1168 568 1197 cx
590 1168 664 1197 ore
682 1152 856 1197 Domini
879 1171 887 1196 :
917 1170 938 1195 «
963 1155 1060 1196 Duo
1082 1152 1127 1196 in
1151 1167 1279 1211 agro,
1300 1167 1414 1196 unus
1435 1167 1496 1196 as-

108 1241 128 1265 »
164 1233 382 1280 sumetur,
402 1233 447 1269 et
467 1240 581 1269 unus
604 1223 877 1284 relinquetur
895 1244 906 1280 3
931 1221 1032 1267 duae
1053 1223 1099 1267 in
1112 1222 1389 1278 molendino,
1407 1237 1496 1267 una

107 1312 129 1337 »
164 1305 433 1352 assumetur,
461 1305 505 1340 et
525 1311 614 1340 una
635 1294 907 1356 relinquetur
928 1316 938 1353 3
965 1295 1054 1339 duo
1076 1295 1121 1338 in
1142 1294 1257 1339 lecto
1271 1330 1282 1350 ‚
1303 1309 1417 1339 unus
1438 1309 1501 1338 as-

107 1382 129 1408 »
164 1376 360 1411 sumetur
374 1402 386 1423 ,
401 1375 446 1411 et
459 1383 574 1411 unus
591 1365 863 1427 relinquetur
875 1367 909 1409 ².
931 1384 952 1407 »
975 1365 1057 1419 Qui
1075 1374 1176 1409 sunt
1194 1365 1283 1410 duo
1304 1365 1351 1409 in
1370 1365 1499 1423 agro?

104 1437 235 1491 Quod
257 1437 366 1483 dicit
387 1437 640 1498 Apostolus,
667 1457 687 1480 «
705 1440 799 1496 Ego
815 1437 1008 1497 plantavi
1022 1473 1032 1493 ,
1050 1435 1208 1496 Apollo
1226 1436 1397 1496 rigavit,
1423 1434 1500 1479 sed

104 1526 125 1550 »
161 1511 278 1553 Deus
304 1509 626 1554 incrementum
659 1508 795 1553 dedit.
821 1509 898 1553 Dei
922 1507 1186 1567 agricultura
1215 1508 1314 1552 estis
1336 1509 1368 1550 3.
1398 1524 1418 1547 »
1444 1508 1496 1549 In

103 1593 206 1638 agro
224 1579 489 1625 laboramus.
516 1583 646 1625 «Duo
668 1581 714 1623 in
731 1595 854 1638 agro,
874 1598 894 1621 »
913 1580 1058 1624 clerici
1080 1588 1182 1624 sunt
1205 1599 1213 1625 :
1244 1598 1265 1621 «
1283 1581 1404 1623 Unus
1426 1592 1495 1622 as-

104 1667 126 1691 »
161 1659 385 1696 sumetur:
411 1660 455 1695 et
471 1666 586 1694 unus
610 1650 1214 1709 relinquetur·,»Assumetur
1232 1650 1398 1703 bonus,
1423 1663 1494 1691 re-

101 1719 328 1781 linquetur
343 1719 499 1765 malus.
523 1739 544 1763 «
566 1722 619 1764 In
638 1719 892 1764 molendino
910 1718 1030 1774 duae,
1051 1737 1071 1760 »
1093 1718 1148 1763 ad
1161 1719 1311 1779 plebes
1328 1717 1493 1763 retulit.

102 1795 242 1845 Quare
264 1791 313 1836 in
333 1790 617 1835 molendino?
643 1789 752 1843 Quia
773 1789 987 1835 devinctae
1009 1789 1190 1844 saeculo,
1218 1789 1402 1833 circuitu
1423 1803 1495 1832 re-

102 1877 202 1906 rum
240 1861 545 1923 temporalium
560 1897 571 1917 ,
605 1871 816 1922 tanquam
852 1860 968 1906 mola
1000 1859 1268 1905 detinentur.
1301 1863 1358 1905 Et
1390 1858 1494 1903 inde

106 1951 127 1975 «
146 1935 242 1977 Una
265 1943 507 1978 assumetur
522 1968 533 1988 ,
549 1942 593 1976 et
608 1948 695 1976 una
709 1931 996 1993 relinquetur.
1015 1950 1036 1973 »
1054 1934 1163 1985 Quae
1180 1929 1284 1974 inde
1297 1944 1491 1975 assume-

102 2005 209 2048 tur?
236 2004 418 2049 Faciens
447 2019 578 2063 opera
607 2004 751 2060 bona,
783 2003 1012 2048 attendens
1035 2001 1320 2060 indigentiam
1346 2016 1493 2045 servo-

102 2090 202 2119 rum
221 2075 327 2131 Dei,
362 2074 648 2133 indigentiam
670 2089 915 2134 pauperum
930 2109 941 2129 ,
966 2074 1011 2117 in
1034 2070 1305 2118 confessione
1325 2070 1466 2115 fidelis
1480 2105 1492 2125 ‚

101 2145 148 2190 in
180 2145 331 2191 laetitia
351 2145 443 2206 spei
466 2154 607 2201 certa,
629 2145 814 2205 vigilans
836 2146 891 2189 ad
919 2147 1058 2189 Deum
1075 2180 1087 2200 ,
1111 2142 1223 2188 nulli
1253 2143 1496 2202 imprecans

102 2216 242 2272 mala,
265 2216 450 2276 diligens
477 2225 694 2277 quantum
722 2224 890 2276 potest,
915 2231 1005 2259 non
1039 2213 1181 2258 solum
1212 2213 1393 2268 amicos,
1421 2211 1497 2256 sed

100 2287 231 2331 etiam
248 2287 445 2332 inimicos
461 2322 471 2342 ,
489 2296 646 2347 praeter
663 2301 843 2331 uxorem
861 2300 983 2330 suam
999 2300 1091 2329 non
1111 2284 1248 2328 sciens
1272 2282 1463 2344 aliquam
1478 2317 1489 2337 ,

99 2367 257 2417 praeter
276 2358 483 2402 maritum
505 2372 636 2402 suum
661 2372 751 2402 non
779 2356 916 2400 sciens
939 2355 1157 2415 aliquem,
1184 2363 1429 2398 assumetur
1450 2361 1492 2396 et

99 2427 155 2472 de
173 2427 425 2473 molendino
443 2448 452 2473 ι
472 2444 572 2489 quae
592 2436 739 2471 autem
761 2422 884 2470 aliter
906 2425 1039 2470 fuerit
1053 2460 1063 2479 ,
1090 2424 1377 2485 relinquetur.
1403 2422 1488 2468 Alii

101 2507 248 2543 autem
270 2497 441 2543 dicunt:
457 2498 659 2551 Quietem
671 2496 874 2541 volumus
888 2531 898 2551 ,
925 2495 1144 2539 neminem
1166 2494 1370 2538 volumus
1384 2494 1487 2553 pati.

152 2601 159 2617 ¹
180 2594 276 2626 Eccli.
295 2606 334 2635 11,
358 2594 407 2626 16.
422 2610 463 2616 —
483 2600 495 2615 ²
516 2593 629 2625 Matth.
651 2590 875 2633 xx1v‚4o‚41,
896 2595 928 2622 et
942 2588 1018 2622 Lu'c.
1037 2601 1111 2631 xvix,
1131 2589 1185 2631 34,
1208 2590 1260 2621 35.
1278 2607 1318 2612 --
1340 2588 1352 2611 3
1378 2601 1390 2621 1
1407 2591 1483 2621 Cor.-

103 2649 245 2692 1n‚6et
260 2660 293 2692 9.
1269 2699 1301 2736 3'

1263 2700 1325 2736 23.
