1926 3339
436 308 518 344 500
869 317 902 342 s.
938 313 1168 342 Aucus-rim
1201 315 1380 342 muscom

433 381 539 442 quid
558 381 612 425 sit
630 380 809 425 adorare
831 379 1070 424 scabellum
1094 380 1257 439 pedum
1281 381 1370 440 ejus
1396 398 1405 423 ι
1432 379 1489 423 sic
1505 387 1548 422 θῖ
1569 377 1700 423 modo
1721 388 1820 438 post

432 451 736 497 exaltationem
772 451 944 494 Domini
981 451 1057 493 Dei
1091 450 1241 505 nostri,
1274 466 1328 493 ne
1363 450 1458 510 quis
1495 448 1619 492 illum
1661 457 1819 507 praeter

429 533 624 567 montem
641 524 730 581 ejus
746 521 920 576 θΧῑιΙῖθῖ,
937 520 1259 565 commendavit
1270 530 1312 564 et
1325 531 1518 564 montem
1534 519 1680 579 ipsius.
1693 522 1819 564 Mons

431 594 563 652 ipsius
599 593 696 653 quis
729 594 820 635 est?
851 593 1055 650 Legimus
1088 590 1189 634 alibi
1211 591 1265 634 de
1294 591 1378 634 hoc
1398 600 1563 644 monte,
1589 591 1688 650 quia
1711 589 1818 649 lapis

430 662 513 707 fuit
534 662 735 722 praecisus
758 661 812 705 de
835 671 983 705 monte
1008 661 1099 705 sine
1121 660 1346 716 manibus,
1373 670 1416 705 et
1437 660 1652 719 confregit
1673 660 1819 705 omnia

429 749 562 792 regna
600 742 741 788 terrae,
764 741 808 775 et
830 732 965 776 crevit
992 731 1099 790 lapis
1123 732 1227 791 ipse.
1261 730 1448 776 Danielis
1479 731 1585 775 visio
1618 741 1683 776 est
1718 731 1815 786 ista,

429 818 562 863 quam
581 819 724 847 narro.
758 803 938 847 «Crevit
955 800 1063 861 lapis
1080 802 1176 857 iste,
1196 802 1272 862 qui
1287 802 1491 861 praecisus
1509 810 1572 845 est
1594 800 1649 845 de
1670 810 1819 845 monte

434 894 452 915 »
488 875 577 918 sine
601 873 801 918 manibus
822 893 831 918 :
855 882 899 917 et
921 872 1060 918 factus
1088 882 1172 928 est,
1197 872 1362 933 inquit,
1391 888 1514 917 mons
1537 887 1734 930 magnus,
1759 871 1819 915 ita

431 962 452 986 >›
487 954 537 988 ut
558 943 759 1004 impleret
783 944 1029 989 universam
1051 943 1208 988 faciem
1227 946 1396 988 terrae1.
1436 963 1456 985 »
1484 946 1536 987 In
1558 944 1651 1003 ipso
1668 952 1819 987 monte

428 1031 588 1075 magno
626 1015 871 1070 adoremus,
912 1016 945 1059 si
973 1014 1166 1060 exaudiri
1197 1015 1417 1060 volumus.
1459 1015 1687 1059 Ηθθῑθῖίθί2
1728 1029 1819 1058 non

428 1088 610 1131 adorant
632 1087 677 1129 in
695 1087 776 1130 isto
800 1095 975 1143 monte3
1000 1086 1102 1146 quia
1125 1086 1340 1135 monsistc
1358 1085 1554 1145 implevit
1570 1085 1819 1130 universam

426 1156 583 1201 faciem
607 1166 732 1201 terrae
768 1176 776 1201 ;
801 1158 1023 1200 haeserunt
1050 1156 1096 1199 in
1125 1165 1274 1215 parte,
1311 1164 1354 1199 et
1386 1164 1528 1199 totum
1562 1156 1813 1200 amiserunt.

429 1228 471 1273 Si
503 1237 738 1285 agnoscant
769 1226 1006 1271 Ecclesiam
1042 1226 1326 1282 catholicam,
1360 1226 1607 1271 adorabunt
1648 1227 1694 1270 in
1735 1227 1818 1270 isto

426 1309 576 1344 monte
598 1299 841 1343 nobiscum.
868 1299 1042 1343 Etenim
1074 1297 1183 1358 lapis
1211 1297 1284 1341 ille
1318 1298 1395 1358 qui
1430 1298 1633 1358 praecisus
1667 1307 1730 1342 est
1763 1297 1818 1341 de

425 1379 574 1414 monte
596 1369 687 1413 sine
710 1369 910 1413 manibus
927 1405 937 1424 ,
957 1370 1048 1429 jam
1070 1368 1267 1413 videmus
1290 1377 1507 1429 quantum
1532 1368 1738 1424 creverit,
1775 1377 1819 1412 et

424 1432 609 1501 Quantas
640 1450 766 1484 terrae
798 1441 994 1500 regiones
1033 1441 1337 1500 occupaverit,
1372 1449 1415 1484 et
1448 1455 1587 1500 usque
1621 1439 1677 1484 ad
1709 1455 1817 1500 quas

425 1521 574 1571 gentes
598 1512 858 1571 pervenerit.
887 1510 1004 1564 Quid
1028 1520 1091 1555 est
1114 1527 1239 1556 mons
1262 1510 1382 1555 unde
1397 1511 1602 1571 praecisus
1624 1519 1688 1555 est
1708 1510 1817 1570 lapis

421 1583 513 1626 sine
545 1582 778 1626 manibus?
808 1585 1009 1640 Regnum
1039 1581 1294 1626 Judaeorum
1328 1601 1336 1626 ε
1373 1582 1513 1641 primo
1544 1581 1665 1641 quod
1697 1581 1816 1625 cole-

420 1653 528 1697 bant
545 1669 684 1697 unum
701 1656 855 1697 Deum.
885 1652 993 1697 Inde
1014 1653 1218 1712 praecisus
1234 1663 1297 1697 est
1314 1652 1423 1712 lapis
1438 1653 1649 1697 Dominus
1671 1661 1817 1698 noster

422 1726 546 1769 Jesus
568 1725 778 1769 Christus.
815 1726 912 1783 Ipse
934 1723 1078 1768 dictus
1101 1733 1190 1779 est,
1228 1743 1245 1764 ‹<
1272 1724 1422 1784 Lapis,
1449 1739 1580 1783 quem
1604 1723 1815 1783 reproba-

426 1815 446 1837 »
480 1805 638 1840 verunt
666 1795 947 1851 aedificantes,
973 1795 1044 1839 hic
1071 1795 1212 1840 factus
1234 1803 1297 1839 est
1329 1795 1375 1839 in
1408 1804 1541 1855 caput
1567 1794 1715 1853 anguli
1730 1796 1761 1838 3.
1789 1813 1810 1837 »

423 1866 552 1927 Lapis
573 1866 653 1911 iste
666 1866 871 1927 praecisus
888 1865 942 1910 de
964 1875 1115 1911 monte
1133 1865 1225 1910 sine
1243 1866 1463 1922 manibus,
1484 1855 1700 1926 confregit
1717 1881 1814 1911 om-

419 1938 491 1983 nia
515 1954 648 1998 regna
678 1948 892 1983 terrarum
922 1958 930 1984 ε
966 1937 1164 1983 videmus
1203 1937 1427 1984 confracta
1464 1939 1519 1983 ab
1557 1938 1634 1984 illo
1669 1939 1814 1998 lapide

420 2011 566 2056 omnia
589 2026 719 2069 regna
741 2020 882 2055 terrae.
911 2013 1019 2064 Quae
1042 2021 1165 2056 erant
1187 2027 1320 2070 regna
1352 2013 1509 2056 terrae‘?
1530 2014 1682 2070 Regna
1714 2010 1814 2055 ido-

418 2083 580 2139 lorum,
606 2099 739 2142 regna
764 2082 1081 2127 daemouiorum
1109 2082 1245 2128 fracta
1268 2092 1385 2127 sunt.
1413 2082 1643 2142 Regnabat
1663 2084 1814 2127 Satur-

417 2169 500 2198 nus
521 2154 566 2197 in
590 2153 736 2197 multis
753 2153 1002 2197 hominibus
1027 2173 1035 2198 :
1061 2154 1138 2197 ubi
1159 2163 1223 2197 est
1240 2169 1425 2213 regnum
1448 2154 1566 2212 ejus?
1584 2153 1813 2212 Regnabat

416 2225 658 2271 Mercurius
689 2225 734 2269 in
765 2224 913 2268 multis
947 2224 1199 2268 hominibus
1238 2243 1247 2268 ;
1273 2224 1348 2267 ubi
1382 2233 1444 2267 est
1479 2239 1661 2283 regnum
1693 2225 1813 2283 ejus?

418 2299 626 2341 Fractum
649 2305 727 2351 est,
756 2295 920 2339 redacti
944 2304 1046 2338 sunt
1067 2293 1130 2338 illi
1158 2296 1203 2338 in
1233 2309 1416 2352 regnum
1439 2294 1614 2350 Christi,
1642 2295 1687 2338 in
1710 2294 1811 2354 qui-

418 2367 502 2411 bus
526 2367 598 2410 ille
630 2365 854 2424 regnabst.
882 2368 1085 2423 Regnum
1109 2364 1308 2409 Coelcstis
1339 2365 1469 2425 quale
1501 2374 1593 2409 erat
1624 2365 1810 2410 Cartha-

421 2439 539 2498 gini?
557 2438 635 2481 ubi
657 2453 775 2481 nunc
792 2446 853 2480 x<st
872 2452 1053 2494 regnum
1078 2437 1307 2481 Coelestis?
1329 2437 1455 2496 Lapis
1473 2436 1546 2480 ille
1567 2436 1695 2494 fregit
1713 2452 1811 2480 om-

421 2509 492 2553 nia
516 2524 649 2568 regna
663 2518 787 2552 terrai
801 2522 891 2562 um,
906 2505 1013 2566 lapis
1025 2507 1229 2566 praecisus
1242 2507 1296 2551 de
1313 2516 1462 2551 monte
1476 2506 1567 2550 sine
1589 2506 1807 2551 manibus.

421 2579 540 2633 Quid
570 2588 657 2634 est,
688 2578 892 2638 praecisus
923 2577 977 2622 de
1010 2587 1159 2622 monte
1197 2578 1289 2621 sine
1321 2577 1549 2621 manibus?
1581 2580 1718 2623 Natus
1756 2576 1811 2621 de

471 2671 478 2687 ¹
507 2667 584 2696 Dan.
613 2674 650 2706 ιι,
667 2662 721 2705 34,
744 2662 783 2696 35
818 2679 858 2687 ν
881 2668 894 2686 ²
912 2662 1093 2697 Donatistae.
1120 2678 1163 2688 -κ
1186 2660 1198 2685 3
1218 2662 1298 2695 Psal.
1315 2672 1413 2706 cxvu,
1434 2672 1489 2706 22,
1510 2666 1626 2696 ctAct.
1647 2673 1692 2705 iv,
1711 2673 1761 2695 11.
