1926 3339
0 0 17 231 l

7 246 11 321 l

0 376 1 382 ,
39 346 84 390 in
99 346 335 390 novissimis
349 346 435 391 suis
447 346 628 406 pulchra
648 355 711 390 est
727 366 735 391 :
756 355 803 390 ut
817 347 990 391 initium
1005 349 1039 407 ej
1048 363 1094 391 us
1110 363 1133 391 a
1148 356 1259 392 terra
1273 349 1421 405 ducas,

39 416 170 459 finem
183 415 315 475 ipsius
332 417 378 460 in
395 416 634 471 cacumine,
649 416 726 460 ubi
738 417 869 460 habet
880 426 1013 461 totam
1025 417 1397 477 pulchritudinem
1414 438 1423 463 :

41 501 187 545 aspera
209 487 329 531 radix
350 485 521 531 videtur
541 487 587 530 in
608 495 719 530 terra
734 522 744 542 ,
766 486 949 546 pulchra
971 503 1094 532 coma
1122 488 1204 532 sub
1219 487 1331 532 coelo
1346 498 1424 532 est.

41 557 135 602 Erit
156 572 258 616 ergo
282 567 326 602 et
352 567 426 602 tua
449 557 731 617 pulchritudo
759 558 803 601 in
839 559 939 602 fine.
966 557 1104 602 Radix
1133 567 1209 603 tua
1238 559 1321 602 fixa
1343 560 1425 603 sit:

423 283 662 310 ENAltltATio
696 285 738 310 m
773 283 976 311 PSALMUM
1009 286 1091 311 xer.
1337 276 1420 314 349

0 622 5 686 ξ
41 628 116 674 sed
137 644 305 673 sursum
329 644 475 674 versus
497 630 706 675 habemus
725 629 914 674 radicem
931 639 1136 675 nostram.
1152 629 1290 675 Radix
1315 630 1431 674 enirn

0 707 4 746 Ι
41 707 186 743 nostra
213 699 410 744 Christus
433 709 523 754 est,
560 700 637 761 qui
670 700 862 745 ascendit
885 701 930 744 in
961 701 1139 746 coelum.
1170 699 1431 746 Humiliatus

0 756 4 826 i
42 769 317 813 exaltabitur.
349 788 367 811 «
393 769 525 814 Velut
546 771 700 815 cedrus
718 771 762 814 in
782 771 951 816 Libano
966 806 977 827 ,
999 771 1375 831 multiplicabitur.
1407 789 1427 812 »

41 839 196 884 Videte
218 856 324 900 quas
339 841 514 885 arbores
534 841 642 886 dixit
667 861 675 887 :
704 861 723 884 «
749 845 773 885 J
779 852 899 886 ustus
912 852 961 887 ut
979 843 1122 903 palma
1137 843 1334 901 florebit3
1354 859 1432 888 ve-

40 909 108 955 lut
130 910 284 955 cedrus
316 912 362 954 in
400 911 594 967 Libano,
620 912 998 971 multiplicabitur.
1027 931 1047 953 »
1084 913 1311 973 Numquid
1333 928 1434 957 cum

42 980 105 1026 sol
125 982 277 1026 exierit
291 1017 301 1037 ‚
323 983 476 1026 arescit
502 983 676 1042 palma?
698 983 917 1043 numquid
939 983 1093 1028 arescit
1115 984 1300 1028 cedrus?
1322 986 1434 1029 Cum

37 1047 188 1097 'autem
205 1052 270 1097 sol
286 1052 475 1097 candens
491 1053 726 1114 aliquando
744 1055 892 1110 fuerit,
911 1054 1063 1099 arescit
1076 1054 1261 1098 foenum.
1280 1055 1437 1098 Veniet

43 1139 145 1183 ergo
163 1123 379 1184 judicium
392 1159 403 1180 ‚
419 1133 470 1168 ut
482 1134 677 1170 arescant
691 1135 938 1185 peccatores
950 1161 960 1179 ‚
978 1135 1020 1170 et
1037 1126 1251 1170 virescant
1267 1125 1432 1170 fideles.

48 1214 68 1238 «
102 1194 234 1240 Velut
250 1195 404 1240 cedrus
421 1196 465 1240 in
486 1196 676 1253 Libano,
698 1197 1077 1257 multiplicabitur.
1107 1216 1126 1239 »

101 1268 222 1309 XIV.
243 1285 263 1308 «
280 1266 469 1311 Plantati
482 1267 527 1310 in
541 1267 673 1312 domo
690 1268 880 1323 Domini,
896 1269 940 1311 in
954 1268 1070 1312 atriis
1079 1267 1236 1312 domus
1251 1269 1329 1312 Dei
1342 1283 1439 1312 nos-

48 1354 68 1378 »
104 1336 158 1380 tri
171 1336 409 1382 florebunt.
430 1336 587 1382 Adhuc
600 1337 1011 1398 multiplicabuntur
1033 1338 1079 1382 in
1098 1347 1268 1383 senecta
1288 1339 1409 1382 uberi
1427 1357 1435 1382 :

49 1424 70 1448 »
105 1415 149 1450 et
177 1407 404 1468 tranquilli
432 1417 582 1463 erunt,
614 1417 664 1452 ut
694 1409 1003 1453 annuntient1.
1031 1427 1051 1450 »
1079 1412 1172 1454 Hoc
1194 1418 1258 1453 est
1284 1409 1442 1453 sabba-

48 1487 166 1532 tum,
193 1479 313 1539 quod
335 1479 460 1523 vobis
492 1479 624 1540 paulo
656 1489 757 1524 ante
795 1480 1123 1536 commendavi,
1160 1480 1279 1524 unde
1310 1481 1444 1524 habet

48 1548 225 1594 titulum
240 1549 451 1594 Psalmus.
471 1549 711 1611 Tranquilli
729 1560 874 1606 erunt⁷
890 1560 940 1594 ut
957 1551 1234 1595 annuntient.
1254 1569 1273 1590 »
1300 1554 1443 1603 Quare

49 1619 275 1682 tranq-Uilli
304 1622 597 1666 annuntiant?
623 1624 721 1668 Non
755 1622 850 1667 illos
875 1632 1021 1667 movet
1050 1621 1219 1666 foenum
1244 1631 1444 1681 peccato-

50 1708 163 1736 rum.
189 1692 356 1737 Cedrus
390 1702 433 1737 et
460 1692 603 1752 palma
633 1709 713 1737 nec
741 1693 787 1736 in
820 1693 1150 1754 tempestatibus
1188 1702 1440 1737 curvantur.

50 1765 165 1821 Ergo
188 1762 413 1822 tranquilli
436 1763 521 1807 sint
539 1799 549 1819 ‚
577 1773 628 1807 ut
648 1764 911 1808 annuntient
933 1783 943 1809 2
977 1773 1020 1807 et
1039 1779 1161 1818 vere⁷
1183 1764 1284 1823 quia
1312 1762 1444 1806 modo

52 1833 405 1878 annuntiandum
420 1843 483 1878 est
500 1843 542 1878 et
565 1835 936 1879 subsannantibus
957 1834 1224 1879 hominibus.
1247 1836 1283 1877 O
1300 1833 1445 1876 miseri

51 1906 250 1949 homines
284 1914 494 1950 amatores
514 1905 669 1950 mundi
685 1942 696 1961 7
732 1906 995 1950 annuntiant
1017 1905 1139 1949 vobis
1167 1904 1243 1965 qui
1264 1903 1448 1963 plantati

54 1984 155 2019 sunt
175 1974 221 2019 in
238 1974 370 2020 domo
393 1976 566 2020 Domini
594 1995 602 2020 :
628 1975 704 2035 qui
724 1977 989 2020 confitentur
1008 1976 1193 2020 Domino
1211 1975 1255 2018 in
1279 1974 1447 2018 cantico

55 2055 99 2090 et
119 2046 301 2100 cithara,
325 2046 371 2089 in
388 2046 523 2090 verbo
545 2056 588 2090 et
610 2062 739 2105 opere
754 2082 764 2102 ,
788 2047 1051 2090 annuntiant
1067 2045 1214 2100 vobis,
1236 2054 1279 2089 et
1297 2045 1450 2089 dicunt

56 2117 179 2161 vobis
199 2137 208 2161 ε
230 2117 374 2163 Nolite
392 2116 540 2161 seduci
562 2116 767 2161 felicitate
779 2117 1048 2177 iniquorum,
1069 2116 1203 2160 nolite
1226 2115 1450 2159 attendere

57 2188 210 2232 florem
227 2186 360 2245 foeni3
381 2187 516 2232 nolite
539 2188 764 2231 attendere
786 2187 841 2231 ad
864 2197 1035 2247 tempus
1063 2188 1234 2241 beatos,
1258 2186 1304 2230 in
1321 2195 1450 2229 [cter-

58 2275 166 2304 num
177 2259 370 2304 miseros.
385 2261 474 2305 Nec
488 2259 568 2304 ista
588 2259 814 2304 beatitudo
829 2295 840 2313 ,
861 2276 961 2320 quae
975 2258 1107 2303 modo
1120 2258 1224 2303 soris
1245 2257 1418 2302 videtur
1438 2293 1449 2313 ,

59 2346 159 2375 vera
182 2340 268 2388 est3
293 2346 373 2374 nec
395 2330 441 2373 in
464 2330 594 2375 corde
623 2330 738 2375 beati
762 2339 884 2386 sunt,
914 2331 1016 2391 quia
1048 2338 1310 2391 torquentur
1341 2328 1453 2372 mala

61 2401 340 2445 conscientia.
362 2403 426 2444 Tu
442 2410 587 2445 autem
605 2400 867 2461 tranquillus
881 2410 971 2445 esto
983 2437 992 2455 ‚
1013 2416 1186 2460 sperans
1201 2399 1255 2443 de.
1270 2399 1455 2459 promis-

62 2472 117 2516 sis
139 2472 312 2516 Domini
341 2471 418 2516 Dei
445 2472 524 2515 tui.
552 2471 667 2524 Quid
689 2472 803 2515 enim
825 2472 1106 2516 annuntiabis
1125 2473 1168 2515 in
1208 2470 1459 2531 tranquilli-

66 2544 179 2586 tate?
206 2561 221 2581 «
244 2543 460 2595 Quoniam
480 2552 621 2586 rectus
638 2543 843 2587 Dominus
859 2546 994 2599 Deus,
1015 2551 1058 2587 et
1071 2558 1160 2587 non
1173 2551 1236 2586 est
1252 2542 1455 2600 iniquitas

117 2633 124 2649 ¹
155 2626 231 2658 Psal.
253 2637 313 2667 xcx,
335 2625 446 2668 πίῃ-ιδ.
