1926 3339
390 295 634 324 ENARRAno
666 297 712 323 IN
743 293 947 323 PsALMUM
977 297 1108 325 xcvn.
1361 287 1446 327 475

65 360 146 407 sibi
171 358 328 405 volunt
349 361 468 405 tubae
486 359 669 405 ductiles
695 368 738 402 et
759 359 879 402 tubae
903 361 1097 403 corneae?
1118 359 1308 405 Ductiles
1330 363 1449 406 tubae

19 474 26 479 .
67 446 192 477 aereae
209 441 327 486 sunt,
353 431 582 475 tundendo
605 430 923 490 producuntur.
945 431 986 476 Si
1004 430 1248 486 tundendo,
1267 447 1451 491 ergova-

64 501 277 564 pulando.
312 501 442 546 Eritis
465 501 586 545 tubae
608 500 806 556 ductiles,
834 502 889 545 ad
909 502 1084 546 laudem
1107 503 1184 547 Dei
1205 505 1447 563 productae,

64 574 213 620 sicum
236 571 510 617 tribulamini
532 573 768 632 proficiatis
791 593 799 618 :
817 573 1041 619 tribulatio
1052 575 1213 631 tunsio,
1229 576 1450 636 profectus

62 643 295 706 productio
326 652 405 687 est.
449 643 573 687 Tuba
606 643 779 688 ductilis
810 654 901 689 crat
932 645 1033 701 Job,
1067 647 1244 706 quando
1271 659 1450 708 repente

62 730 291 777 percussus
313 714 444 758 tantis
463 714 632 758 damnis
660 724 704 758 et
726 715 910 759 orbitate
928 715 1133 772 filiorum,
1158 719 1360 763 tunsione
1376 720 1449 765 illa

63 796 197 832 tantae
219 785 512 831 tribulationis
540 788 677 830 factus
701 787 806 831 tuba
829 786 1026 843 ductilis,
1052 790 1224 848 sonuit3
1252 809 1272 832 «
1296 792 1449 836 Domi-

63 858 86 901 '»
121 873 204 902 nus
225 857 369 913 dedit,
398 858 608 902 Dominus
644 857 825 902 abstulit
842 880 853 917 5
873 859 982 903 sicut
1002 860 1189 905 Domino
1210 860 1372 920 placuit
1390 863 1450 908 ita

64 947 86 972 »
121 929 289 974 factum
311 938 391 985 est,
416 929 471 974 sit
492 945 653 974 nomen
668 930 841 974 Domini
854 929 1204 975 l)enedictum¹.»
1223 934 1449 985 Quomodo

63 1001 243 1046 sonuit!
270 1015 403 1061 quam
438 1015 616 1045 suavem
645 1015 801 1045 sonum
831 1000 977 1045 dedit!
1020 1005 1105 1046 Ista
1141 1002 1314 1047 ductilis
1347 1006 1454 1049 tuba

0 1091 3 1125 ,ι
54 1071 207 1117 ’adhuc
233 1072 434 1116 tunditur
458 1091 468 1116 ε
497 1070 624 1115 datus
647 1081 710 1116 est
734 1072 779 1115 in
802 1081 1077 1132 potestatem,
1104 1082 1154 1117 ut
1175 1083 1220 1117 et
1242 1090 1341 1119 caro
1363 1076 1453 1135 ejus

0 1130 3 1197 l
60 1151 388 1203 percuteretur3
408 1158 607 1202 percussa
630 1152 708 1198 est,
734 1143 870 1202 coepit
893 1152 1154 1202 putrescere,
1179 1153 1342 1188 scatere
1359 1161 1451 1189 ver-

0 1241 2 1291 *
61 1214 221 1259 mibus.
248 1215 478 1274 Supposita
501 1217 593 1258 Eva
615 1213 669 1258 ad
693 1214 1008 1269 seductionem,
1037 1231 1147 1259 uxor
1168 1217 1259 1275 ejus
1286 1226 1451 1260 servata

62 1284 118 1330 ad
135 1285 424 1330 ministerium
452 1284 631 1340 diaboli,
653 1301 741 1329 non
770 1285 826 1329 ad
855 1284 1055 1329 solatium
1080 1286 1239 1340 mariti,
1260 1288 1451 1345 suggerit

0 1344 1 1407 J
61 1355 378 1415 blasphemiam
405 1376 414 1400 :
437 1371 525 1400 non
550 1356 824 1416 obtemperat
845 1355 932 1400 ille.
956 1355 1286 1415 Obtemperavit
1308 1357 1449 1401 Adam

59 1429 166 1472 Evae
179 1428 225 1471 in
243 1426 443 1487 paradiso
456 1430 490 1482 ²,
511 1426 683 1486 repellit
697 1427 837 1471 Adam
852 1430 989 1471 Evam
1004 1427 1049 1471 in
1063 1436 1264 1472 stercore.
1283 1430 1334 1471 In
1349 1437 1452 1472 ster-

61 1512 162 1544 core
183 1498 300 1542 enim
323 1498 503 1542 sedebat
524 1500 547 1541 J
552 1498 624 1553 ob,
644 1513 745 1542 cum
768 1498 925 1542 flueret
946 1507 989 1542 et
1005 1508 1270 1558 putresceret
1289 1500 1450 1543 vermi-

61 1571 159 1615 bus.
180 1568 336 1614 Melior
358 1569 442 1613 Joh
472 1569 611 1628 putris
649 1570 695 1612 in
721 1578 924 1624 stercore,
965 1585 1097 1629 quam
1117 1570 1191 1613 ille
1211 1571 1378 1630 integer
1406 1571 1451 1615 in

56 1640 273 1702 paradiso.
297 1640 382 1685 Sed
396 1640 540 1684 adhuc
558 1639 631 1684 illa
648 1642 739 1684 Eva
757 1649 862 1694 erat,
879 1641 969 1699 jam
990 1639 1063 1683 ille
1077 1639 1216 1684 Adam
1234 1656 1324 1685 non
1340 1651 1446 1685 erat.

57 1712 303 1773 Respondit
332 1715 436 1756 Evae
471 1721 724 1772 praeparatae
747 1711 803 1756 ad
824 1712 949 1755 istam
979 1711 1381 1771 supplantationem
1409 1722 1452 1757 et

57 1784 364 1838 tentationem,
388 1791 431 1826 et
457 1782 516 1826 ait
538 1781 600 1825 illi
624 1802 634 1826 ι
659 1784 675 1840 (
696 1785 810 1826 Ecce
831 1782 1077 1826 audivimus
1099 1784 1322 1843 quomodo
1344 1793 1449 1827 tun-

16 1881 33 1887 e
46 1853 178 1898 ditur
201 1852 330 1897 turba
353 1853 447 1896 ista.
470 1853 686 1896 Percussit
701 1868 801 1895 eum
819 1851 1020 1898 diabolus
1036 1869 1059 1896 a
1076 1853 1216 1912 capite
1238 1868 1377 1913 usque
1394 1853 1450 1897 ad

57 1923 190 1984 pedes
212 1924 330 1982 gravi
356 1923 561 1978 vulnere,
588 1932 631 1966 et
651 1932 903 1983 putrescens
923 1923 1159 1977 vermibus,
1188 1922 1367 1967 sedebat
1403 1923 1450 1967 in

58 2005 260 2040 stercore.
278 1993 538 2039 Audivimus
555 1994 929 2055 quemadmodum
946 2004 1100 2039 tunsus
1123 2004 1203 2050 est,
1223 1994 1451 2039 audiamus

59 2065 283 2128 quomodo
313 2075 436 2110 sonet
469 2085 478 2110 z
510 2065 631 2109 tubae
664 2067 754 2125 ejus
780 2065 954 2110 ductilis
988 2066 1163 2110 dulcem
1203 2080 1371 2120 vocem,
1415 2065 1450 2109 si

58 2137 218 2198 placet,
244 2136 487 2181 audiamus.
510 2141 523 2192 )
545 2153 565 2177 «
590 2139 755 2180 Locuta
779 2151 838 2190 es,
869 2136 1028 2196 inquit,
1055 2138 1376 2196 tanquam'una
1399 2151 1449 2179 ex

62 2226 83 2250 »
117 2207 420 2268 insipientibus
441 2206 715 2251 mulieribus.
746 2207 787 2252 Si
810 2207 924 2251 bona
946 2208 1219 2266 percepimus
1240 2206 1295 2250 de
1317 2222 1450 2250 manu

63 2298 84 2322 »
120 2280 319 2335 Domini,
344 2279 459 2323 mala
477 2295 567 2324 non
590 2279 894 2323 sustinebimus
909 2281 955 2323 3?
978 2297 998 2321 ³)
1025 2280 1061 2322 O
1090 2294 1244 2323 sonum
1263 2277 1448 2322 fortem!

61 2367 88 2396 o
119 2367 275 2397 sonum
309 2350 510 2395 dulcem!
538 2353 679 2404 Quem
709 2367 798 2395 non
827 2350 1115 2395 dormientem
1143 2351 1298 2395 excitet
1322 2365 1452 2394 sonus

60 2423 168 2467 iste?
190 2425 331 2476 Quem
359 2438 448 2466 non
477 2422 635 2466 excitet
665 2422 947 2482 praesumptio
971 2422 1016 2466 in
1044 2425 1156 2477 Deo,
1180 2431 1229 2466 ut
1251 2421 1455 2465 adversus

63 2493 288 2538 diabolum
310 2509 486 2538 securus
514 2492 722 2552 procedat
749 2493 794 2536 in
818 2493 1050 2552 praelium,
1074 2509 1163 2537 non
1183 2492 1269 2536 suis
1290 2491 1454 2535 viribus

63 2564 338 2620 obtenturus,
360 2564 436 2608 sed
453 2563 568 2608 illius
581 2564 658 2623 qui
678 2564 861 2623 probat?
879 2564 986 2616 Quia
1007 2564 1097 2623 ipse
1122 2564 1251 2607 etiam
1275 2560 1420 2605 tundit
1439 2581 1448 2605 :
1470 2599 1478 2606 .

112 2657 120 2672 ¹
142 2650 215 2683 Job.
236 2662 259 2692 1,
283 2660 337 2683 21.
361 2668 401 2673 -
422 2658 434 2673 ²
454 2652 531 2682 Gen.
553 2650 650 2690 11176.
673 2666 713 2671 —
738 2648 750 2672 3
769 2649 840 2681 Job.
870 2661 911 2690 11,
939 2660 987 2681 10.
1163 2671 1193 2699 ὃ
