1926 3339
1912 177 1915 221 i

457 361 542 400 396
888 372 921 400 s.
958 370 1189 399 AUGUSTINI
1222 370 1403 397 EPISCOPI
1912 347 1915 418 Ξ

459 457 478 479 »
513 437 973 494 consummavi,'fidem
990 437 1151 482 servavi
1166 457 1176 493 3
1191 435 1245 480 de
1263 444 1420 480 caetero
1434 443 1628 493 superest
1648 434 1748 478 mihi
1773 444 1843 478 co-'

457 527 477 549 »
513 524 618 553 rona
640 509 846 568 justitiae,
880 523 1012 569 quam
1049 507 1204 550 reddet
1228 506 1333 550 mihi
1357 506 1565 549 Dominus
1588 504 1631 548 in
1660 504 1733 548 illa
1771 504 1842 549 die

457 597 478 620 »
506 580 649 639 justus
664 578 845 639 judex&
881 599 898 620 »
932 581 1016 622 Iste
1047 576 1208 636 gaudet
1235 575 1531 630 coronandus,
1561 584 1605 619 et
1627 575 1756 619 tristis
1778 584 1842 620 est

453 649 526 694 ille
549 659 848 693 coronaturus.
885 649 1054 694 Gaudet
1085 648 1145 691 sic
1167 646 1398 706 Apostolus
1414 682 1425 701 ,
1451 656 1494 690 et
1515 646 1620 690 dicit
1646 646 1840 692 Christus

453 719 662 763 Dominus
680 729 851 764 noster:
877 739 898 762 «
921 722 1048 763 Pater
1063 753 1073 773 ,
1105 717 1138 760 si
1163 717 1255 760 fieri
1277 726 1434 776 potest,
1462 725 1650 760 transcat
1676 717 1747 762 hic
1769 732 1841 761 ca·-

456 807 476 831 »
510 789 610 833 lix2.
648 808 668 831 »
705 789 789 835 Sed
817 790 1036 834 tristitiam
1069 788 1127 833 sic
1150 789 1378 848 assumpsit
1400 787 1621 848 quomodo
1646 803 1836 832 carnem.

451 859 594 904 Nolite
617 861 732 904 enim
753 870 908 920 putare
931 860 1034 921 quia
1056 860 1140 904 hoc
1163 858 1361 913 dicimus,
1393 873 1484 903 non
1510 856 1641 902 fuisse
1674 859 1839 902 tristem

452 931 703 975 Dominum.
733 932 774 976 Si
805 931 920 975 enim
942 932 1025 975 hoc
1053 930 1301 985 dixerimus,
1334 930 1437 990 quia
1465 945 1554 974 non
1577 938 1668 974 erat
1690 929 1837 983 tristis,

451 1017 551 1046 cum
569 1003 853 1061 Evangelium
878 1003 994 1047 dicat
1015 1023 1022 1047 :
1049 1022 1068 1045 «
1093 1002 1240 1046 Tristis
1264 1011 1326 1046 est
1350 1002 1490 1045 anima
1509 1016 1603 1045 mea
1624 1016 1762 1061 usquc
1786 1001 1840 1044 ad

454 1090 474 1114 »
509 1076 718 1118 mortem²3
744 1094 752 1118 :
776 1092 796 1115 »
826 1089 929 1133 ergo
951 1083 993 1118 et
1015 1072 1193 1134 quando
1217 1072 1321 1117 dicit
1343 1071 1658 1131 Evangelium3
1687 1091 1704 1111 «
1732 1075 1840 1116 Dor-

454 1161 474 1184 »
509 1143 632 1188 mivit
653 1147 775 1188 Jesus
788 1148 820 1199 ⁴,
849 1163 869 1186 n
895 1160 983 1189 non
1007 1144 1210 1188 dormivit
1239 1146 1362 1188 Jesus
1394 1163 1402 1187 ;
1427 1152 1470 1187 et
1495 1142 1672 1202 quando
1694 1145 1841 1186 Evau-

450 1213 610 1272 gelium
627 1213 733 1259 dicit
751 1213 1057 1260 :Manducavit
1079 1217 1246 1270 Jesus⁵,
1271 1229 1361 1258 non
1382 1212 1663 1257 manducavit
1685 1216 1806 1257 Jesus
1828 1234 1835 1258 :

449 1284 645 1344 subrepit
669 1285 936 1330 vermiculus
958 1285 1216 1345 putredinis,
1245 1293 1288 1328 et
1310 1284 1419 1328 nihil
1438 1299 1590 1327 sanum
1613 1284 1835 1344 relinquit,
1894 1316 1901 1322 -

447 1363 497 1398 ut
518 1353 703 1409 dicatur,
731 1356 832 1416 quia
855 1365 899 1400 et
915 1371 1073 1415 corpus
1092 1371 1182 1399 non
1199 1365 1290 1399 erat
1311 1370 1480 1409 verum,
1506 1363 1549 1398 et
1567 1369 1740 1398 carnem
1760 1370 1836 1398 ve-

447 1440 537 1468 ram
562 1441 651 1470 non
674 1426 844 1470 habuit.
871 1426 1097 1488 Quidquid
1121 1442 1224 1485 ergo
1247 1427 1301 1470 de
1317 1425 1394 1470 illo
1413 1425 1623 1485 scriptum
1646 1435 1724 1480 est,
1750 1426 1838 1470 fra-
1894 1451 1908 1488 .ss

446 1504 546 1550 tres,
574 1494 736 1540 factum
753 1506 833 1552 est,
855 1512 1009 1541 verum
1031 1506 1110 1541 est.
1136 1500 1253 1556 Ergo
1271 1497 1401 1541 tristis
1417 1495 1526 1540 fuit?
1545 1500 1723 1540 Prorsus
1741 1497 1838 1540 tris·
1904 1509 1907 1534 λ

446 1566 515 1621 tis,
541 1567 617 1611 sed
640 1567 866 1612 voluntate
878 1570 1112 1628 suscipiens
1126 1568 1357 1623 tristitiam,
1375 1567 1597 1629 quomodo
1611 1567 1837 1612 voluntate
1904 1559 1907 1567 ¹

445 1639 679 1698 suscipiens
707 1655 881 1684 carnem
914 1660 923 1685 :
959 1640 1182 1701 quomodo
1215 1640 1441 1685 voluntate
1462 1655 1636 1684 carnem
1659 1655 1803 1684 veram
1823 1675 1833 1695 ,

444 1709 504 1753 sic
527 1709 754 1754 voluntate
776 1711 992 1756 tristitiam
1016 1727 1178 1756 veram.
1209 1712 1276 1756 Sic
1305 1726 1406 1769 ergo
1434 1711 1662 1756 voluntate
1691 1720 1836 1755 osten-

443 1780 509 1824 dit
531 1781 574 1823 in
591 1796 651 1836 se,
674 1791 721 1824 ut
738 1782 771 1825 si
796 1781 908 1826 forte
928 1782 1193 1842 subrepserit
1215 1782 1295 1825 tibi
1317 1783 1511 1826 humana
1528 1781 1771 1837 infirmitas,
1792 1791 1835 1827 ct

442 1852 625 1910 creperit
647 1851 766 1896 aliud
799 1853 910 1897 velle
946 1869 1077 1913 quam
1108 1857 1221 1898 Deus
1249 1853 1366 1909 vult,
1403 1854 1549 1898 videas
1577 1854 1834 1914 pravitatem
1900 1881 1904 1916 3

442 1921 584 1967 cordis
606 1924 670 1967 tui
694 1933 811 1968 extra
833 1923 1025 1982 regulam
1039 1960 1050 1980 ,
1076 1926 1180 1983 figas
1202 1923 1314 1968 illud
1339 1924 1395 1969 ad
1417 1925 1632 1983 regulam,
1663 1934 1707 1969 et
1727 1925 1834 1969 diri·
1900 1944 1904 1983 g

442 2003 570 2052 gatur
590 1995 636 2037 in
668 1998 807 2039 Deum
833 2011 907 2040 cor
933 2005 1076 2051 tuum,
1103 1995 1224 2056 quod
1248 1996 1294 2039 in
1325 1996 1503 2040 homine
1528 2005 1723 2056 coeperat
1745 2012 1835 2041 esse

437 2078 637 2124 pravum.
673 2066 740 2111 Sic
773 2082 877 2125 ergo
906 2067 1116 2112 Dominus
1138 2077 1183 2111 te
1205 2066 1438 2111 osteudens
1466 2066 1576 2111 dixit
1602 2086 1611 2112 :
1641 2087 1661 2109 «
1687 2068 1833 2112 Tristis

443 2154 463 2176 »
498 2145 562 2179 est
578 2137 720 2180 anima
738 2152 835 2181 mea
857 2153 995 2197 usquc
1018 2137 1073 2182 ad
1091 2147 1277 2182 mortem
1304 2158 1312 2182 :
1337 2157 1357 2179 »
1378 2147 1421 2181 et
1442 2137 1567 2193 dixit,
1594 2157 1610 2177 «
1631 2141 1772 2192 Pater,
1798 2139 1831 2182 si
1899 2135 1903 2154 ³

441 2223 461 2247 »
497 2206 589 2250 fieri
609 2216 772 2266 potest,
812 2217 1001 2253 transeat
1028 2225 1050 2253 a
1083 2224 1153 2252 me
1176 2208 1286 2253 calix
1308 2209 1389 2252 iste
1415 2227 1434 2249 n
1468 2207 1553 2253 Sed
1575 2209 1720 2252 statim
1743 2209 1828 2264 fac,

438 2276 558 2337 quod
591 2276 688 2322 ideo
721 2276 822 2322 fecit
838 2314 848 2333 ,
874 2288 926 2323 ut
954 2288 996 2323 te
1026 2278 1202 2324 doceret
1228 2298 1237 2323 ε
1267 2298 1287 2321 «
1312 2281 1476 2322 Verum
1499 2295 1589 2324 non
1611 2278 1732 2340 quod
1749 2295 1830 2338 ego

441 2366 460 2389 »
491 2347 607 2403 volo,
637 2348 713 2392 sed
735 2348 855 2409 quod
877 2358 925 2393 tu
947 2349 1025 2405 vis,
1057 2350 1229 2393 Paterfl.
1259 2367 1278 2390 n
1304 2350 1346 2394 Si
1377 2350 1490 2393 enim
1514 2350 1598 2393 hoc
1623 2349 1825 2404 feceritis,

430 2418 643 2479 justitiam
674 2419 890 2464 habebitis
925 2439 933 2464 :
966 2420 999 2463 si
1024 2420 1237 2480 justitiam
1278 2419 1522 2475 habebitis,
1563 2429 1732 2464 rectum
1766 2429 1828 2464 est

435 2505 510 2535 cor
536 2509 544 2534 :
579 2490 613 2534 si
640 2500 807 2535 rectum
835 2500 898 2535 est
931 2507 1032 2549 cor3
1057 2483 1224 2552 justitia
1266 2490 1338 2536 illa
1361 2508 1460 2551 quae
1489 2491 1621 2537 modo
1650 2492 1823 2547 tolerat,

434 2570 713 2606 convertetur
729 2561 773 2605 in
784 2561 1000 2622 judicium
1019 2583 1029 2620 3
1050 2571 1093 2606 et
1115 2571 1262 2622 postea
1278 2562 1505 2623 judicante
1520 2563 1707 2608 Domino
1729 2573 1822 2618 tuo,

482 2662 491 2680 ¹
517 2664 535 2687 2
554 2656 632 2688 Tim.
662 2667 709 2697 xv,
730 2667 764 2699 7,
784 2656 816 2689 8.
837 2674 878 2678 —
899 2664 911 2678 2
931 2657 1046 2688 Matth.
1063 2668 1150 2696 xxvi,
1171 2657 1224 2700 39.
1246 2674 1288 2680 —
1309 2656 1322 2680 3
1340 2657 1422 2690 Ibid.
1444 2658 1495 2690 38.
1518 2675 1559 2680 —
1577 2656 1653 2690 41d.
1676 2669 1746 2699 vin,
1765 2659 1821 2700 24.

436 2728 477 2733 —-
496 2710 510 2734 ⁵
529 2712 605 2743 Luc.
627 2723 691 2752 xiv,
716 2723 744 2743 1.
767 2729 807 2734 —-
832 2710 846 2733 ⁶
866 2712 978 2744 Matth.
1007 2723 1097 2753 xxvx,
1120 2713 1173 2754 37,
1195 2712 1246 2744 38.
