1926 3339
342 360 582 390 ENAnnA'rio
614 361 659 389 IN
691 358 895 389 PSALMUM
927 360 1118 391 Lxxxvn.
1345 354 1428 394 233

47 429 83 474 si
103 429 174 473 cui
195 442 347 473 eorum
370 427 482 471 inter
502 427 713 471 humanas
739 424 997 470 tentationes
1019 425 1265 470 contristari
1283 436 1325 472 et
1347 429 1430 473 do-

46 498 135 544 lere
151 498 445 555 contingeret,
478 512 568 540 non
595 495 694 540 ideo
716 511 760 540 se
786 495 841 539 ab
864 496 956 556 ejus
979 495 1114 555 gratia
1132 505 1305 555 putaret
1326 496 1432 541 alie-

47 584 181 626 num,
213 577 256 612 et
282 583 371 611 non
402 582 493 610 esse
513 567 591 610 ista
614 574 814 626 peccata,
839 565 915 610 sed
948 567 1151 610 humanae
1173 566 1433 611 infirmitatis

46 639 204 685 indicia
221 675 231 695 ,
270 648 478 700 tanquam
509 637 606 683 voci
636 637 867 697 praemissae
894 637 1126 681 concinens
1154 638 1336 692 chorus,
1372 637 1432 681 ita

47 725 202 769 corpus
228 710 318 770 ejus
347 725 397 752 ex
417 709 511 768 ipso
533 724 610 752 suo
640 708 778 768 capite
799 707 1053 753 addisceret.
1081 711 1131 752 In
1163 708 1246 752 hoc
1269 709 1433 769 quippe

47 796 226 840 corpore
247 781 518 840 praeeipuum
541 778 838 822 membrorum
856 778 1097 838 apostolum
1116 777 1301 823 Paulum
1324 777 1432 836 legi-

46 868 142 897 mus
171 862 213 896 et
242 851 442 896 audimus
465 851 744 895 conflantem
771 849 929 893 talibus
955 849 1077 893 malis
1100 849 1308 909 repletam
1341 850 1434 893 ani-

45 938 162 967 mam
195 938 342 976 suam,
381 937 481 965 611111
510 920 615 964 dicit
651 920 860 964 tristitiam
891 920 972 963 sibi
1005 936 1095 963 esse
1132 935 1357 978 magffnam
1391 929 1435 964 et

46 995 304 1039 continuum
322 993 517 1037 dolorem
530 991 650 1036 cmdi
669 1007 747 1036 suo
765 1007 842 1051 pro
863 967 1069 1035 fratribus
1083 991 1169 1035 suis
1192 991 1434 1035 secundum

46 1080 242 1120 carnem,
267 1064 343 1124 qui
371 1073 473 1107 sunt
494 1062 741 1107 israelitae&
768 1065 852 1107 Pro
874 1062 1035 1122 quibus
1065 1062 1099 1105 si
1132 1063 1434 1106 contristatum

47 1136 238 1181 dicamus
265 1145 307 1179 et
329 1135 561 1179 Dominum
582 1169 593 1188 ,
619 1149 720 1177 eum
745 1132 836 1193 ejus
857 1133 998 1193 passio
1022 1134 1358 1193 propinquaret,
1389 1133 1435 1177 in

46 1224 132 1269 qua
168 1206 230 1251 illi
263 1222 307 1251 56
338 1206 649 1251 immanissimo
676 1204 833 1249 scelere
857 1203 1029 1248 fuerant
1056 1195 1319 1264 obligaturi,
1345 1219 1436 1250 non

47 1279 287 1337 incongrue
305 1293 382 1321 nos
400 1275 544 1320 dicere
567 1276 775 1320 existimo.

105 1353 181 1395 IV.
199 1349 396 1408 Denique
413 1347 523 1392 iilud
545 1347 665 1408 quod
684 1347 728 1390 in
751 1363 879 1392 cruce
902 1346 1009 1391 dixit
1031 1366 1039 1390 :
1065 1365 1084 1388 (1
1103 1346 1437 1406 1Ρ3161“,1ς110566

48 1439 68 1462 »
104 1420 217 1475 illis,
258 1420 359 1481 quia
393 1419 593 1463 nesciunt
640 1417 748 1479 quid
781 1418 1012 1463 faciunt22
1050 1436 1070 1459 ³>
1105 1418 1236 1462 etiam
1270 1418 1316 1462 in
1354 1418 1436 1462 isto

48 1491 219 1536 Psalmo
241 1491 444 1549 deinceps
463 1489 621 1533 dieitur
647 1509 655 1533 ;
685 1508 704 1531 «
735 1492 976 1549 Deputatus
1005 1504 1101 1532 sum
1130 1504 1228 1533 cum
1253 1488 1437 1533 descen-

36 1579 70 1603 r»
105 1560 311 1605 dentibus
331 1561 376 1603 in
391 1560 560 1604 laeum3
579 1578 588 1603 :
608 1577 628 1600 »
650 1558 804 1618 utique
829 1575 851 1602 3
876 1558 1169 1602 nescientibus
1191 1558 1294 1618 quid
1320 1559 1439 1603 face-

46 1641 157 1686 rent,
183 1632 259 1692 qui
276 1646 377 1675 eum
395 1631 453 1674 sic
472 1629 581 1674 mori
604 1638 886 1689 putaverunt,
906 1640 954 1673 ut
970 1629 1218 1673 moriuntur
1240 1630 1438 1674 homines

46 1703 190 1748 caeteri
210 1738 220 1757 ,
245 1712 456 1762 tanquam
485 1701 728 1745 necessitati
750 1700 974 1745 subditum
999 1711 1129 1761 atque
1150 1700 1224 1744 illa
1251 1701 1438 1745 necessi—

45 1784 133 1820 tate
153 1774 390 1819 devictnm.
417 1777 579 1819 Lacum
597 1772 714 1816 enim
736 1772 865 1828 dixit,
891 1772 961 1817 vel
983 1772 1164 1817 miseriae
1185 1772 1257 1817 vel
1278 1771 1438 1817 inferni

45 1844 405 1906 profunditatem.

105 1920 157 1962 V.
185 1936 205 1959 «
231 1920 390 1962 Factus
412 1932 506 1960 sum
526 1951 536 1969 ,
572 1916 741 1976 inquit,
774 1915 886 1960 sicut
912 1916 1045 1960 homo
1077 1915 1168 1959 sine
1197 1915 1437 1974 adjutorio,

49 2005 70 2028 »
104 1988 217 2031 inter
245 1997 439 2032 mortuos
466 1986 621 2032 1111614.
651 2005 670 2027 1)
698 1990 750 2030 In
779 1987 845 2030 his
866 1986 1010 2030 verbis
1042 1986 1228 2030 maxime
1255 2002 1440 2047 persona

46 2058 219 2102 Domini
242 2067 435 2117 apparet.
462 2058 564 2111 Quis
581 2058 697 2100 enim
721 2056 830 2101 311115
859 2057 975 2100 inter
997 2066 1192 2101 mortuos
1213 2056 1337 2111 liber,
1359 2058 1441 2100 nisi

47 2128 92 2172 in
113 2127 395 2172 similitudine
418 2128 557 2172 carnis
580 2129 745 2187 peccati
762 2130 775 2154 ⁵
806 2128 923 2171 inter
943 2137 1185 2186 peccatores
1209 2127 1324 2171 solus
1351 2128 1442 2171 sine

47 2200 254 2258 peccato?
290 2197 414 2243 Unde
447 2197 530 2242 illis
554 2198 630 2259 qui
665 2213 708 2242 56.
728 2198 984 2257 insipienter
1006 2197 1165 2241 liberos
1194 2198 1408 2257 ruitabant
1430 2217 1438 2244 :

53 2287 72 2310 ι(
105 2270 256 2312 Omnis
273 2305 284 2324 ,
312 2270 397 2323 ait,
418 2269 492 2328 qui
515 2267 619 2312 facit
642 2278 869 2328 peccatum
887 2303 897 2322 ,
923 2283 1070 2312 servus
1094 2277 1155 2312 est
1173 2268 1340 2328 peceati
1356 2269 1387 2311 ⁶.
1419 2286 1438 2308 »

48 2342 104 2383 Et
125 2340 226 2399 quia
258 2356 336 2399 per
357 2355 457 2383 eum
486 2340 561 2400 qui
590 2355 679 2383 non
706 2339 900 2382 habebat
928 2350 1176 2398 peecatum,
1210 2338 1443 2398 oportebat

48 2409 221 2454 liberari
243 2427 266 2454 a
290 2411 474 2470 peccatis
497 2430 506 2454 ;
544 2430 560 2450 «
591 2410 633 2455 Si
656 2426 730 2454 vos
748 2445 758 2465 ,
791 2409 963 2471 inquit,
1002 2409 1138 2454 Filius
1166 2409 1440 2465 liberaverit,

10 2535 16 2541 ⁴
37 2498 73 2521 t«
108 2490 211 2525 tunc
228 2498 328 2525 vere
355 2481 482 2525 liberi
504 2482 619 2525 eritis
637 2483 668 2524 ⁷.
692 2499 711 2522 »
734 2481 815 2526 Hic
838 2497 941 2540 ergo
961 2481 1074 2524 inter
1095 2490 1289 2525 mortuos
1312 2480 1440 2535 liber,

48 2552 122 2610 qui
143 2552 190 2595 in
211 2561 424 2612 potestate
441 2553 633 2596 habebat
654 2568 816 2612 ponere
835 2553 1024 2596 animam
1047 2568 1168 2596 suam
1186 2587 1197 2606 ,
1225 2562 1268 2596 et
1285 2552 1445 2595 iterum

98 2655 106 2671 ¹
133 2651 223 2680 Rom.
247 2660 290 2690 ix,
311 2648 381 2690 2-2.
408 2666 449 2672 —
476 2656 489 2671 2
510 2652 588 2681 Luc.
607 2661 696 2690 xxiii,
716 2650 772 2682 28.
793 2666 832 2672 —
858 2647 872 2671 3
893 2649 974 2681 Psal.
996 2661 1137 2689 Lxxxvu,
1158 2648 1193 2690 5,
1218 2665 1260 2671 —
1277 2647 1292 2674 4
1310 2647 1391 2681 Ibid.
1408 2647 1441 2680 6.

52 2719 89 2726 -ψ
108 2702 121 2725 5
137 2706 228 2738 Rom.
247 2715 318 2746 vm,
341 2706 357 2735 3
390 2722 430 2727 —-
446 2703 460 2723 s*
480 2707 572 2736 Joan.
594 2715 659 2745 vm,
677 2703 730 2746 34.
754 2722 794 2727 -
819 2712 832 2737 7
852 2704 921 2736 thid
960 2705 1012 2736 36.
