1926 3339
442 320 521 357 355
870 329 902 355 S.
943 331 1166 357 Aiocsrmi
1203 332 1380 358 Eriscori

439 395 683 450 maledixit,
719 411 807 439 non
840 405 935 455 post
966 395 1140 445 dorsum
1177 406 1324 451 tuum,
1367 396 1623 456 praecinctus
1655 411 1699 438 cs
1725 394 1815 438 illa.

497 469 551 512 V.
577 468 673 509 Jam
695 478 845 510 caelera
867 465 1107 514 audiamus.
1131 469 1276 512 Brevis
1293 476 1357 511 est
1379 465 1586 511 Psalmus.
1612 465 1818 512 «Etenim

441 537 767 583 »confirmavit
800 536 950 579 orbem
978 545 1125 590 terrae,
1151 536 1227 596 qui
1258 552 1348 581 non
1379 535 1768 581 commovebitur1.
1795 551 1816 575 »

439 607 620 661 Videtis,
647 606 816 659 fratres,
840 604 968 649 multi
990 604 1175 650 credunt
1188 606 1234 649 in
1256 607 1493 661 Christum,
1519 621 1676 664 magna
1694 604 1821 668 turba

439 688 503 722 est
529 698 537 722 :
564 687 606 720 et
626 687 772 721 tamen
793 676 837 719 in
871 677 952 720 hac
986 691 1142 734 magna
1168 676 1319 731 turba,
1343 676 1520 720 audistis
1549 675 1696 725 modo,
1721 690 1822 720 cum

440 746 726 804 Evangelium
748 745 981 804 legeretur,
1006 745 1106 805 quia
1127 747 1272 789 veniet
1294 747 1502 790 Dominus
1519 744 1660 791 serens
1682 745 1820 805 palam

440 819 486 861 in
502 832 635 860 manu
651 832 743 871 sua,
759 826 802 859 et
818 815 1051 859 mundabit
1065 831 1206 859 aream
1220 832 1358 871 suam,
1379 815 1650 861 frumentum
1672 831 1825 860 recon-

439 887 513 931 det
535 887 581 930 in
602 888 773 940 horreo,
799 885 942 945 paleas
964 886 1193 929 comburet
1214 886 1301 945 igni
1326 886 1686 946 inextinguibili2.
1716 888 1826 931 Sunt

442 973 544 1016 ergo
566 973 643 1016 per
664 966 799 1000 totam
825 966 979 999 terram
998 964 1039 999 et
1066 955 1171 1000 boni
1193 965 1235 999 et
1258 955 1359 1000 mali
1382 977 1390 1002 ;
1415 957 1520 1001 boni
1548 971 1678 1014 grana
1706 964 1824 1010 sunt,

440 1027 543 1072 mali
565 1027 702 1087 palca.
727 1031 778 1070 In
796 1042 937 1070 aream
960 1027 1093 1070 intrat
1118 1026 1278 1085 tribula
1302 1047 1311 1072 ;
1336 1025 1504 1087 paleam
1521 1026 1726 1081 concidit,
1747 1025 1827 1069 tri-

442 1101 578 1144 ticum
607 1108 778 1158 purgat.
818 1099 922 1152 Quis
950 1108 1013 1142 est
1049 1113 1152 1156 ergo
1181 1117 1200 1138 «
1229 1099 1353 1142 Orbis
1384 1108 1591 1143 terrarum
1627 1098 1703 1158 qui
1739 1113 1827 1141 non

444 1188 464 1211 n
500 1169 876 1214 commovebitur?
897 1187 915 1208 η
938 1169 1068 1222 Quod
1102 1169 1254 1228 utique
1288 1185 1375 1213 non
1401 1168 1588 1223 diceret,
1618 1169 1698 1212 nisi
1721 1177 1830 1212 esset

442 1250 485 1284 et
506 1239 622 1284 orbis
646 1248 860 1282 terrarum
888 1239 964 1299 qui
992 1239 1353 1299 commovebitur.
1376 1242 1451 1282 Est
1479 1239 1593 1286 orbis
1615 1249 1830 1283 terrarum

443 1311 520 1370 qui
543 1326 631 1353 non
655 1309 1030 1366 conimov‹2·bitur;
1064 1319 1127 1353 est
1155 1309 1271 1354 orbis
1294 1320 1505 1353 terrarum
1530 1310 1605 1370 qui
1634 1325 1830 1354 commo-

441 1381 630 1424 vebitur.
660 1381 770 1433 Quia
792 1389 833 1423 et
866 1380 968 1424 boni
991 1381 1066 1441 qui
1088 1381 1260 1425 stabiles
1283 1390 1381 1425 sunt
1405 1381 1449 1424 in
1472 1380 1580 1436 fide,
1605 1380 1719 1425 orbis
1743 1390 1830 1427 ter-

445 1466 592 1495 rarum
614 1460 677 1494 est
713 1470 721 1495 :
754 1466 808 1493 ne
831 1451 926 1511 quis
949 1451 1127 1506 diceret,
1154 1455 1205 1495 In
1232 1461 1353 1512 parte
1383 1461 1507 1509 sunt,
1533 1461 1575 1496 et
1597 1450 1730 1506 mali,
1757 1451 1833 1512 qui

444 1539 533 1566 nou
555 1531 669 1565 stant
695 1522 739 1565 in
772 1521 859 1565 fide
886 1538 986 1565 cum
1021 1523 1235 1566 senserint
1262 1522 1451 1582 aliquam
1476 1522 1800 1566 tribulationem
1818 1557 1829 1576 ,

443 1609 521 1652 pcr
539 1592 688 1636 orbem
711 1602 922 1636 terrarum
941 1602 1057 1636 sunt.
1084 1596 1161 1637 Est
1188 1609 1289 1652 ergo
1313 1593 1426 1637 orbis
1455 1602 1667 1636 terrarum
1691 1592 1834 1636 mobi-

445 1663 522 1720 lis,
543 1671 606 1706 est
629 1663 745 1707 orbis
772 1673 982 1706 terrarum
1005 1663 1239 1708 immobilis
1267 1683 1275 1708 :
1304 1664 1386 1707 de³
1406 1680 1493 1724 quo
1517 1663 1622 1708 dicit
1645 1667 1834 1722 Aposto-

443 1734 528 1778 lus.
560 1733 670 1776 Vidc
698 1734 849 1777 orbcm
878 1743 1090 1778 terrarum
1114 1734 1320 1779 mobilem
1351 1754 1359 1779 :
1391 1737 1513 1792 Rogo
1535 1743 1577 1778 te
1600 1734 1654 1778 de
1673 1734 1835 1794 quibus

449 1804 624 1848 dicebat
652 1803 884 1862 Apostolus
920 1823 927 1848 :
959 1824 978 1845 «
1011 1808 1075 1848 Ex
1099 1805 1258 1865 quibus
1281 1814 1344 1848 est
1371 1807 1637 1862 Hymenaeus
1665 1814 1708 1848 et
1731 1805 1835 1851 Phi-

452 1896 469 1915 »
505 1873 619 1917 letus
637 1909 648 1928 ,
678 1875 753 1933 qui
789 1877 900 1918 circa
928 1876 1153 1919 veritatem
1178 1876 1513 1930 aberraverunt,
1539 1875 1731 1919 dicentes
1766 1891 1835 1927 re-

450 1963 469 1983 »
506 1944 817 1987 surrectionem
846 1946 936 2004 jam
966 1944 1123 1989 factam.
1154 1961 1243 1989 csse
1268 1982 1279 2001 ,
1312 1955 1355 1990 et
1391 1945 1522 1990 fidem
1544 1946 1834 2007 quorumdam

451 2037 466 2056 »
504 2016 840 2058 su1.›vertunt⁴?»
858 2016 1082 2076 Numquid
1098 2017 1166 2060 isti
1182 2016 1237 2061 ad
1252 2018 1402 2062 orbem
1418 2026 1629 2061 terrarum
1645 2018 1835 2076 pertine-

444 2087 564 2140 bant,
587 2086 662 2146 qui
682 2102 768 2129 non
789 2088 1163 2131 commovebitur?
1184 2088 1268 2132 Sed
1286 2088 1409 2147 palea
1433 2097 1555 2132 erant
1581 2108 1590 2134 :
1611 2091 1667 2132 Et
1683 2089 1832 2143 fidem,

448 2176 467 2197 »
502 2158 662 2217 inquit,
689 2158 979 2218 quorumdam
1002 2159 1278 2203 subvertunt.
1300 2178 1318 2199 υ
1334 2162 1431 2204 Non
1447 2158 1572 2214 dixit,
1597 2159 1832 2204 Omnium:

443 2237 486 2271 et
528 2229 560 2271 si
605 2229 803 2271 omnium
853 2227 1015 2272 diceret
1040 2264 1050 2283 ,
1095 2244 1245 2272 omnes
1294 2227 1534 2287 intelligere
1578 2227 1836 2273 deberemus

442 2299 706 2356 pertinentes
729 2298 783 2341 ad
802 2298 1024 2342 civitatem
1046 2298 1351 2356 Babyloniam,
1373 2315 1471 2358 quae
1490 2299 1624 2343 habet
1638 2298 1836 2343 damnari

441 2384 541 2412 cum
569 2368 742 2413 diabolo
775 2390 782 2413 :
815 2380 960 2414 tamen
997 2391 1016 2411 «
1049 2370 1201 2414 Fidem
1235 2370 1527 2430 quorumdam
1560 2389 1580 2411 n
1614 2370 1736 2414 dixit.
1761 2373 1835 2415 'Et

434 2439 557 2498 quasi
585 2439 802 2483 diceretur
831 2441 891 2493 ei,
932 2444 986 2484 Et
1016 2442 1112 2501 quis
1138 2441 1196 2484 eis
1221 2450 1361 2499 potest
1392 2441 1619 2485 resistere?
1642 2442 1831 2501 subjecit

433 2508 578 2552 statim
605 2529 612 2552 :
634 2528 652 2549 «
681 2509 877 2552 Firmum
900 2520 1045 2554 autem
1068 2510 1409 2555 fundamentum
1431 2511 1507 2555 Dei
1529 2513 1653 2555 stat⁵.
1673 2532 1690 2552 »
1717 2514 1831 2555 Ecce

481 2612 487 2626 ¹
512 2605 589 2636 usal.
612 2618 679 2642 (cii,
707 2618 712 2635 ι
762 2623 792 2628 -
811 2614 822 2627 ²
844 2608 1019 2644 ll:·it'1.m,
1043 2617 1088 2638 12.
1113 2606 1177 2629 ——3
1201 2608 1304 2638 Forte
1323 2608 1362 2639 de
1383 2613 1529 2650 utroque.
1558 2624 1593 2629 -
1612 2606 1624 2637 4
1644 2616 1663 2639 2
1679 2607 1756 2639 Tim.
1780 2619 1821 2648 ιι,

534 2661 551 2673 ἢ

438 2672 495 2701 ¹7·
514 2673 563 2691 m.
590 2679 627 2682 —
650 2659 664 2681 ⁵
691 2661 759 2691 Ihm
799 2673 847 2703 ες).
