1926 3339
405 244 645 276 ENARRATIO
678 250 721 276 m
755 246 959 277 PsALMUM
991 251 1142 279 XCVIII·
1385 243 1468 282 495

84 310 308 372 sequitur?
331 330 353 354 «
380 315 446 356 Tu
468 313 680 372 propitius
697 312 816 358 fuisti
835 312 918 358 illis
932 349 943 368 ,
960 323 1003 358 et
1019 314 1243 360 vindicans
1260 317 1305 361 in
1320 333 1469 363 omnes

88 400 109 423 »-
142 381 394 428 affectiones
424 398 591 428 eorum.
622 401 643 424 »
669 384 812 428 Etiam
834 383 1060 429 vindicans
1088 385 1301 444 propitius
1322 388 1466 446 fuisti,

83 467 173 496 non
195 453 337 498 solum
355 454 522 498 donans
544 463 718 512 peccata
734 489 745 510 ,
771 454 847 498 sed
862 454 992 499 etiam
1008 454 1235 500 vindicans
1257 458 1469 516 propitius

81 521 219 566 fuisti.
244 523 421 579 Videte,
457 523 611 568 fratres
645 524 756 580 mei,
787 524 895 586 quid
923 525 992 569 hic
1013 525 1364 583 commendavit,
1397 526 1469 570 ad-

83 593 252 637 vertite.
276 592 345 638 Illi
365 597 478 638 Deus
496 594 708 651 irascitur,
725 611 856 656 quem
876 605 1126 655 peccantem
1146 612 1236 640 non
1260 595 1464 655 flagellat.

81 665 191 708 Nam
210 664 282 708 cui
299 680 398 708 vere
417 665 631 725 propitius
654 675 738 722 est,
764 682 853 711 non
874 666 1014 711 solum
1039 666 1174 711 donat
1190 676 1388 726 peccata,
1414 681 1469 711 ne

82 729 267 779 nocean't
281 735 554 780 adfuturum
568 737 776 782 saeculum
794 757 803 783 ε
824 737 899 782 sed
912 739 1041 782 etiam
1061 738 1241 797 castigat
1253 773 1263 793 ,
1283 753 1339 782 ne
1356 753 1470 782 sem-

82 821 159 865 per
172 821 350 865 peccare
373 807 572 853 delectet.

139 878 240 921 XII.
263 877 406 936 Agite,
433 877 601 934 fratres,
625 878 848 938 quomodo
865 879 911 922 in
932 878 1015 922 illis
1037 877 1308 922 vindicatum
1331 887 1411 933 cst,
1436 878 1469 923 si

81 961 344 1005 quaeramus,
365 947 504 993 aderit
520 948 730 993 Dominus
748 958 798 992 ut
815 948 971 992 dicam.
990 954 1242 1001 Quaeramus
1257 948 1371 992 enim
1386 958 1470 992 tres

80 1015 187 1077 istas*
202 1032 423 1076 personas,
454 1021 638 1076 Moysen
655 1053 666 1073 ,
692 1027 736 1063 et
756 1022 917 1073 Aaron,
944 1027 987 1062 et
1007 1018 1269 1072 Samuelem,
1292 1028 1335 1062 et
1354 1034 1469 1078 quo-

81 1086 213 1132 modo
245 1088 290 1132 in
318 1089 377 1132 eis
409 1088 678 1133 vindicatum
711 1089 785 1144 sit,
813 1089 914 1149 quia
950 1088 1058 1133 dixit
1085 1104 1093 1129 ;
1126 1107 1145 1129 «
1166 1088 1402 1132 Vindicans
1425 1089 1470 1131 in

86 1176 104 1198 »
140 1173 289 1202 omnes
313 1159 563 1203 affectiones
588 1175 755 1204 eorum.
792 1178 812 1200 »
841 1160 1000 1219 Utique
1029 1175 1098 1203 eas
1133 1159 1381 1202 affectiones
1404 1158 1470 1201 di-

81 1242 182 1272 cens
210 1244 360 1274 eorum
376 1265 387 1285 ,
413 1246 519 1290 quas
542 1231 751 1275 Dominus
779 1239 960 1275 noverat
980 1229 1026 1273 in
1046 1229 1251 1274 cordibus
1274 1228 1466 1283 illorum,

80 1315 186 1358 quas
208 1301 407 1345 homines
427 1317 517 1346 non
538 1311 763 1347 noverant.
795 1301 971 1346 Etenim
998 1301 1090 1345 sine
1120 1299 1296 1361 quercla
1327 1301 1471 1344 homi-

80 1387 189 1416 num
210 1373 493 1417 versabantur
510 1374 556 1417 in
579 1374 724 1418 medio
744 1372 884 1433 plebis
906 1373 1000 1418 Dei.
1029 1373 1114 1418 Sed
1131 1372 1238 1433 quid
1259 1371 1471 1415 dicimus?

81 1441 184 1503 quia
205 1447 378 1502 Moyses
398 1445 556 1489 habuit
577 1445 763 1504 primam
791 1446 925 1489 vitam
954 1444 1135 1489 fortasse
1157 1443 1470 1503 peccatricem?

79 1517 189 1560 Nam
215 1525 258 1560 et
278 1532 482 1576 percusso
509 1518 702 1571 homine,
735 1516 847 1574 fugit
872 1517 926 1561 de
950 1519 1188 1575 AEgypto1.
1232 1514 1396 1559 Habuit
1428 1522 1472 1557 et

80 1589 227 1631 Aaron
243 1588 429 1647 primam
449 1588 582 1633 vitam
604 1605 703 1648 quae
722 1587 969 1648 displiceret
987 1592 1092 1632 Deo.
1119 1590 1227 1632 Nam
1249 1587 1339 1646 ipse
1356 1585 1471 1629 insa-

80 1657 217 1701 nienti
246 1658 412 1717 populo
429 1667 473 1702 et
497 1657 659 1703 furenti
675 1658 843 1704 idolum
866 1658 1062 1718 permisit
1086 1667 1132 1701 ut
1153 1657 1291 1711 fieret,
1318 1665 1361 1699 et
1377 1656 1470 1700 fac-

81 1736 176 1772 tum
195 1738 258 1772 est
275 1727 440 1788 populo
469 1729 546 1773 Dei
563 1728 730 1773 idolum
755 1727 877 1788 quod
898 1728 1097 1772 adoraret
1110 1731 1142 1771 ἵ.
1173 1725 1345 1772 Samuel
1363 1725 1471 1785 quid

80 1796 200 1854 fecit,
225 1797 368 1843 infans
391 1798 446 1842 ad
475 1798 686 1858 templum
709 1799 862 1843 datus?
890 1800 1051 1843 Omnes
1075 1807 1222 1842 aetates
1243 1813 1340 1841 suas
1358 1796 1472 1840 inter

81 1879 228 1914 sancta
246 1879 510 1914 sacramenta
531 1870 610 1914 Dei
632 1870 814 1929 peregit,
841 1870 895 1913 ab
917 1870 1096 1913 ineunte
1124 1877 1252 1912 aetate
1281 1865 1471 1911 famulus

81 1940 158 1984 Dei
174 1942 206 1984 3.
232 1940 350 1986 Nihil
371 1956 564 2001 unquam
583 1939 749 1985 dictum
772 1949 834 1984 est
855 1940 909 1984 de
935 1939 1148 1993 Samuele,
1178 1937 1288 1981 nihil
1309 1938 1364 1981 ab
1386 1937 1470 1981 ho-

80 2010 287 2055 minibus.
313 2014 502 2057 Noverat
522 2011 581 2055 ibi
614 2011 729 2055 forte
752 2014 869 2055 Deus
892 2009 1057 2070 aliquid
1079 2008 1200 2069 quod
1226 2016 1432 2067 purgaret
1459 2026 1467 2051 :

81 2082 185 2141 quia
206 2092 250 2127 et
271 2083 394 2143 quod
421 2082 664 2142 perfectum
682 2084 772 2141 jam
804 2082 977 2126 videtur
1000 2080 1267 2132 hominibus,
1287 2078 1350 2122 illi
1372 2094 1472 2137 per-

79 2151 261 2197 fectioni
276 2153 420 2198 adhuc
437 2153 741 2213 imperfectum
763 2162 840 2197 est.
864 2151 1073 2211 Pleraque
1088 2150 1255 2194 faciunt
1269 2150 1467 2204 artifices,

82 2231 126 2266 et
143 2223 381 2268 ostendunt
402 2224 635 2283 imperitis,
660 2233 703 2267 et
727 2239 828 2267 cum
847 2223 937 2282 jam
958 2221 1251 2282 judicaverint
1282 2220 1471 2279 imperiti

83 2308 171 2338 esse
195 2293 402 2354 perfecta,
428 2294 654 2354 expoliunt
675 2293 749 2337 illa
773 2293 971 2347 artifices,
998 2292 1072 2352 qui
1091 2299 1307 2335 noverunt
1327 2289 1471 2334 adhuc

82 2366 190 2425 quid
204 2365 288 2410 illis
302 2366 428 2422 desit,
450 2376 500 2411 ut
515 2366 729 2410 mirentur
751 2365 948 2409 homines
970 2373 1135 2408 tantam
1161 2361 1471 2422 expolitionem

83 2436 213 2481 rebus
237 2437 462 2488 accidisse,
494 2453 602 2498 quas
625 2443 716 2493 jam
738 2436 950 2496 perfectas
971 2434 1372 2494 pronuntiaverant.
1400 2432 1470 2476 Fit

82 2507 167 2552 hoc
188 2516 232 2552 et
253 2507 300 2552 in
322 2507 529 2564 aedificiis,
550 2516 594 2552 et
614 2507 660 2551 in
689 2506 884 2567 pictum,
909 2514 952 2549 et
974 2506 1020 2548 in
1042 2503 1248 2558 vestibUS,
1270 2511 1313 2546 et
1335 2517 1470 2561 prope

132 2596 142 2614 ¹
167 2592 265 2626 Exod.
286 2601 380 2635 11,12
399 2597 432 2626 et
451 2592 501 2626 15.
524 2609 564 2615 —
582 2597 594 2615 ²
614 2591 778 2632 1d.xxxu‚
801 2589 867 2633 1-4.
894 2606 934 2612 ν·-
961 2587 973 2612 ³
997 2600 1008 2621 1
1028 2590 1106 2631 Reg.
1125 2599 1147 2629 1,
1168 2586 1224 2630 24,
1244 2590 1277 2619 et
1290 2598 1340 2629 ιιι,
1365 2598 1392 2619 1.
