1926 3339
415 316 655 344 EuAnnAno
687 319 732 344 nv
766 317 968 345 PsALMUM
1003 320 1120 345 xcui.
1360 312 1442 349 367

56 380 265 434 humano,
291 390 335 425 et
353 383 610 441 castigatum
625 391 689 426 est
709 381 810 426 inde
829 397 966 441 genus
984 383 1226 426 humanum
1244 401 1254 434 ;
1281 386 1314 428 si
1337 403 1443 446 cog-

54 460 205 494 noscat
226 451 448 510 flagellum
467 453 612 511 patris,
633 462 676 496 et
691 453 842 496 timeat
862 454 1120 497 sententiam
1137 453 1311 513 judicis.
1330 459 1443 501 Cum

55 534 160 579 ergo
182 530 292 565 esset
312 522 382 565 hic
404 522 556 566 eadem
575 524 730 567 domus
751 537 924 582 magna,
955 522 1082 567 multi
1104 524 1185 567 sub
1207 523 1280 567 illa
1304 539 1446 582 geme-

58 591 164 636 bant
179 627 189 642 ,
228 595 584 649 murmurabant,
636 595 1013 655 reprehendebant
1034 630 1044 650 ‚
1088 596 1416 641 detestabantur
1430 634 1441 655 ‚

3 685 7 688 ·
57 660 430 722 blasphemabant.
458 665 690 718 Quomodo
712 682 755 710 se
779 675 946 710 arctant
968 667 1180 720 homines,
1215 677 1257 710 et.
1282 666 1445 712 dantur

58 731 206 777 divino
239 732 312 778 illo
336 735 500 794 judicio
528 736 653 780 multi
681 737 726 780 in
755 736 1126 797 concupiscentias
1155 737 1296 781 cordis
1314 739 1379 782 sui
1400 741 1446 783 ¹?

60 803 212 848 Subito
233 805 398 850 fiebant
418 806 550 866 ipsius
571 809 726 851 domus
746 807 809 850 illi
825 808 901 868 qui
926 807 1260 851 murmurabant
1281 807 1336 851 de
1356 810 1445 868 ipsa

57 873 215 932 dom03
240 884 284 917 et
301 876 356 918 ab
378 877 436 920 eis
460 877 559 920 talia
581 877 780 921 homines
799 878 1098 936 patiebantur,
1125 878 1268 939 qualia
1290 895 1335 922 se
1356 881 1446 939 pati

56 944 137 1003 ipsi
159 961 182 988 a
199 945 357 990 talibus
380 947 510 1006 paulo
527 958 626 992 ante
647 949 959 1008 querebantur.
980 952 1126 992 Bonus
1149 963 1250 1006 ergo
1274 948 1346 991 illc
1364 959 1443 1003 est,

56 1013 132 1073 qui
152 1024 196 1059 et
216 1016 394 1076 quando
417 1027 555 1076 potest
579 1017 864 1073 malefacere,
890 1033 979 1062 non
997 1018 1103 1062 facit
1126 1038 1134 1062 ε
1156 1018 1303 1078 dequo
1315 1020 1448 1079 scrip-

57 1094 152 1128 tum
172 1096 235 1130 est
257 1106 265 1131 :
296 1106 314 1128 «
340 1088 422 1141 Qui
447 1089 589 1147 potuit
615 1089 858 1148 transgredi
880 1098 923 1132 et
946 1103 1034 1133 non
1053 1100 1116 1132 est
1139 1098 1444 1146 transgressus,

60 1174 78 1196 »
115 1165 158 1199 et
180 1155 320 1201 facere
338 1158 450 1202 mala
468 1169 510 1203 et
533 1175 623 1203 non
645 1159 747 1203 fecit
767 1179 775 1204 t
798 1160 895 1220 quis
915 1169 977 1203 est
1000 1161 1084 1214 bic,
1111 1169 1152 1202 et
1170 1159 1447 1204 laudabimus

60 1245 80 1268 »
115 1230 247 1271 eum?
268 1230 387 1273 Fecit
410 1231 524 1274 enim
554 1230 766 1274 mirabilia
789 1231 835 1274 in
857 1231 944 1274 vita
968 1247 1044 1274 sua
1060 1235 1091 1274 Ἰ.
1124 1250 1141 1271 »
1167 1231 1448 1290 Loquebatur

59 1298 279 1358 Scriptura
302 1300 357 1344 de
379 1302 629 1360 potentibus
651 1301 973 1345 innocentibus.
992 1305 1046 1345 Et
1065 1302 1194 1360 lupus
1217 1302 1333 1344 enim
1352 1311 1449 1345 tan-

59 1377 150 1412 tum
172 1370 268 1415 vult
297 1388 480 1428 nocere,
510 1382 724 1433 quantum
748 1372 831 1416 leo.
871 1371 1138 1415 Dissimiliter
1171 1381 1346 1425 nocent,
1372 1371 1448 1415 sed

56 1456 145 1484 non
177 1442 441 1503 dissimiliter
469 1446 668 1505 cupiunt.
697 1448 784 1489 Leo
817 1445 933 1488 enim
963 1460 1052 1488 non
1081 1444 1223 1487 solum
1247 1453 1447 1487 contem-

55 1512 122 1555 nit
147 1528 299 1557 canem
322 1514 579 1572 latranten13
601 1515 675 1559 sed
699 1518 829 1559 etiam
852 1514 994 1574 fugat,
1027 1524 1070 1557 et
1094 1514 1215 1557 venit
1239 1512 1295 1557 ad
1317 1512 1445 1568 ovile,

56 1583 513 1629 etobmutescentibus
535 1586 716 1629 canibus
732 1585 842 1644 rapit
864 1584 986 1645 quod
1009 1593 1152 1643 potest
1177 1603 1186 1628 :
1207 1584 1339 1643 lupus
1359 1599 1450 1627 non

55 1654 186 1698 audet
208 1655 320 1699 inter
347 1655 529 1701 latratus
546 1673 719 1701 canum.
742 1655 969 1716 Numquid
986 1665 1213 1715 propterea
1234 1655 1338 1715 quia
1360 1670 1450 1698 non

54 1725 199 1783 potuit
228 1725 399 1771 auferre
422 1743 444 1772 a
477 1728 656 1772 canibus
685 1729 882 1782 territus,
915 1726 1190 1770 innocentior
1213 1724 1450 1768 remeavit?

56 1797 191 1839 Docet
213 1811 317 1855 ergo
350 1801 463 1842 Deus
496 1798 792 1842 innocentiam
810 1833 821 1850 ‚
862 1806 913 1840 ut
939 1797 1126 1857 quisque
1154 1796 1363 1839 innocens
1397 1794 1451 1837 sit

56 1881 144 1909 non
170 1867 322 1911 timore
345 1883 512 1927 poenae,
549 1868 624 1912 sed
648 1883 794 1912 amore
813 1867 1009 1927 justitiae.
1044 1869 1165 1909 Tunc
1192 1865 1308 1908 enim
1339 1863 1450 1907 liber

54 1947 117 1980 est
137 1937 361 1994 innocens,
381 1949 424 1983 et
450 1956 578 1984 verus
596 1948 658 1983 est
683 1940 907 2001 innocens.
935 1937 1015 1990 Qui
1036 1946 1180 1980 autem
1203 1937 1359 1979 timore
1382 1935 1450 1978 in·-

53 2022 213 2052 nocens
226 2009 289 2063 fit,
302 2026 391 2054 non
402 2019 466 2053 est
476 2010 701 2065 innocens,
713 2009 911 2070 quamvis
927 2024 1015 2052 non
1028 2005 1451 2051 noceatcuivultno-

53 2094 164 2123 cere.
181 2083 278 2126 Non
290 2082 406 2124 enim
421 2091 549 2126 nocet
561 2081 683 2125 alteri
699 2096 775 2140 per
791 2079 962 2124 factum
976 2079 1156 2131 nialum‚
1173 2076 1246 2122 sed
1262 2077 1341 2120 sibi
1357 2077 1450 2135 plu-

55 2151 213 2195 rimum
228 2168 303 2211 per
316 2154 602 2212 cupiditatem
618 2153 791 2197 malam.
810 2155 921 2197 Nam
935 2150 1160 2212 quomodo
1173 2150 1251 2193 sibi
1270 2158 1425 2193 noceat
1436 2183 1446 2203 ,

56 2221 157 2266 audi
173 2224 440 2283 Scripturam
457 2244 465 2269 :
482 2246 498 2264 «
518 2224 604 2278 Qui
625 2234 771 2268 autem
796 2233 912 2266 amat
933 2222 1226 2282 iniquitatem,
1253 2219 1346 2263 odit
1363 2219 1448 2262 ani·

59 2311 79 2333 »
96 2308 210 2337 mam
219 2296 387 2339 suam3»
400 2298 456 2339 Et
471 2311 618 2339 revera
634 2294 823 2338 multum
838 2303 960 2337 erant
971 2293 1186 2345 homines,
1205 2291 1280 2350 qui
1293 2299 1450 2350 putant

56 2362 309 2423 injustitiam
332 2374 453 2409 suam
471 2364 563 2409 aliis
585 2381 757 2419 nocere,
783 2373 826 2408 et
849 2364 930 2407 sibi
949 2379 1037 2406 non
1055 2377 1227 2406 nocere.
1254 2360 1322 2404 Ad
1347 2358 1452 2404 alios

57 2434 255 2492 procedit
290 2435 496 2497 iniquitas
518 2436 765 2497 cujuslibet,
792 2444 842 2478 ut
859 2434 1029 2493 corpori
1058 2441 1230 2486 noceat⁷
1270 2440 1320 2474 ut
1358 2446 1449 2474 rem

58 2502 471 2561 familiaremlaedat,
489 2516 539 2549 ut
554 2506 703 2550 villam
724 2505 920 2559 invadat,
946 2514 996 2548 ut
1021 2503 1288 2562 mancipium
1307 2501 1450 2545 abdu—

58 2583 147 2630 cat,
172 2584 222 2620 ut
250 2592 405 2620 aurum
444 2575 630 2632 auferat,
657 2585 734 2620 aut
756 2584 1005 2635 argentum,
1030 2573 1101 2618 vel
1132 2574 1165 2617 si
1201 2571 1307 2632 quid
1330 2570 1450 2615 aliud

109 2662 118 2681 ¹
140 2661 231 2692 Rom.
251 2672 274 2702 ι,
294 2659 348 2703 24.
371 2678 409 2684 -
429 2666 442 2683 ¹
464 2660 561 2693 Eccli.
588 2671 676 2699 xxxi,
689 2669 725 2702 9,
750 2671 801 2692 10.
817 2676 858 2682 -
880 2656 892 2681 3
913 2658 991 2690 Psal.
1016 2669 1048 2698 x,
1069 2660 1101 2689 6.
