1926 3339
421 262 661 291 EnAnaAno
693 266 737 292 m
772 268 972 295 »sunum
1008 273 1117 298 xcix.
1364 268 1444 307 417

64 336 139 379 per
172 323 429 382 Prophetam
463 329 601 370 Deum
633 337 676 372 et
705 330 938 374 Dominum
974 342 1110 377 tuum.
1141 340 1296 382 Parum
1332 344 1445 387 enim

63 401 178 445 erat,
207 394 309 452 quia
345 395 548 440 terribilis
584 413 713 457 super
742 402 885 446 omnia
920 402 1135 449 daemonia
1169 410 1309 466 Deus3
1340 414 1446 471 quid

61 475 265 518 magnum
291 499 300 518 ,
335 479 423 508 esse
456 481 585 526 super
612 470 766 513 ‘omnia
803 471 1052 518 daemonia?
1083 495 1100 517 «
1131 479 1237 530 Quia
1261 479 1319 522 dii
1343 497 1447 539 gen-

63 548 82 571 »
118 530 226 575 tium
250 532 480 579 daemonia.
507 537 625 582 »Ubi
645 548 788 584 autem
814 547 922 586 Deus
945 547 1076 588 tuus?
1103 549 1348 594 «Dominus
1367 568 1446 596 311-

62 619 82 642 »
117 611 204 646 tem
240 604 372 649 coelos
402 605 517 652 fecit.
547 627 566 650 »
600 609 716 654 Illud
739 610 842 657 fecit
869 617 1072 661 Dominus
1100 629 1226 671 tuus,
1253 622 1330 666 ubi
1357 640 1446 669 non

57 683 239 731 possunt
269 675 466 721 habitare
489 678 701 725 daemonia
726 701 733 726 :
768 683 822 727 de
855 685 975 730 coelis
1008 689 1124 732 enim
1147 690 1314 751 dejecta
1344 705 1446 740 sunt

56 741 286 788 daemonia.
313 746 424 790 Coeli
449 761 768 809 praeponuntur
791 753 1031 812 daemoniis,
1050 761 1258 806 Dominus
1278 773 1378 809 tuus
1402 775 1446 810 01

55 812 175 857 000115
192 834 202 869 3
222 815 324 874 quia
348 819 556 863 Dominus
580 830 680 865 tuus
702 833 745 867 et
762 825 896 869 coelos
918 827 1036 872 fecit.
1063 832 1238 882 Quanto
1256 850 1357 893 ergo
1377 837 1443 881 al-

55 883 138 927 tior
175 883 401 931 daemoniis
424 888 504 933 diis
526 891 721 948 gentium
739 929 751 948 ,
792 896 867 954 qui
889 896 1016 941 altior
1052 910 1115 944 est
1145 903 1264 948 coelis
1281 941 1292 959 ,
1325 908 1443 952 unde

53 953 305 999 ceciderunt
327 957 489 1014 angeli,
520 969 569 1003 ut
591 961 744 1006 fierent
767 964 1013 1012 daemonia?
1035 973 1091 1013 Et
1119 981 1263 1018 tamen
1294 987 1442 1034 gentes

53 1041 202 1070 omnes
235 1029 316 1071 sub
345 1029 618 1076 daemonibus
641 1044 763 1078 erant
788 1055 795 1079 :
822 1036 1097 1085 daemonibus
1122 1044 1282 1104 templa
1308 1046 1439 1093 fabri-

53 1105 145 1140 cata
163 1107 285 1146 sunt,
313 1099 587 1146 daemonibus
609 1119 693 1146 arae
715 1116 992 1163 constructae,
1015 1110 1290 1159 daemonibus
1306 1133 1443 1163 sacer-

52 1167 174 1211 dotes
206 1169 417 1225 instituti,
445 1171 720 1220 daemonibus
743 1178 887 1223 oblata
910 1182 1116 1227 sacrificia
1135 1221 1145 1239 ,
1167 1186 1441 1236 daemonibus

44 1239 261 1298 *arreptitii
290 1249 500 1301 tanquam
521 1254 640 1288 vates
660 1246 844 1292 inducti.
873 1254 977 1296 Haec
1001 1255 1146 1299 omnia
1165 1257 1440 1307 daemonibus

50 1318 196 1365 gentes
218 1310 512 1357 exhibuerunt
529 1349 540 1369 ,
567 1315 661 1360 haec
689 1319 833 1363 omnia
855 1336 955 1365 vera
985 1325 1158 1369 nonnisi
1183 1328 1259 1371 uni
1279 1345 1439 1389 magno

49 1381 137 1423 Deo
155 1379 373 1426 debentur
395 1403 402 1427 :
424 1385 638 1445 templum
662 1387 859 1434 fecerunt
878 1403 1024 1449 gentes
1043 1395 1340 1459 daemonibus3
1362 1403 1434 1447 113-

46 1448 122 1492 bet
144 1453 258 1496 Deus
281 1452 495 1512 templum
522 1475 530 1498 :
556 1458 798 1503 sacerdotes
822 1460 1019 1508 fecerunt
1050 1477 1196 1523 gentes
1220 1470 1434 1516 daemoni-

44 1518 153 1575 bus,
194 1521 327 1565 habet
357 1525 471 1567 Deus
505 1527 773 1572 sacerdotem
809 1550 818 1574 :
851 1534 1109 1579 sacrificium
1144 1540 1435 1587 exhibuerunt

44 1600 191 1648 gentes
224 1592 517 1651 daemonibus,
553 1597 684 1642 habet
716 1603 827 1645 Deus
860 1605 1134 1651 sacrificium.
1174 1612 1347 1656 Etenim
1371 1614 1434 1658 illi

42 1661 262 1707 daemones
288 1663 483 1710 volentes
516 1667 654 1712 videri
686 1671 772 1724 dii,
805 1688 895 1717 non
926 1676 1005 1719 sibi
1036 1677 1115 1722 ista
1138 1681 1362 1740 exigerent
1386 1695 1435 1729 ut

39 1729 242 1777 fallerent
257 1769 268 1788 ,
296 1734 377 1778 nisi
397 1737 664 1796 quiamsciunt
688 1755 737 1784 ea
761 1741 909 1787 deberi
934 1760 1037 1790 vero
1064 1751 1168 1793 Deo.
1200 1754 1292 1796 Hoc
1317 1756 1433 1798 enim

40 1818 133 1847 mos
165 1815 230 1848 est
258 1804 409 1850 deberi
446 1824 548 1853 vero
577 1813 667 1855 Deo
685 1846 695 1865 ‚
731 1814 851 1872 quod
884 1816 964 1859 sibi
986 1818 1118 1877 exigit
1152 1819 1283 1866 falsus
1307 1824 1430 1870 deus.

40 1876 156 1933 Ergo
176 1891 329 1920 verum
353 1878 566 1938 templum
601 1882 678 1925 Dei
702 1886 989 1941 agnoscimus.
1021 1908 1039 1929 «
1064 1891 1289 1950 Templum
1315 1896 1430 1940 enim

42 1962 62 1985 »
98 1945 174 1988 Dei
194 1956 391 1991 sanctum
412 1958 500 2003 est,
526 1951 684 2011 inquit,
710 1954 830 2014 quod
854 1958 951 2001 estis
975 1974 1048 2003 vos
1065 1963 1094 2003 1.
1117 1980 1134 2001 »
1164 1962 1206 2006 Si
1227 1979 1329 2022 ergo
1351 1982 1429 2011 nos

38 2030 187 2060 sumus
202 2016 416 2077 templum
438 2020 536 2078 Dei3
557 2037 628 2066 ara
646 2024 723 2067 Dei
740 2026 884 2070 anima
904 2038 1047 2073 nostra
1068 2040 1145 2075 est.
1161 2035 1427 2082 Sacrificium

38 2086 115 2129 Dei
136 2086 245 2146 quid
266 2090 358 2132 est?
373 2092 502 2134 Forte
525 2092 607 2136 hoc
629 2093 811 2139 facimus
832 2099 983 2152 modo,
1008 2100 1271 2159 imponimus
1293 2106 1337 2149 in
1356 2123 1427 2153 ara

37 2156 294 2202 sacrificium
319 2194 330 2213 ,
366 2160 543 2219 quando
580 2165 718 2208 Deum
748 2165 975 2213 laudamus
1004 2189 1012 2213 ;
1049 2170 1176 2216 docet
1198 2175 1314 2219 enim
1348 2194 1426 2222 nos

38 2227 258 2284 Psalmus,
279 2229 428 2274 dicens
449 2250 457 2274 :
488 2251 507 2273 «
535 2234 799 2280 Sacrificium
822 2236 962 2282 laudis
985 2239 1246 2299 glorificabit
1262 2262 1356 2302 me,
1383 2258 1427 2293 et

41 2316 60 2339 »
95 2298 156 2342 ibi
177 2299 245 2343 via
281 2310 343 2344 051
360 2336 370 2356 ,
400 2302 479 2345 ubi
502 2305 729 2350 ostendam
747 2307 811 2351 illi
836 2308 1021 2354 salutare
1044 2313 1120 2356 Dei
1136 2316 1167 2357 ².
1200 2334 1218 2355 »
1245 2320 1300 2360 At
1324 2334 1425 2364 vero

37 2368 304 2414 sacerdotem
327 2371 361 2414 si
389 2373 603 2432 requiras,
630 2391 759 2436 super
780 2378 913 2423 coelos
941 2390 1003 2424 est
1030 2400 1038 2425 :
1070 2381 1320 2444 interpellat
1344 2404 1424 2447 pro

39 2446 81 2482 te
96 2474 107 2492 ,
133 2440 208 2499 qui
231 2441 275 2484 in
299 2450 410 2486 terra
441 2453 639 2489 mortuus
661 2456 723 2490 est
745 2463 823 2507 pro
847 2452 930 2493 te3.
952 2453 1069 2510 Ergo
1086 2487 1096 2507 ,
1122 2472 1141 2495 «
1168 2457 1280 2500 Deus
1302 2473 1426 2518 mag-

41 2527 62 2550 »
96 2526 178 2554 nus
209 2521 274 2556 est
295 2514 505 2559 Dominus
521 2551 532 2570 ,
566 2525 608 2560 et
631 2533 703 2561 rex
734 2534 917 2578 magnus
939 2537 1068 2582 super
1089 2540 1237 2570 omnes
1256 2528 1373 2573 deos.
1399 2549 1418 2571 »

84 2600 93 2616 ¹
114 2596 186 2628 Cor,
206 2607 256 2638 111,
280 2608 329 2639 17.
353 2615 394 2621 -·
415 2606 427 2621 ²
448 2600 525 2632 Psal.
553 2612 638 2641 xtix,
659 2603 712 2634 23.
736 2620 777 2625 -—
797 2602 809 2626 3
830 2607 918 2636 Rom.
941 2617 1010 2648 vni,
1035 2608 1088 2649 34'.

250 2661 389 2692 cxvn.
1211 2668 1261 2705 27
