1926 3339
348 315 591 348 ENARnA-no
622 318 670 345 ΙΝ
701 313 905 345 PsALMUM
936 317 1090 345 Lxxxv.
1326 310 1408 347 193

30 398 131 443 ergo
144 397 235 428 non
252 383 366 428 nosti
379 418 395 439 ,
418 381 512 427 redi
528 380 583 426 ad
604 397 679 426 cor
699 391 826 425 tuum
844 415 855 435 ,
881 379 1049 424 dimitte
1070 382 1161 425 Deo
1184 380 1413 426 consilium

29 469 172 500 suum.
193 453 310 507 Quid
326 468 450 512 ergo,
470 452 637 512 inquis,
654 450 835 496 faciam?
857 450 966 510 quid
987 452 1135 495 orem?
1156 450 1271 504 Quid
1289 467 1383 496 ores
1396 453 1415 492 ‘2

31 523 156 578 Quod
180 532 223 567 te
241 522 392 567 docuit
414 522 624 566 Dominus
641 557 652 577 ,
672 519 793 581 quod
813 530 856 565 te
877 520 1027 565 docuit
1051 519 1238 565 coelestis
1254 522 1414 579 Magis-

29 604 109 640 ter.
135 597 295 638 Invoca
322 600 458 637 Deum
486 602 697 653 tanquam
718 596 881 648 Deum,
922 608 1017 637 ama
1037 595 1179 637 Deum
1205 601 1414 653 tanquam

31 670 186 712 Deum.
214 664 296 709 Illo
316 663 472 709 melius
493 664 602 708 nihil
623 674 688 709 est
710 683 719 710 :
744 665 887 724 ipsum
907 663 1103 708 desidera
1120 700 1130 720 ,
1155 664 1297 724 ipsum
1315 680 1414 709 con-

31 735 217 796 cupisce.
239 736 351 780 Vide
366 736 642 780 invocantem
666 738 805 780 Deum
821 735 866 779 in
888 735 972 779 alio
995 734 1166 779 Psalmo
1193 754 1202 779 :
1233 754 1253 777 «
1275 737 1416 779 Unam

35 824 57 849 »
90 806 194 866 petii
211 821 235 850 a
255 805 442 850 Domino
458 841 468 861 ‚
492 807 606 850 hanc
627 806 860 866 requiram.
880 804 1031 859 »Quid
1054 814 1116 850 est
1133 804 1254 865 quod
1280 806 1417 864 petit?

35 895 58 921 «
90 879 148 922 Ut
181 877 424 922 inhabitem
453 877 500 920 in
536 876 668 921 domo
702 875 874 920 Domini
911 891 989 934 per
1020 891 1170 919 omnes
1205 875 1295 919 dies
1316 875 1418 919 vitae

34 965 56 989 »
91 961 213 990 meae.
247 964 268 988 >›
299 945 466 1007 thuid
498 947 615 991 hoc?
646 965 667 988 «
694 948 751 990 Ut
778 945 1050 1005 contempler
1084 944 1419 989 delectationem

35 1035 56 1060 >›
91 1012 310 1062 D‘omini1.
339 1035 360 1058 »
388 1017 431 1062 Si
456 1031 560 1076 ergo
593 1025 759 1060 amator
788 1016 865 1060 Dei
887 1031 977 1059 esse
1002 1017 1093 1071 vis,
1129 1014 1420 1060 sincerissimis

33 1087 232 1132 medullis
255 1088 467 1148 castisque
484 1087 674 1146 suspiriis
696 1087 837 1146 ipsum
861 1086 1021 1146 dilige,
1046 1087 1188 1146 ipsum
1212 1102 1308 1132 ama
1323 1122 1333 1142 ‚
1359 1085 1422 1130 illi

34 1158 193 1218 flagra,
217 1157 280 1202 illi
296 1158 415 1201 inhia
436 1173 525 1218 quo
536 1156 775 1218 jucundius
793 1157 901 1201 nihil
924 1158 1106 1214 invenis,
1132 1174 1221 1218 quo
1247 1157 1419 1212 melius,

34 1244 122 1290 quo
148 1228 289 1272 laetius
306 1264 317 1285 ,
344 1244 433 1288 quo
456 1227 721 1273 diuturnius.
747 1228 864 1281 Quid
886 1228 1002 1272 enim
1018 1237 1108 1272 tam
1130 1228 1389 1273 diuturnum
1408 1263 1419 1282 ,

35 1314 166 1360 quam
186 1299 233 1342 id
262 1299 383 1359 quod
397 1308 461 1343 est
482 1299 821 1359 sempiternum?
843 1301 942 1344 Non
963 1301 1088 1344 times
1108 1315 1164 1344 ne
1185 1298 1423 1359 aliquando

36 1386 60 1415 a
84 1379 127 1414 te
161 1379 338 1430 pereat,
373 1370 450 1431 qui
485 1369 591 1415 facit
612 1386 667 1414 ne
689 1379 738 1414 tu
759 1385 922 1430 pereas.
962 1371 1004 1415 Si
1041 1386 1145 1430 ergo
1174 1379 1225 1415 tu
1245 1371 1424 1414 invocas

36 1443 176 1485 Deum
197 1450 408 1502 tanquam
429 1444 569 1485 Deum
585 1476 596 1496 ,
625 1456 798 1485 securus
827 1450 940 1496 esto,
967 1440 1209 1485 exaudiris:
1234 1442 1424 1500 pertines

35 1510 91 1556 ad
103 1512 235 1556 istum
251 1527 425 1557 versum
443 1547 454 1568 ,
485 1531 505 1554 «
524 1514 582 1556 Et
599 1511 790 1555 multum
811 1511 1051 1555 misericors
1074 1511 1278 1556 omnibus
1301 1511 1426 1556 invo-

38 1600 59 1624 »
91 1581 293 1626 cantibus
312 1590 371 1626 te.
400 1599 421 1623 »

94 1655 172 1698 IX.
196 1652 295 1699 Noli
316 1667 418 1711 ergo
454 1653 599 1698 dicere
620 1673 631 1698 :
668 1652 786 1698 Illud
808 1653 915 1697 mihi
946 1668 1036 1698 non
1072 1652 1209 1697 dedit.
1236 1652 1349 1697 Redi
1372 1651 1427 1696 ad

36 1723 345 1769 conscientiam
372 1733 518 1779 tuam,
544 1724 672 1779 libra,
698 1724 917 1783 interroga
933 1759 944 1779 ,
973 1738 1150 1783 parcere
1168 1722 1230 1767 illi
1252 1722 1357 1767 noli.
1383 1723 1426 1767 Si

35 1809 135 1840 vere
153 1796 292 1837 Deum
306 1794 515 1838 invocasti
530 1829 541 1849 ,
561 1804 704 1838 certus
725 1803 816 1839 esto
837 1796 939 1855 quia
962 1793 1008 1837 id
1029 1793 1142 1838 forte
1163 1793 1285 1853 quod
1306 1791 1426 1837 vole-

37 1863 112 1908 bas
129 1862 445 1923 temporaliter,
469 1863 568 1908 ideo
585 1880 671 1910 non
696 1863 839 1920 dedit,
867 1864 968 1925 quia
991 1880 1080 1910 non
1103 1865 1180 1908 tibi
1203 1863 1420 1923 proderat.

37 1933 294 1979 AEdificetur
314 1935 360 1977 in
382 1935 465 1978 hoc
486 1950 561 1979 cor
580 1944 796 1986 vestrum,
826 1935 998 1990 iratres,
1024 1951 1099 1980 cor
1119 1935 1421 1990 christianum,

37 2020 111 2049 cor
124 2003 253 2049 fidele
274 2024 284 2049 ε
313 2020 369 2048 ne
390 2005 607 2065 incipiatis
628 2006 769 2050 tristes
792 2006 893 2050 facti
909 2042 919 2062 ,
947 2006 1083 2051 veluti
1101 2005 1289 2051 fraudati
1312 2007 1424 2051 desi-

38 2074 165 2119 deriis
181 2076 352 2131 vestris,
378 2075 440 2120 ire
462 2076 508 2119 in
525 2075 870 2134 indignationem
893 2086 1044 2121 contra
1068 2081 1222 2122 Deum.
1248 2078 1423 2121 Etenim

39 2161 128 2190 non
149 2145 325 2205 expedit
344 2146 545 2190 adversus
564 2146 788 2191 stimulum
815 2147 1041 2191 calcitrare
1058 2151 1091 2191 ².
1122 2149 1347 2193 Recurrite
1370 2147 1425 2192 ad

42 2216 295 2276 Scripturas.
329 2215 575 2260 Exauditur
594 2215 795 2261 diabolus
813 2252 824 2273 ,
860 2227 902 2261 ct
925 2233 1014 2262 non
1036 2218 1265 2261 exauditur
1287 2222 1427 2277 Apos-

40 2286 168 2332 tolus.
192 2286 311 2339 Quid
332 2286 455 2330 vobis
470 2285 668 2332 videtur?
689 2288 913 2347 quomodo
943 2288 1236 2333 exaudiuntur
1258 2289 1426 2333 daemo-

40 2359 149 2402 nes?
182 2357 406 2402 Petierunt
438 2372 481 2401 se
504 2357 565 2401 ire
585 2357 631 2401 in
653 2373 807 2417 porcos
822 2393 839 2415 ,Γ
859 2368 902 2402 et
934 2374 1186 2403 concessum
1221 2369 1283 2403 est
1316 2360 1374 2403 eis
1390 2362 1422 2404 3.

42 2428 267 2480 Quomodo
289 2427 517 2471 exauditus
539 2436 603 2471 est
624 2416 856 2472 diabolus?
876 2428 1003 2472 Pctiit
1025 2429 1111 2473 Job
1130 2428 1389 2473 tentandum
1411 2466 1421 2485 ,

43 2506 84 2542 et
101 2498 311 2557 accepit4.
337 2496 567 2550 Quomodo
589 2513 678 2542 non
706 2498 935 2542 exauditus
961 2508 1024 2542 est
1043 2499 1302 2558 Apostolus?
1330 2519 1349 2542 «
1375 2504 1427 2544 ln

46 2586 66 2610 »
99 2568 400 2628 magnitudine
416 2604 427 2624 ,
457 2569 599 2629 inquit
615 2605 625 2624 ,
650 2570 965 2614 revelationum
991 2586 1046 2614 ne
1067 2570 1248 2615 extollar
1263 2606 1274 2626 ,
1301 2572 1426 2616 datus
1480 2567 1485 2573 ’

91 2661 99 2677 ¹
122 2654 202 2686 Psal.
223 2665 309 2691 xxvn,
327 2653 358 2694 4.
381 2671 421 2676 --
441 2661 454 2676 2
473 2657 546 2686 Act.
566 2665 612 2695 ix,
631 2653 662 2685 5.
686 2672 724 2677 -
744 2654 757 2677 3
775 2655 888 2687 Matth.
911 2666 982 2696 vm,
1010 2654 1062 2687 32.
1087 2672 1128 2677 —
1142 2654 1157 2680 -4
1175 2656 1248 2687 Job.
1266 2668 1290 2693 1,
1315 2665 1364 2688 12.

232 2717 371 2747 cxvn.
1223 2711 1270 2748 33
