<?xml version="1.0" encoding="UTF-8"?>
<!DOCTYPE html PUBLIC "-//W3C//DTD XHTML 1.0 Transitional//EN"
    "http://www.w3.org/TR/xhtml1/DTD/xhtml1-transitional.dtd">
<html xmlns="http://www.w3.org/1999/xhtml" xml:lang="en" lang="en">
 <head>
  <title>
</title>
<meta http-equiv="Content-Type" content="text/html;charset=utf-8" />
  <meta name='ocr-system' content='tesseract 3.04.00' />
  <meta name='ocr-capabilities' content='ocr_page ocr_carea ocr_par ocr_line ocrx_word'/>
</head>
<body>
  <div class='ocr_page' id='page_1' title='image "./operaomniaaccura10auguuoft_0329.png"; bbox 0 0 1926 3339; ppageno 0'>
   <div class='ocr_carea' id='block_1_1' title="bbox 218 279 1451 326">
    <p class='ocr_par' dir='ltr' id='par_1_1' title="bbox 218 279 1451 326">
     <span class='ocr_line' id='line_1_1' title="bbox 218 279 1451 326; baseline 0.001 -10"><span class='ocrx_word' id='word_1_1' title='bbox 218 288 460 318; x_wconf 63' lang='grc' dir='ltr'><strong>ΕΝΑῃιιΑΤῐο</strong></span> <span class='ocrx_word' id='word_1_2' title='bbox 492 290 507 319; x_wconf 84' lang='lat'>1</span> <span class='ocrx_word' id='word_1_3' title='bbox 541 289 585 316; x_wconf 77' lang='lat' dir='ltr'>m</span> <span class='ocrx_word' id='word_1_4' title='bbox 617 288 819 316; x_wconf 75' lang='lat' dir='ltr'>PsALMUM</span> <span class='ocrx_word' id='word_1_5' title='bbox 852 288 1070 326; x_wconf 73' lang='lat' dir='ltr'>Lxxxvm,</span> <span class='ocrx_word' id='word_1_6' title='bbox 1105 287 1244 317; x_wconf 73' lang='lat' dir='ltr'>sEnMO</span> <span class='ocrx_word' id='word_1_7' title='bbox 1276 292 1306 317; x_wconf 78' lang='grc' dir='ltr'>ῐ.</span> <span class='ocrx_word' id='word_1_8' title='bbox 1369 279 1451 317; x_wconf 76' lang='lat'>261</span> 
     </span>
    </p>
   </div>
   <div class='ocr_carea' id='block_1_2' title="bbox 52 353 1464 2535">
    <p class='ocr_par' dir='ltr' id='par_1_2' title="bbox 76 353 1459 539">
     <span class='ocr_line' id='line_1_2' title="bbox 76 353 1457 408; baseline 0.001 -10"><span class='ocrx_word' id='word_1_9' title='bbox 76 355 142 399; x_wconf 86' lang='lat' dir='ltr'>isti</span> <span class='ocrx_word' id='word_1_10' title='bbox 162 375 170 400; x_wconf 89' lang='lat'>:</span> <span class='ocrx_word' id='word_1_11' title='bbox 201 373 221 396; x_wconf 90' lang='lat'>«</span> <span class='ocrx_word' id='word_1_12' title='bbox 240 357 338 399; x_wconf 93' lang='lat' dir='ltr'>Non</span> <span class='ocrx_word' id='word_1_13' title='bbox 360 353 501 406; x_wconf 86' lang='lat' dir='ltr'>nobis,</span> <span class='ocrx_word' id='word_1_14' title='bbox 524 354 724 408; x_wconf 89' lang='lat' dir='ltr'>Domine,</span> <span class='ocrx_word' id='word_1_15' title='bbox 750 369 839 398; x_wconf 90' lang='lat' dir='ltr'>non</span> <span class='ocrx_word' id='word_1_16' title='bbox 857 353 998 408; x_wconf 87' lang='lat' dir='ltr'>nobis,</span> <span class='ocrx_word' id='word_1_17' title='bbox 1023 354 1096 397; x_wconf 89' lang='lat' dir='ltr'>sed</span> <span class='ocrx_word' id='word_1_18' title='bbox 1121 354 1287 398; x_wconf 87' lang='lat' dir='ltr'>nomini</span> <span class='ocrx_word' id='word_1_19' title='bbox 1309 363 1387 398; x_wconf 89' lang='lat' dir='ltr'>tuo</span> <span class='ocrx_word' id='word_1_20' title='bbox 1401 354 1457 399; x_wconf 87' lang='lat' dir='ltr'>da</span> 
     </span>
     <span class='ocr_line' id='line_1_3' title="bbox 78 423 1459 484; baseline 0.001 -18"><span class='ocrx_word' id='word_1_21' title='bbox 78 444 98 467; x_wconf 88' lang='lat'>»</span> <span class='ocrx_word' id='word_1_22' title='bbox 135 425 335 484; x_wconf 83' lang='lat' dir='ltr'>gloriam:</span> <span class='ocrx_word' id='word_1_23' title='bbox 353 442 373 464; x_wconf 89' lang='lat'>»</span> <span class='ocrx_word' id='word_1_24' title='bbox 389 432 565 484; x_wconf 87' lang='lat' dir='ltr'>propter</span> <span class='ocrx_word' id='word_1_25' title='bbox 577 439 695 467; x_wconf 89' lang='lat' dir='ltr'>mare</span> <span class='ocrx_word' id='word_1_26' title='bbox 715 424 894 468; x_wconf 82' lang='lat' dir='ltr'>saeviens</span> <span class='ocrx_word' id='word_1_27' title='bbox 911 443 919 469; x_wconf 90' lang='lat'>:</span> <span class='ocrx_word' id='word_1_28' title='bbox 937 427 1034 469; x_wconf 87' lang='lat' dir='ltr'>«Ne</span> <span class='ocrx_word' id='word_1_29' title='bbox 1052 423 1163 468; x_wconf 85' lang='lat' dir='ltr'>forte</span> <span class='ocrx_word' id='word_1_30' title='bbox 1181 423 1330 469; x_wconf 89' lang='lat' dir='ltr'>dicant</span> <span class='ocrx_word' id='word_1_31' title='bbox 1351 440 1459 483; x_wconf 86' lang='lat' dir='ltr'>gen-</span> 
     </span>
     <span class='ocr_line' id='line_1_4' title="bbox 78 494 821 539; baseline -0.001 -4"><span class='ocrx_word' id='word_1_32' title='bbox 78 513 98 536; x_wconf 88' lang='lat'>»</span> <span class='ocrx_word' id='word_1_33' title='bbox 133 504 195 539; x_wconf 80' lang='lat' dir='ltr'>tes</span> <span class='ocrx_word' id='word_1_34' title='bbox 215 514 223 539; x_wconf 90' lang='lat'>:</span> <span class='ocrx_word' id='word_1_35' title='bbox 249 494 332 538; x_wconf 90' lang='lat' dir='ltr'>Ubi</span> <span class='ocrx_word' id='word_1_36' title='bbox 357 503 421 538; x_wconf 83' lang='lat' dir='ltr'>est</span> <span class='ocrx_word' id='word_1_37' title='bbox 438 497 550 538; x_wconf 89' lang='lat' dir='ltr'>Deus</span> <span class='ocrx_word' id='word_1_38' title='bbox 568 509 719 537; x_wconf 88' lang='lat' dir='ltr'>eorum</span> <span class='ocrx_word' id='word_1_39' title='bbox 737 495 778 537; x_wconf 79' lang='lat'>¹?</span> <span class='ocrx_word' id='word_1_40' title='bbox 800 512 821 534; x_wconf 86' lang='lat'>»</span> 
     </span>
    </p>

    <p class='ocr_par' dir='ltr' id='par_1_3' title="bbox 73 565 1461 895">
     <span class='ocr_line' id='line_1_5' title="bbox 133 565 1461 625; baseline 0 -15"><span class='ocrx_word' id='word_1_41' title='bbox 133 568 251 610; x_wconf 84' lang='lat' dir='ltr'>XIV.</span> <span class='ocrx_word' id='word_1_42' title='bbox 282 584 302 607; x_wconf 93' lang='lat'>«</span> <span class='ocrx_word' id='word_1_43' title='bbox 320 568 462 609; x_wconf 90' lang='lat' dir='ltr'>Tuum</span> <span class='ocrx_word' id='word_1_44' title='bbox 485 565 712 610; x_wconf 83' lang='lat' dir='ltr'>brachium</span> <span class='ocrx_word' id='word_1_45' title='bbox 730 580 831 609; x_wconf 91' lang='lat' dir='ltr'>cum</span> <span class='ocrx_word' id='word_1_46' title='bbox 855 565 1062 625; x_wconf 83' lang='lat' dir='ltr'>potentia.</span> <span class='ocrx_word' id='word_1_47' title='bbox 1083 568 1253 611; x_wconf 85' lang='lat' dir='ltr'>»Nemo</span> <span class='ocrx_word' id='word_1_48' title='bbox 1274 565 1356 611; x_wconf 88' lang='lat' dir='ltr'>sibi</span> <span class='ocrx_word' id='word_1_49' title='bbox 1378 566 1461 610; x_wconf 90' lang='lat' dir='ltr'>ali-</span> 
     </span>
     <span class='ocr_line' id='line_1_6' title="bbox 73 637 1459 698; baseline -0.001 -16"><span class='ocrx_word' id='word_1_50' title='bbox 73 637 181 698; x_wconf 87' lang='lat' dir='ltr'>quid</span> <span class='ocrx_word' id='word_1_51' title='bbox 209 647 380 696; x_wconf 83' lang='lat' dir='ltr'>arroget</span> <span class='ocrx_word' id='word_1_52' title='bbox 412 656 421 682; x_wconf 91' lang='lat'>:</span> <span class='ocrx_word' id='word_1_53' title='bbox 455 656 474 679; x_wconf 90' lang='lat'>«</span> <span class='ocrx_word' id='word_1_54' title='bbox 502 639 644 680; x_wconf 84' lang='lat' dir='ltr'>Tuum</span> <span class='ocrx_word' id='word_1_55' title='bbox 676 637 900 681; x_wconf 79' lang='lat' dir='ltr'>brachium</span> <span class='ocrx_word' id='word_1_56' title='bbox 931 654 1032 682; x_wconf 86' lang='lat' dir='ltr'>cum</span> <span class='ocrx_word' id='word_1_57' title='bbox 1064 638 1290 698; x_wconf 85' lang='lat' dir='ltr'>potentia:</span> <span class='ocrx_word' id='word_1_58' title='bbox 1317 657 1337 679; x_wconf 85' lang='lat'>»</span> <span class='ocrx_word' id='word_1_59' title='bbox 1370 654 1392 681; x_wconf 92' lang='lat' dir='ltr'>a</span> <span class='ocrx_word' id='word_1_60' title='bbox 1415 647 1459 681; x_wconf 80' lang='lat' dir='ltr'>te</span> 
     </span>
     <span class='ocr_line' id='line_1_7' title="bbox 73 705 1459 765; baseline -0.001 -13"><span class='ocrx_word' id='word_1_61' title='bbox 73 707 176 752; x_wconf 83' lang='lat' dir='ltr'>facti</span> <span class='ocrx_word' id='word_1_62' title='bbox 200 722 348 751; x_wconf 89' lang='lat' dir='ltr'>sumus</span> <span class='ocrx_word' id='word_1_63' title='bbox 364 743 374 762; x_wconf 81' lang='lat'><strong>‚</strong></span> <span class='ocrx_word' id='word_1_64' title='bbox 392 723 423 765; x_wconf 14' lang='lat' dir='ltr'>*a</span> <span class='ocrx_word' id='word_1_65' title='bbox 447 716 490 751; x_wconf 88' lang='lat' dir='ltr'>te</span> <span class='ocrx_word' id='word_1_66' title='bbox 513 705 679 751; x_wconf 78' lang='lat' dir='ltr'><strong>defensi</strong></span> <span class='ocrx_word' id='word_1_67' title='bbox 700 722 865 751; x_wconf 85' lang='lat' dir='ltr'>sumus.</span> <span class='ocrx_word' id='word_1_68' title='bbox 896 726 916 750; x_wconf 92' lang='lat'>«</span> <span class='ocrx_word' id='word_1_69' title='bbox 943 710 1085 751; x_wconf 89' lang='lat' dir='ltr'>Tuum</span> <span class='ocrx_word' id='word_1_70' title='bbox 1108 709 1335 752; x_wconf 81' lang='lat' dir='ltr'><strong>brachium</strong></span> <span class='ocrx_word' id='word_1_71' title='bbox 1357 723 1459 752; x_wconf 89' lang='lat' dir='ltr'>cum</span> 
     </span>
     <span class='ocr_line' id='line_1_8' title="bbox 76 779 1459 838; baseline 0.001 -18"><span class='ocrx_word' id='word_1_72' title='bbox 76 798 96 821; x_wconf 89' lang='lat'>»</span> <span class='ocrx_word' id='word_1_73' title='bbox 131 779 342 838; x_wconf 82' lang='lat' dir='ltr'>potentia.</span> <span class='ocrx_word' id='word_1_74' title='bbox 364 779 657 824; x_wconf 86' lang='lat' dir='ltr'>Confirmetur</span> <span class='ocrx_word' id='word_1_75' title='bbox 680 794 835 823; x_wconf 85' lang='lat' dir='ltr'>manus</span> <span class='ocrx_word' id='word_1_76' title='bbox 861 788 931 823; x_wconf 88' lang='lat' dir='ltr'>tua</span> <span class='ocrx_word' id='word_1_77' title='bbox 947 814 958 834; x_wconf 91' lang='lat'>‚</span> <span class='ocrx_word' id='word_1_78' title='bbox 984 788 1027 823; x_wconf 89' lang='lat' dir='ltr'>et</span> <span class='ocrx_word' id='word_1_79' title='bbox 1050 779 1262 825; x_wconf 85' lang='lat' dir='ltr'>exaltetur</span> <span class='ocrx_word' id='word_1_80' title='bbox 1284 779 1459 825; x_wconf 74' lang='lat' dir='ltr'>dextera</span> 
     </span>
     <span class='ocr_line' id='line_1_9' title="bbox 76 852 293 895; baseline -0.005 -4"><span class='ocrx_word' id='word_1_81' title='bbox 76 868 96 891; x_wconf 80' lang='lat'>)›</span> <span class='ocrx_word' id='word_1_82' title='bbox 132 852 249 895; x_wconf 69' lang='lat' dir='ltr'>tua‘2.</span> <span class='ocrx_word' id='word_1_83' title='bbox 274 868 293 890; x_wconf 91' lang='lat'>»</span> 
     </span>
    </p>

    <p class='ocr_par' dir='ltr' id='par_1_4' title="bbox 66 918 1463 2096">
     <span class='ocr_line' id='line_1_10' title="bbox 130 918 1460 982; baseline -0.001 -17"><span class='ocrx_word' id='word_1_84' title='bbox 130 923 226 966; x_wconf 88' lang='lat' dir='ltr'>XV.</span> <span class='ocrx_word' id='word_1_85' title='bbox 255 941 274 964; x_wconf 88' lang='lat'>«</span> <span class='ocrx_word' id='word_1_86' title='bbox 287 920 459 965; x_wconf 88' lang='lat' dir='ltr'>Justitia</span> <span class='ocrx_word' id='word_1_87' title='bbox 481 929 524 964; x_wconf 91' lang='lat' dir='ltr'>et</span> <span class='ocrx_word' id='word_1_88' title='bbox 540 918 758 981; x_wconf 66' lang='lat' dir='ltr'>1udicium</span> <span class='ocrx_word' id='word_1_89' title='bbox 779 920 1037 979; x_wconf 84' lang='lat' dir='ltr'>praeparatio</span> <span class='ocrx_word' id='word_1_90' title='bbox 1054 920 1165 965; x_wconf 87' lang='lat' dir='ltr'>sedis</span> <span class='ocrx_word' id='word_1_91' title='bbox 1186 923 1315 967; x_wconf 80' lang='lat' dir='ltr'>tuae3.</span> <span class='ocrx_word' id='word_1_92' title='bbox 1336 940 1355 964; x_wconf 73' lang='lat' dir='ltr'>n</span> <span class='ocrx_word' id='word_1_93' title='bbox 1370 924 1460 982; x_wconf 79' lang='lat' dir='ltr'>Ap-</span> 
     </span>
     <span class='ocr_line' id='line_1_11' title="bbox 71 990 1462 1052; baseline 0.001 -16"><span class='ocrx_word' id='word_1_94' title='bbox 71 993 242 1052; x_wconf 84' lang='lat' dir='ltr'>parebit</span> <span class='ocrx_word' id='word_1_95' title='bbox 263 992 309 1036; x_wconf 93' lang='lat' dir='ltr'>in</span> <span class='ocrx_word' id='word_1_96' title='bbox 332 992 418 1035; x_wconf 77' lang='lat' dir='ltr'>fine</span> <span class='ocrx_word' id='word_1_97' title='bbox 432 991 599 1051; x_wconf 86' lang='lat' dir='ltr'>justitia</span> <span class='ocrx_word' id='word_1_98' title='bbox 632 999 707 1035; x_wconf 84' lang='lat' dir='ltr'>tua</span> <span class='ocrx_word' id='word_1_99' title='bbox 739 1000 782 1035; x_wconf 90' lang='lat' dir='ltr'>et</span> <span class='ocrx_word' id='word_1_100' title='bbox 804 990 1022 1052; x_wconf 86' lang='lat' dir='ltr'>judicium</span> <span class='ocrx_word' id='word_1_101' title='bbox 1050 1001 1179 1035; x_wconf 85' lang='lat' dir='ltr'>tuum</span> <span class='ocrx_word' id='word_1_102' title='bbox 1211 1012 1218 1037; x_wconf 93' lang='lat'>:</span> <span class='ocrx_word' id='word_1_103' title='bbox 1246 1008 1363 1036; x_wconf 90' lang='lat' dir='ltr'>nunc</span> <span class='ocrx_word' id='word_1_104' title='bbox 1387 1008 1462 1037; x_wconf 92' lang='lat' dir='ltr'>oc-</span> 
     </span>
     <span class='ocr_line' id='line_1_12' title="bbox 71 1060 1457 1121; baseline 0.001 -15"><span class='ocrx_word' id='word_1_105' title='bbox 71 1062 185 1107; x_wconf 88' lang='lat' dir='ltr'>culta</span> <span class='ocrx_word' id='word_1_106' title='bbox 211 1071 313 1106; x_wconf 87' lang='lat' dir='ltr'>sunt</span> <span class='ocrx_word' id='word_1_107' title='bbox 334 1063 429 1106; x_wconf 83' lang='lat' dir='ltr'>ista.</span> <span class='ocrx_word' id='word_1_108' title='bbox 463 1064 521 1105; x_wconf 87' lang='lat' dir='ltr'>Et</span> <span class='ocrx_word' id='word_1_109' title='bbox 541 1061 595 1104; x_wconf 87' lang='lat' dir='ltr'>de</span> <span class='ocrx_word' id='word_1_110' title='bbox 613 1061 780 1121; x_wconf 86' lang='lat' dir='ltr'>judicio</span> <span class='ocrx_word' id='word_1_111' title='bbox 803 1070 880 1106; x_wconf 83' lang='lat' dir='ltr'>tuo</span> <span class='ocrx_word' id='word_1_112' title='bbox 905 1060 1064 1106; x_wconf 86' lang='lat' dir='ltr'>dicitur</span> <span class='ocrx_word' id='word_1_113' title='bbox 1084 1062 1128 1106; x_wconf 92' lang='lat' dir='ltr'>in</span> <span class='ocrx_word' id='word_1_114' title='bbox 1154 1062 1238 1108; x_wconf 83' lang='lat' dir='ltr'>alio</span> <span class='ocrx_word' id='word_1_115' title='bbox 1264 1063 1457 1118; x_wconf 77' lang='lat' dir='ltr'>Psalmo,</span> 
     </span>
     <span class='ocr_line' id='line_1_13' title="bbox 76 1131 1461 1194; baseline 0.003 -19"><span class='ocrx_word' id='word_1_116' title='bbox 76 1154 95 1176; x_wconf 85' lang='lat'>«</span> <span class='ocrx_word' id='word_1_117' title='bbox 131 1138 215 1178; x_wconf 85' lang='lat' dir='ltr'>Pro</span> <span class='ocrx_word' id='word_1_118' title='bbox 239 1133 418 1178; x_wconf 87' lang='lat' dir='ltr'>occultis</span> <span class='ocrx_word' id='word_1_119' title='bbox 440 1133 559 1176; x_wconf 66' lang='lat' dir='ltr'>filii4.</span> <span class='ocrx_word' id='word_1_120' title='bbox 585 1151 605 1173; x_wconf 89' lang='lat'>»</span> <span class='ocrx_word' id='word_1_121' title='bbox 632 1133 726 1177; x_wconf 89' lang='lat' dir='ltr'>Erit</span> <span class='ocrx_word' id='word_1_122' title='bbox 749 1131 1038 1177; x_wconf 81' lang='lat' dir='ltr'>manifestatio</span> <span class='ocrx_word' id='word_1_123' title='bbox 1054 1134 1208 1193; x_wconf 90' lang='lat' dir='ltr'>judicii</span> <span class='ocrx_word' id='word_1_124' title='bbox 1233 1135 1294 1178; x_wconf 88' lang='lat' dir='ltr'>tui</span> <span class='ocrx_word' id='word_1_125' title='bbox 1312 1145 1355 1179; x_wconf 90' lang='lat' dir='ltr'>et</span> <span class='ocrx_word' id='word_1_126' title='bbox 1366 1136 1461 1194; x_wconf 85' lang='lat' dir='ltr'>jus-</span> 
     </span>
     <span class='ocr_line' id='line_1_14' title="bbox 71 1203 1460 1265; baseline 0.001 -16"><span class='ocrx_word' id='word_1_127' title='bbox 71 1206 177 1249; x_wconf 73' lang='lat' dir='ltr'>titiae</span> <span class='ocrx_word' id='word_1_128' title='bbox 206 1215 310 1249; x_wconf 81' lang='lat' dir='ltr'>tuae.</span> <span class='ocrx_word' id='word_1_129' title='bbox 337 1208 561 1248; x_wconf 86' lang='lat' dir='ltr'>Ponentur</span> <span class='ocrx_word' id='word_1_130' title='bbox 583 1204 762 1264; x_wconf 86' lang='lat' dir='ltr'>quidam</span> <span class='ocrx_word' id='word_1_131' title='bbox 786 1205 840 1248; x_wconf 89' lang='lat' dir='ltr'>ad</span> <span class='ocrx_word' id='word_1_132' title='bbox 862 1203 1081 1248; x_wconf 86' lang='lat' dir='ltr'>dexteram</span> <span class='ocrx_word' id='word_1_133' title='bbox 1096 1241 1106 1259; x_wconf 85' lang='lat'>‚</span> <span class='ocrx_word' id='word_1_134' title='bbox 1139 1214 1182 1249; x_wconf 88' lang='lat' dir='ltr'>et</span> <span class='ocrx_word' id='word_1_135' title='bbox 1204 1206 1382 1265; x_wconf 85' lang='lat' dir='ltr'>quidam</span> <span class='ocrx_word' id='word_1_136' title='bbox 1405 1206 1460 1250; x_wconf 82' lang='lat' dir='ltr'>ad</span> 
     </span>
     <span class='ocr_line' id='line_1_15' title="bbox 69 1273 1461 1336; baseline 0.001 -17"><span class='ocrx_word' id='word_1_137' title='bbox 69 1276 286 1320; x_wconf 82' lang='lat' dir='ltr'>sinistram</span> <span class='ocrx_word' id='word_1_138' title='bbox 301 1277 315 1301; x_wconf 87' lang='lat'>⁵</span> <span class='ocrx_word' id='word_1_139' title='bbox 345 1294 353 1319; x_wconf 75' lang='grc' dir='ltr'>ε</span> <span class='ocrx_word' id='word_1_140' title='bbox 380 1284 423 1319; x_wconf 82' lang='lat' dir='ltr'>et</span> <span class='ocrx_word' id='word_1_141' title='bbox 444 1283 728 1333; x_wconf 79' lang='lat' dir='ltr'>expavescent</span> <span class='ocrx_word' id='word_1_142' title='bbox 749 1273 947 1318; x_wconf 78' lang='lat' dir='ltr'>infideles</span> <span class='ocrx_word' id='word_1_143' title='bbox 963 1309 974 1328; x_wconf 89' lang='lat'><strong>‚</strong></span> <span class='ocrx_word' id='word_1_144' title='bbox 1008 1290 1108 1318; x_wconf 84' lang='lat' dir='ltr'>cum</span> <span class='ocrx_word' id='word_1_145' title='bbox 1131 1275 1319 1320; x_wconf 85' lang='lat' dir='ltr'>viderint</span> <span class='ocrx_word' id='word_1_146' title='bbox 1341 1276 1461 1336; x_wconf 87' lang='lat' dir='ltr'>quod</span> 
     </span>
     <span class='ocr_line' id='line_1_16' title="bbox 70 1343 1461 1406; baseline 0 -16"><span class='ocrx_word' id='word_1_147' title='bbox 70 1345 203 1390; x_wconf 90' lang='lat' dir='ltr'>modo</span> <span class='ocrx_word' id='word_1_148' title='bbox 241 1344 486 1389; x_wconf 88' lang='lat' dir='ltr'>deridentes</span> <span class='ocrx_word' id='word_1_149' title='bbox 516 1360 606 1388; x_wconf 92' lang='lat' dir='ltr'>non</span> <span class='ocrx_word' id='word_1_150' title='bbox 642 1343 829 1388; x_wconf 90' lang='lat' dir='ltr'>credunt</span> <span class='ocrx_word' id='word_1_151' title='bbox 865 1363 873 1388; x_wconf 91' lang='lat'>:</span> <span class='ocrx_word' id='word_1_152' title='bbox 900 1344 1158 1403; x_wconf 85' lang='lat' dir='ltr'>gaudebunt</span> <span class='ocrx_word' id='word_1_153' title='bbox 1181 1346 1287 1406; x_wconf 87' lang='lat' dir='ltr'>justi</span> <span class='ocrx_word' id='word_1_154' title='bbox 1306 1381 1316 1399; x_wconf 86' lang='lat'><strong>‚</strong></span> <span class='ocrx_word' id='word_1_155' title='bbox 1359 1362 1461 1390; x_wconf 91' lang='lat' dir='ltr'>cum</span> 
     </span>
     <span class='ocr_line' id='line_1_17' title="bbox 69 1413 1462 1476; baseline 0 -16"><span class='ocrx_word' id='word_1_156' title='bbox 69 1416 257 1461; x_wconf 87' lang='lat' dir='ltr'>viderint</span> <span class='ocrx_word' id='word_1_157' title='bbox 287 1415 408 1476; x_wconf 87' lang='lat' dir='ltr'>quod</span> <span class='ocrx_word' id='word_1_158' title='bbox 434 1413 568 1459; x_wconf 86' lang='lat' dir='ltr'>modo</span> <span class='ocrx_word' id='word_1_159' title='bbox 591 1430 680 1459; x_wconf 90' lang='lat' dir='ltr'>non</span> <span class='ocrx_word' id='word_1_160' title='bbox 700 1413 897 1459; x_wconf 86' lang='lat' dir='ltr'>videntes</span> <span class='ocrx_word' id='word_1_161' title='bbox 931 1415 1130 1458; x_wconf 90' lang='lat' dir='ltr'>credunt.</span> <span class='ocrx_word' id='word_1_162' title='bbox 1167 1434 1187 1457; x_wconf 92' lang='lat'>«</span> <span class='ocrx_word' id='word_1_163' title='bbox 1216 1416 1389 1460; x_wconf 87' lang='lat' dir='ltr'>Justitia</span> <span class='ocrx_word' id='word_1_164' title='bbox 1418 1426 1462 1461; x_wconf 87' lang='lat' dir='ltr'>et</span> 
     </span>
     <span class='ocr_line' id='line_1_18' title="bbox 72 1484 1455 1546; baseline 0 -17"><span class='ocrx_word' id='word_1_165' title='bbox 72 1505 93 1528; x_wconf 86' lang='lat'>»</span> <span class='ocrx_word' id='word_1_166' title='bbox 125 1485 339 1546; x_wconf 88' lang='lat' dir='ltr'>judicium</span> <span class='ocrx_word' id='word_1_167' title='bbox 363 1484 622 1544; x_wconf 72' lang='lat' dir='ltr'>praeparatio</span> <span class='ocrx_word' id='word_1_168' title='bbox 652 1484 762 1528; x_wconf 88' lang='lat' dir='ltr'>sedis</span> <span class='ocrx_word' id='word_1_169' title='bbox 785 1493 872 1527; x_wconf 81' lang='lat' dir='ltr'>tuae</span> <span class='ocrx_word' id='word_1_170' title='bbox 906 1504 914 1529; x_wconf 90' lang='lat'><strong>:</strong></span> <span class='ocrx_word' id='word_1_171' title='bbox 944 1484 1097 1544; x_wconf 85' lang='lat' dir='ltr'>utique</span> <span class='ocrx_word' id='word_1_172' title='bbox 1124 1485 1170 1527; x_wconf 92' lang='lat' dir='ltr'>in</span> <span class='ocrx_word' id='word_1_173' title='bbox 1198 1484 1267 1528; x_wconf 91' lang='lat' dir='ltr'>die</span> <span class='ocrx_word' id='word_1_174' title='bbox 1287 1485 1455 1545; x_wconf 84' lang='lat' dir='ltr'>judicii.</span> 
     </span>
     <span class='ocr_line' id='line_1_19' title="bbox 69 1553 1460 1615; baseline -0.001 -13"><span class='ocrx_word' id='word_1_175' title='bbox 69 1559 196 1602; x_wconf 91' lang='lat' dir='ltr'>Nunc</span> <span class='ocrx_word' id='word_1_176' title='bbox 220 1571 322 1614; x_wconf 85' lang='lat' dir='ltr'>ergo</span> <span class='ocrx_word' id='word_1_177' title='bbox 349 1554 489 1615; x_wconf 79' lang='lat' dir='ltr'>quid?</span> <span class='ocrx_word' id='word_1_178' title='bbox 516 1574 536 1596; x_wconf 89' lang='lat'>«</span> <span class='ocrx_word' id='word_1_179' title='bbox 562 1553 857 1599; x_wconf 80' lang='lat' dir='ltr'>Misericordia</span> <span class='ocrx_word' id='word_1_180' title='bbox 886 1564 928 1599; x_wconf 86' lang='lat' dir='ltr'>et</span> <span class='ocrx_word' id='word_1_181' title='bbox 958 1556 1115 1599; x_wconf 88' lang='lat' dir='ltr'>veritas</span> <span class='ocrx_word' id='word_1_182' title='bbox 1136 1566 1334 1614; x_wconf 79' lang='lat' dir='ltr'>praeeunt</span> <span class='ocrx_word' id='word_1_183' title='bbox 1360 1566 1460 1600; x_wconf 87' lang='lat' dir='ltr'>ante</span> 
     </span>
     <span class='ocr_line' id='line_1_20' title="bbox 71 1625 1461 1686; baseline 0.001 -17"><span class='ocrx_word' id='word_1_184' title='bbox 71 1646 92 1670; x_wconf 86' lang='lat'>»</span> <span class='ocrx_word' id='word_1_185' title='bbox 129 1627 284 1671; x_wconf 88' lang='lat' dir='ltr'>faciem</span> <span class='ocrx_word' id='word_1_186' title='bbox 318 1636 455 1671; x_wconf 88' lang='lat' dir='ltr'>tuam.</span> <span class='ocrx_word' id='word_1_187' title='bbox 493 1644 514 1666; x_wconf 87' lang='lat'>»</span> <span class='ocrx_word' id='word_1_188' title='bbox 552 1625 918 1685; x_wconf 81' lang='lat' dir='ltr'>Praeparationem</span> <span class='ocrx_word' id='word_1_189' title='bbox 951 1625 1062 1670; x_wconf 88' lang='lat' dir='ltr'>sedis</span> <span class='ocrx_word' id='word_1_190' title='bbox 1092 1636 1209 1681; x_wconf 82' lang='lat' dir='ltr'>tuae,</span> <span class='ocrx_word' id='word_1_191' title='bbox 1246 1627 1461 1686; x_wconf 86' lang='lat' dir='ltr'>justitiam</span> 
     </span>
     <span class='ocr_line' id='line_1_21' title="bbox 70 1696 1462 1758; baseline -0.002 -15"><span class='ocrx_word' id='word_1_192' title='bbox 70 1708 188 1743; x_wconf 88' lang='lat' dir='ltr'>tuam</span> <span class='ocrx_word' id='word_1_193' title='bbox 213 1707 255 1742; x_wconf 88' lang='lat' dir='ltr'>et</span> <span class='ocrx_word' id='word_1_194' title='bbox 273 1696 488 1758; x_wconf 89' lang='lat' dir='ltr'>judicium</span> <span class='ocrx_word' id='word_1_195' title='bbox 511 1705 637 1740; x_wconf 87' lang='lat' dir='ltr'>tuum</span> <span class='ocrx_word' id='word_1_196' title='bbox 657 1705 893 1741; x_wconf 89' lang='lat' dir='ltr'>venturum</span> <span class='ocrx_word' id='word_1_197' title='bbox 918 1697 1138 1751; x_wconf 82' lang='lat' dir='ltr'>timerem,</span> <span class='ocrx_word' id='word_1_198' title='bbox 1177 1698 1258 1741; x_wconf 91' lang='lat' dir='ltr'>nisi</span> <span class='ocrx_word' id='word_1_199' title='bbox 1284 1707 1462 1741; x_wconf 84' lang='lat' dir='ltr'>antece-</span> 
     </span>
     <span class='ocr_line' id='line_1_22' title="bbox 70 1765 1462 1820; baseline -0.001 -7"><span class='ocrx_word' id='word_1_200' title='bbox 70 1769 192 1814; x_wconf 89' lang='lat' dir='ltr'>deret</span> <span class='ocrx_word' id='word_1_201' title='bbox 223 1777 266 1812; x_wconf 87' lang='lat' dir='ltr'>te</span> <span class='ocrx_word' id='word_1_202' title='bbox 296 1765 588 1811; x_wconf 88' lang='lat' dir='ltr'>misericordia</span> <span class='ocrx_word' id='word_1_203' title='bbox 610 1776 652 1811; x_wconf 85' lang='lat' dir='ltr'>et</span> <span class='ocrx_word' id='word_1_204' title='bbox 673 1767 829 1810; x_wconf 85' lang='lat' dir='ltr'>veritas</span> <span class='ocrx_word' id='word_1_205' title='bbox 850 1776 941 1811; x_wconf 81' lang='lat' dir='ltr'>tua.</span> <span class='ocrx_word' id='word_1_206' title='bbox 968 1767 1085 1820; x_wconf 87' lang='lat' dir='ltr'>Quid</span> <span class='ocrx_word' id='word_1_207' title='bbox 1105 1768 1279 1812; x_wconf 87' lang='lat' dir='ltr'>timeam</span> <span class='ocrx_word' id='word_1_208' title='bbox 1303 1769 1347 1812; x_wconf 92' lang='lat' dir='ltr'>in</span> <span class='ocrx_word' id='word_1_209' title='bbox 1375 1769 1462 1812; x_wconf 88' lang='lat' dir='ltr'>fine</span> 
     </span>
     <span class='ocr_line' id='line_1_23' title="bbox 66 1837 1462 1901; baseline 0.001 -18"><span class='ocrx_word' id='word_1_210' title='bbox 66 1839 230 1901; x_wconf 86' lang='lat' dir='ltr'>judicia</span> <span class='ocrx_word' id='word_1_211' title='bbox 259 1848 333 1883; x_wconf 90' lang='lat' dir='ltr'>tua</span> <span class='ocrx_word' id='word_1_212' title='bbox 358 1874 368 1894; x_wconf 88' lang='lat'><strong><em>‚</em></strong></span> <span class='ocrx_word' id='word_1_213' title='bbox 402 1837 579 1898; x_wconf 84' lang='lat' dir='ltr'>quando</span> <span class='ocrx_word' id='word_1_214' title='bbox 608 1837 883 1897; x_wconf 82' lang='lat' dir='ltr'>praecedente</span> <span class='ocrx_word' id='word_1_215' title='bbox 911 1838 1203 1883; x_wconf 85' lang='lat' dir='ltr'>misericordia</span> <span class='ocrx_word' id='word_1_216' title='bbox 1234 1848 1309 1884; x_wconf 90' lang='lat' dir='ltr'>tua</span> <span class='ocrx_word' id='word_1_217' title='bbox 1344 1839 1462 1884; x_wconf 83' lang='lat' dir='ltr'>deles</span> 
     </span>
     <span class='ocr_line' id='line_1_24' title="bbox 69 1907 1463 1971; baseline 0.001 -17"><span class='ocrx_word' id='word_1_218' title='bbox 69 1919 246 1971; x_wconf 84' lang='lat' dir='ltr'>peecata</span> <span class='ocrx_word' id='word_1_219' title='bbox 262 1925 373 1964; x_wconf 87' lang='lat' dir='ltr'>mea,</span> <span class='ocrx_word' id='word_1_220' title='bbox 391 1918 433 1953; x_wconf 87' lang='lat' dir='ltr'>et</span> <span class='ocrx_word' id='word_1_221' title='bbox 449 1907 697 1952; x_wconf 82' lang='lat' dir='ltr'>exhibendo</span> <span class='ocrx_word' id='word_1_222' title='bbox 711 1909 938 1952; x_wconf 84' lang='lat' dir='ltr'>veritatem</span> <span class='ocrx_word' id='word_1_223' title='bbox 961 1908 1115 1969; x_wconf 87' lang='lat' dir='ltr'>imples</span> <span class='ocrx_word' id='word_1_224' title='bbox 1133 1910 1340 1969; x_wconf 86' lang='lat' dir='ltr'>promissa</span> <span class='ocrx_word' id='word_1_225' title='bbox 1359 1912 1463 1955; x_wconf 75' lang='lat' dir='ltr'>tua?</span> 
     </span>
     <span class='ocr_line' id='line_1_25' title="bbox 75 1979 1459 2038; baseline -0.001 -16"><span class='ocrx_word' id='word_1_226' title='bbox 75 2000 95 2024; x_wconf 90' lang='lat'>«</span> <span class='ocrx_word' id='word_1_227' title='bbox 129 1979 423 2025; x_wconf 89' lang='lat' dir='ltr'>Misericordia</span> <span class='ocrx_word' id='word_1_228' title='bbox 452 1988 495 2022; x_wconf 88' lang='lat' dir='ltr'>et</span> <span class='ocrx_word' id='word_1_229' title='bbox 529 1979 684 2022; x_wconf 87' lang='lat' dir='ltr'>veritas</span> <span class='ocrx_word' id='word_1_230' title='bbox 711 1988 913 2038; x_wconf 80' lang='lat' dir='ltr'>praeeunt</span> <span class='ocrx_word' id='word_1_231' title='bbox 941 1989 1042 2023; x_wconf 89' lang='lat' dir='ltr'>ante</span> <span class='ocrx_word' id='word_1_232' title='bbox 1076 1979 1230 2024; x_wconf 84' lang='lat' dir='ltr'>faciem</span> <span class='ocrx_word' id='word_1_233' title='bbox 1258 1984 1412 2025; x_wconf 81' lang='lat' dir='ltr'>tuam?</span> <span class='ocrx_word' id='word_1_234' title='bbox 1439 1999 1459 2022; x_wconf 69' lang='grc' dir='ltr'><strong>η</strong></span> 
     </span>
     <span class='ocr_line' id='line_1_26' title="bbox 72 2048 1325 2096; baseline -0.001 -1"><span class='ocrx_word' id='word_1_235' title='bbox 72 2053 292 2096; x_wconf 84' lang='lat' dir='ltr'>Universae</span> <span class='ocrx_word' id='word_1_236' title='bbox 314 2050 430 2094; x_wconf 89' lang='lat' dir='ltr'>enim</span> <span class='ocrx_word' id='word_1_237' title='bbox 453 2049 533 2093; x_wconf 86' lang='lat' dir='ltr'>viae</span> <span class='ocrx_word' id='word_1_238' title='bbox 559 2048 732 2093; x_wconf 88' lang='lat' dir='ltr'>Domini</span> <span class='ocrx_word' id='word_1_239' title='bbox 754 2049 1045 2093; x_wconf 85' lang='lat' dir='ltr'>misericordia</span> <span class='ocrx_word' id='word_1_240' title='bbox 1063 2059 1106 2094; x_wconf 91' lang='lat' dir='ltr'>et</span> <span class='ocrx_word' id='word_1_241' title='bbox 1122 2051 1277 2095; x_wconf 83' lang='lat' dir='ltr'>veritas</span> <span class='ocrx_word' id='word_1_242' title='bbox 1292 2053 1325 2094; x_wconf 80' lang='lat'>⁶.</span> 
     </span>
    </p>

    <p class='ocr_par' dir='ltr' id='par_1_5' title="bbox 71 2118 1464 2250">
     <span class='ocr_line' id='line_1_27' title="bbox 129 2118 1464 2181; baseline 0 -15"><span class='ocrx_word' id='word_1_243' title='bbox 129 2124 250 2166; x_wconf 84' lang='lat' dir='ltr'><strong>XVI.</strong></span> <span class='ocrx_word' id='word_1_244' title='bbox 264 2124 315 2165; x_wconf 90' lang='lat' dir='ltr'>In</span> <span class='ocrx_word' id='word_1_245' title='bbox 336 2120 404 2165; x_wconf 88' lang='lat' dir='ltr'>his</span> <span class='ocrx_word' id='word_1_246' title='bbox 429 2120 632 2165; x_wconf 83' lang='lat' dir='ltr'>omnibus</span> <span class='ocrx_word' id='word_1_247' title='bbox 653 2135 741 2163; x_wconf 91' lang='lat' dir='ltr'>non</span> <span class='ocrx_word' id='word_1_248' title='bbox 765 2118 1086 2164; x_wconf 74' lang='lat' dir='ltr'>exultabimus?</span> <span class='ocrx_word' id='word_1_249' title='bbox 1109 2129 1184 2164; x_wconf 89' lang='lat' dir='ltr'>aut</span> <span class='ocrx_word' id='word_1_250' title='bbox 1205 2123 1326 2181; x_wconf 89' lang='lat' dir='ltr'>quod</span> <span class='ocrx_word' id='word_1_251' title='bbox 1348 2122 1464 2166; x_wconf 89' lang='lat' dir='ltr'>exul-</span> 
     </span>
     <span class='ocr_line' id='line_1_28' title="bbox 71 2189 1464 2250; baseline 0 -13"><span class='ocrx_word' id='word_1_252' title='bbox 71 2202 213 2237; x_wconf 90' lang='lat' dir='ltr'>tamus</span> <span class='ocrx_word' id='word_1_253' title='bbox 235 2191 482 2250; x_wconf 79' lang='lat' dir='ltr'>capiemus?</span> <span class='ocrx_word' id='word_1_254' title='bbox 503 2199 579 2234; x_wconf 85' lang='lat' dir='ltr'>aut</span> <span class='ocrx_word' id='word_1_255' title='bbox 602 2189 733 2234; x_wconf 88' lang='lat' dir='ltr'>verba</span> <span class='ocrx_word' id='word_1_256' title='bbox 756 2190 975 2234; x_wconf 85' lang='lat' dir='ltr'>sufficient</span> <span class='ocrx_word' id='word_1_257' title='bbox 996 2189 1159 2234; x_wconf 79' lang='lat' dir='ltr'>laetitiae</span> <span class='ocrx_word' id='word_1_258' title='bbox 1180 2194 1365 2236; x_wconf 78' lang='lat' dir='ltr'>nostrae?</span> <span class='ocrx_word' id='word_1_259' title='bbox 1388 2202 1464 2237; x_wconf 90' lang='lat' dir='ltr'>aut</span> 
     </span>
    </p>

    <p class='ocr_par' dir='ltr' id='par_1_6' title="bbox 52 2260 1464 2535">
     <span class='ocr_line' id='line_1_29' title="bbox 52 2260 1463 2322; baseline 0 -15"><span class='ocrx_word' id='word_1_260' title='bbox 52 2262 221 2321; x_wconf 15' lang='lat' dir='ltr'>*lingua</span> <span class='ocrx_word' id='word_1_261' title='bbox 253 2262 412 2306; x_wconf 91' lang='lat' dir='ltr'>idonea</span> <span class='ocrx_word' id='word_1_262' title='bbox 447 2261 526 2305; x_wconf 89' lang='lat' dir='ltr'>erit</span> <span class='ocrx_word' id='word_1_263' title='bbox 565 2260 778 2320; x_wconf 81' lang='lat' dir='ltr'>explicare</span> <span class='ocrx_word' id='word_1_264' title='bbox 805 2260 1013 2319; x_wconf 83' lang='lat' dir='ltr'>gaudium</span> <span class='ocrx_word' id='word_1_265' title='bbox 1040 2265 1270 2307; x_wconf 81' lang='lat' dir='ltr'>nostrum?</span> <span class='ocrx_word' id='word_1_266' title='bbox 1295 2263 1337 2307; x_wconf 91' lang='lat' dir='ltr'>Si</span> <span class='ocrx_word' id='word_1_267' title='bbox 1362 2279 1463 2322; x_wconf 82' lang='lat' dir='ltr'>ergo</span> 
     </span>
     <span class='ocr_line' id='line_1_30' title="bbox 72 2331 1464 2393; baseline 0.001 -15"><span class='ocrx_word' id='word_1_268' title='bbox 72 2333 193 2378; x_wconf 86' lang='lat' dir='ltr'>nulla</span> <span class='ocrx_word' id='word_1_269' title='bbox 212 2334 345 2378; x_wconf 87' lang='lat' dir='ltr'>verba</span> <span class='ocrx_word' id='word_1_270' title='bbox 364 2332 588 2377; x_wconf 83' lang='lat' dir='ltr'>sufiiciunt</span> <span class='ocrx_word' id='word_1_271' title='bbox 607 2352 616 2377; x_wconf 88' lang='grc'>;</span> <span class='ocrx_word' id='word_1_272' title='bbox 647 2334 841 2377; x_wconf 87' lang='lat' dir='ltr'>«Beatus</span> <span class='ocrx_word' id='word_1_273' title='bbox 863 2331 1053 2391; x_wconf 87' lang='lat' dir='ltr'>populus</span> <span class='ocrx_word' id='word_1_274' title='bbox 1078 2333 1215 2377; x_wconf 89' lang='lat' dir='ltr'>sciens</span> <span class='ocrx_word' id='word_1_275' title='bbox 1233 2334 1464 2393; x_wconf 85' lang='lat' dir='ltr'>jubilatio-</span> 
     </span>
     <span class='ocr_line' id='line_1_31' title="bbox 76 2402 1464 2464; baseline 0.003 -18"><span class='ocrx_word' id='word_1_276' title='bbox 76 2422 98 2446; x_wconf 80' lang='lat'>»</span> <span class='ocrx_word' id='word_1_277' title='bbox 133 2406 276 2448; x_wconf 87' lang='lat' dir='ltr'>nem⁷.</span> <span class='ocrx_word' id='word_1_278' title='bbox 292 2405 362 2448; x_wconf 83' lang='grc' dir='ltr'>»Ο</span> <span class='ocrx_word' id='word_1_279' title='bbox 385 2404 511 2448; x_wconf 87' lang='lat' dir='ltr'>beate</span> <span class='ocrx_word' id='word_1_280' title='bbox 529 2402 707 2463; x_wconf 81' lang='lat' dir='ltr'>popule,</span> <span class='ocrx_word' id='word_1_281' title='bbox 730 2412 881 2463; x_wconf 78' lang='lat' dir='ltr'>putas,</span> <span class='ocrx_word' id='word_1_282' title='bbox 910 2402 1115 2463; x_wconf 84' lang='lat' dir='ltr'>intelligis</span> <span class='ocrx_word' id='word_1_283' title='bbox 1131 2404 1464 2464; x_wconf 79' lang='lat' dir='ltr'>jubilationem?</span> 
     </span>
     <span class='ocr_line' id='line_1_32' title="bbox 74 2473 1464 2535; baseline 0 -15"><span class='ocrx_word' id='word_1_284' title='bbox 74 2474 199 2520; x_wconf 90' lang='lat' dir='ltr'>nullo</span> <span class='ocrx_word' id='word_1_285' title='bbox 219 2473 352 2520; x_wconf 89' lang='lat' dir='ltr'>modo</span> <span class='ocrx_word' id='word_1_286' title='bbox 376 2475 529 2518; x_wconf 88' lang='lat' dir='ltr'>beatus</span> <span class='ocrx_word' id='word_1_287' title='bbox 550 2489 622 2530; x_wconf 86' lang='lat' dir='ltr'>es,</span> <span class='ocrx_word' id='word_1_288' title='bbox 652 2474 734 2518; x_wconf 90' lang='lat' dir='ltr'>nisi</span> <span class='ocrx_word' id='word_1_289' title='bbox 766 2473 979 2533; x_wconf 85' lang='lat' dir='ltr'>intelligas</span> <span class='ocrx_word' id='word_1_290' title='bbox 998 2474 1321 2535; x_wconf 86' lang='lat' dir='ltr'>jubilationem.</span> <span class='ocrx_word' id='word_1_291' title='bbox 1349 2477 1464 2528; x_wconf 84' lang='lat' dir='ltr'>Quid</span> 
     </span>
    </p>
   </div>
   <div class='ocr_carea' id='block_1_3' title="bbox 76 2559 1461 2668">
    <p class='ocr_par' dir='ltr' id='par_1_7' title="bbox 76 2559 1461 2668">
     <span class='ocr_line' id='line_1_33' title="bbox 124 2559 1461 2613; baseline 0 -9"><span class='ocrx_word' id='word_1_292' title='bbox 124 2578 133 2594; x_wconf 90' lang='lat'>¹</span> <span class='ocrx_word' id='word_1_293' title='bbox 155 2574 241 2604; x_wconf 88' lang='lat' dir='ltr'>PsaI.</span> <span class='ocrx_word' id='word_1_294' title='bbox 261 2582 349 2612; x_wconf 75' lang='lat' dir='ltr'>exin,</span> <span class='ocrx_word' id='word_1_295' title='bbox 369 2571 498 2603; x_wconf 88' lang='lat' dir='ltr'>secund.</span> <span class='ocrx_word' id='word_1_296' title='bbox 521 2582 552 2611; x_wconf 87' lang='lat'>1,</span> <span class='ocrx_word' id='word_1_297' title='bbox 572 2579 604 2603; x_wconf 86' lang='lat'>2.</span> <span class='ocrx_word' id='word_1_298' title='bbox 628 2588 669 2594; x_wconf 92' lang='lat'><strong>—</strong></span> <span class='ocrx_word' id='word_1_299' title='bbox 690 2578 703 2593; x_wconf 82' lang='lat'>²</span> <span class='ocrx_word' id='word_1_300' title='bbox 728 2571 774 2603; x_wconf 91' lang='lat' dir='ltr'>Id.</span> <span class='ocrx_word' id='word_1_301' title='bbox 796 2581 953 2612; x_wconf 77' lang='lat' dir='ltr'>Lxxxvm,</span> <span class='ocrx_word' id='word_1_302' title='bbox 975 2570 1026 2613; x_wconf 69' lang='lat'>14.</span> <span class='ocrx_word' id='word_1_303' title='bbox 1048 2588 1089 2594; x_wconf 89' lang='lat'>—</span> <span class='ocrx_word' id='word_1_304' title='bbox 1110 2570 1122 2594; x_wconf 81' lang='lat'>3</span> <span class='ocrx_word' id='word_1_305' title='bbox 1145 2571 1227 2603; x_wconf 8' lang='lat' dir='ltr'>Ibida</span> <span class='ocrx_word' id='word_1_306' title='bbox 1249 2572 1299 2604; x_wconf 82' lang='lat'>15.</span> <span class='ocrx_word' id='word_1_307' title='bbox 1321 2589 1362 2594; x_wconf 81' lang='lat'>—-</span> <span class='ocrx_word' id='word_1_308' title='bbox 1382 2559 1461 2605; x_wconf 58' lang='lat'><strong>4121.</strong></span> 
     </span>
     <span class='ocr_line' id='line_1_34' title="bbox 76 2624 1350 2668; baseline 0 -10"><span class='ocrx_word' id='word_1_309' title='bbox 76 2638 122 2667; x_wconf 75' lang='grc' dir='ltr'>ιι,</span> <span class='ocrx_word' id='word_1_310' title='bbox 148 2638 177 2658; x_wconf 83' lang='grc' dir='ltr'>ι.</span> <span class='ocrx_word' id='word_1_311' title='bbox 197 2644 238 2650; x_wconf 88' lang='lat'><em>—</em></span> <span class='ocrx_word' id='word_1_312' title='bbox 257 2626 271 2650; x_wconf 80' lang='lat'>⁵</span> <span class='ocrx_word' id='word_1_313' title='bbox 285 2627 398 2658; x_wconf 76' lang='lat' dir='ltr'>Matth,</span> <span class='ocrx_word' id='word_1_314' title='bbox 419 2637 495 2665; x_wconf 80' lang='lat' dir='ltr'>xxv,</span> <span class='ocrx_word' id='word_1_315' title='bbox 511 2627 562 2658; x_wconf 81' lang='lat'>33.</span> <span class='ocrx_word' id='word_1_316' title='bbox 589 2643 631 2648; x_wconf 97' lang='lat'><strong>—</strong></span> <span class='ocrx_word' id='word_1_317' title='bbox 648 2624 665 2647; x_wconf 76' lang='grc'><strong>6</strong></span> <span class='ocrx_word' id='word_1_318' title='bbox 689 2626 766 2658; x_wconf 76' lang='lat' dir='ltr'>Psal.</span> <span class='ocrx_word' id='word_1_319' title='bbox 784 2637 873 2667; x_wconf 77' lang='lat' dir='ltr'>xxiv,</span> <span class='ocrx_word' id='word_1_320' title='bbox 888 2635 941 2658; x_wconf 79' lang='lat'>20.</span> <span class='ocrx_word' id='word_1_321' title='bbox 962 2643 1002 2649; x_wconf 90' lang='lat'>—-</span> <span class='ocrx_word' id='word_1_322' title='bbox 1023 2633 1035 2658; x_wconf 77' lang='lat'>7</span> <span class='ocrx_word' id='word_1_323' title='bbox 1055 2627 1101 2659; x_wconf 90' lang='lat' dir='ltr'>Id.</span> <span class='ocrx_word' id='word_1_324' title='bbox 1124 2638 1272 2668; x_wconf 61' lang='lat' dir='ltr'>mxxviii,</span> <span class='ocrx_word' id='word_1_325' title='bbox 1300 2627 1350 2658; x_wconf 83' lang='lat'>16.</span> 
     </span>
    </p>
   </div>
  </div>
 </body>
</html>
