1926 3339
1708 0 1926 133 *i

469 297 551 336 274
909 312 942 336 s.
978 310 1208 337 aucuszrim
1242 309 1423 335 EPISCOPI

466 392 487 415 »
521 375 724 418 Avertisti
737 372 1000 434 adjutorium
1015 373 1147 433 gladii
1168 375 1258 435 ejus
1276 408 1287 428 ,
1311 383 1354 417 et
1375 387 1466 416 non
1487 386 1531 415 es
1547 371 1785 430 opitulatus
1806 373 1847 415 ei

464 463 484 486 »
518 445 564 488 in
586 444 718 489 bello.
743 445 980 489 Dissolvisti
1002 461 1104 489 eum
1125 446 1180 488 ab
1210 443 1521 488 emundatione
1546 461 1555 487 ε
1588 441 1736 486 sedem
1757 444 1867 502 ejus·

465 533 485 556 »
519 515 566 558 in
582 523 740 558 terram
762 513 968 559 collisisti.
1002 514 1198 559 Minuisti
1223 514 1312 558 dies
1339 513 1450 558 sedis
1479 515 1591 573 ejus,
1622 511 1849 572 perfudisti

467 603 486 626 »
523 599 623 628 eum
644 583 940 628 confusione1.
959 602 979 625 »
996 583 1111 636 Quid
1134 593 1197 627 est
1214 585 1325 628 hoc?
1339 583 1419 627 Illa
1436 583 1582 627 omnia
1598 582 1845 642 promisisti,

462 665 512 699 tu
530 670 633 699 vero
658 654 738 698 ista
771 654 984 698 contraria
1016 654 1170 698 fecisti.
1204 654 1289 698 Ubi
1314 663 1416 697 sunt
1443 653 1745 712 promissiones
1761 687 1772 707 ,
1795 651 1850 696 ad

458 740 566 784 quas
596 723 727 783 paulo
762 732 861 768 ante
892 722 1210 781 gaudebamus,
1247 722 1303 767 de
1330 724 1491 783 quibus
1529 733 1619 767 tam
1652 722 1851 766 alacriter

458 795 791 854 plaudebamus,
809 793 864 839 de
884 795 1045 855 quibus
1062 794 1202 839 securi
1220 795 1573 854 gratulabamur?
1596 794 1723 847 Quasi
1741 793 1851 838 alius

460 865 721 924 promiserit,
740 864 847 909 alius
865 865 1081 910 everterit.
1098 866 1227 919 Quod
1244 865 1494 909 mirandum
1518 874 1596 916 est,
1613 880 1703 908 non
1717 863 1847 908 alius:

1917 133 1926 155 l!

461 936 565 991 sed,
594 955 612 977 «
636 938 702 980 Tu
721 951 846 991 vero,
875 954 895 977 »
919 945 968 980 tu
1002 937 1079 997 qui
1101 936 1379 996 promittebas
1397 971 1408 991 ,
1442 945 1492 979 tu
1516 935 1594 995 qui
1622 935 1853 979 confirma·
1915 955 1918 963 ¹

462 1008 554 1064 bas,
570 1016 620 1051 tu
633 1009 709 1068 qui
726 1017 904 1068 propter
919 1008 1239 1052 dubitationem
1255 1008 1492 1051 humanam
1515 1006 1646 1049 etiam
1655 1005 1848 1065 jurabas,

462 1078 536 1123 illa
567 1079 827 1138 promisisti,
862 1088 906 1122 et
934 1080 1013 1122 ista
1040 1078 1194 1123 fecisti.
1229 1078 1312 1123 Ubi
1349 1077 1509 1121 tenebo
1543 1075 1853 1136 jusjurandum

464 1159 590 1195 tuum
605 1184 616 1203 ,
641 1149 718 1192 ubi
739 1149 955 1192 inveniam
978 1149 1237 1208 promissum
1261 1150 1413 1192 tuum?
1434 1146 1550 1201 Quid
1573 1156 1637 1190 est
1659 1147 1772 1191 hoc?
1789 1149 1854 1190 Ita

463 1235 564 1264 vero
585 1219 743 1263 falsum
767 1220 1040 1277 promitteret
1059 1223 1172 1263 Deus
1188 1255 1198 1272 ,
1225 1229 1299 1263 aut
1320 1218 1478 1263 falsum
1495 1220 1692 1279 juraret?
1709 1220 1853 1270 Quare

461 1305 565 1348 crgo
586 1289 659 1333 illa
682 1289 878 1348 promisit
893 1324 904 1343 ,
929 1299 972 1334 et
1000 1290 1080 1333 ista
1102 1289 1230 1333 fecit?
1263 1292 1356 1347 Ego
1382 1289 1481 1333 dico
1498 1289 1599 1348 quia
1622 1289 1701 1332 ista
1721 1288 1850 1343 fecit,

463 1368 513 1403 ut
541 1359 748 1418 promissa
771 1360 977 1404 firmaret.
1006 1359 1091 1404 Sed
1112 1360 1209 1420 quis
1231 1375 1312 1418 ego
1333 1359 1410 1419 qui
1431 1359 1514 1403 hoc
1537 1358 1666 1403 dico?
1688 1357 1854 1402 Videa-

460 1446 556 1474 mus
587 1431 620 1474 si
641 1431 724 1475 hoc
747 1431 903 1475 veritas
923 1430 1047 1487 dicit,
1073 1440 1179 1475 tunc
1206 1446 1295 1475 non
1318 1430 1400 1474 erit
1432 1431 1562 1474 inane
1586 1428 1708 1490 quod
1729 1428 1848 1473 dico.

466 1500 604 1545 David
626 1501 790 1560 positus
808 1510 923 1556 erat,
948 1501 1020 1545 cui
1042 1502 1399 1561 promitterentur
1413 1501 1508 1544 haec
1529 1501 1699 1555 omnia,
1726 1500 1770 1543 in
1790 1515 1856 1544 se-

463 1572 581 1615 mine
606 1573 697 1632 ejus
719 1571 840 1631 quod
862 1581 925 1615 est
953 1572 1151 1616 Christus
1179 1571 1413 1631 implenda.
1443 1575 1625 1630 Propter
1648 1570 1856 1630 promissa

464 1659 568 1702 ergo
598 1659 698 1703 quae
727 1643 844 1687 dicta
874 1652 976 1687 sunt
1001 1643 1056 1687 ad
1083 1642 1246 1696 David,
1269 1642 1558 1702 expectabant
1584 1642 1785 1686 homines
1807 1656 1856 1686 ea

463 1713 634 1772 impleri
653 1713 700 1757 in
730 1712 882 1757 David.
908 1713 1096 1757 Proinde
1119 1729 1174 1757 ne
1201 1713 1433 1773 quisquam
1458 1712 1728 1757 Christianus
1755 1727 1856 1756 cum

465 1783 629 1827 diceret
649 1799 658 1824 z
685 1787 746 1827 De
764 1783 937 1828 Christo
958 1782 1092 1840 dixit,
1113 1783 1222 1826 alius
1241 1783 1405 1827 diceret
1425 1802 1434 1827 ε
1460 1785 1558 1828 Non
1575 1818 1586 1837 ,
1611 1781 1687 1826 sed
1703 1781 1758 1827 de
1779 1781 1854 1827 illo

466 1854 605 1898 David
626 1854 734 1898 dixit
758 1869 766 1894 ε
793 1863 837 1897 et
863 1863 1048 1909 erraret,
1081 1869 1182 1897 cum
1203 1852 1371 1898 videret
1391 1853 1570 1913 impleta
1592 1853 1737 1898 omnia
1765 1867 1855 1897 esse

464 1925 510 1968 in
538 1923 700 1982 David,
727 1924 941 1968 destruxit
970 1939 1021 1968 ea
1046 1924 1093 1967 in
1116 1923 1279 1979 David,
1305 1933 1356 1969 ut
1375 1939 1477 1968 cum
1500 1922 1620 1968 vides
1642 1939 1691 1968 ea
1711 1924 1757 1967 in
1778 1923 1855 1968 illo

464 2010 555 2039 non
568 1994 747 2054 impleta
761 2030 772 2049 ,
797 2010 897 2054 quae
918 2010 1090 2039 necesse
1110 2004 1174 2039 est
1190 1994 1383 2055 impleri,
1409 2010 1578 2055 quaeras
1601 1994 1787 2038 alterum
1809 1994 1855 2038 in

463 2082 552 2126 quo
570 2065 855 2109 ostendantur
875 2065 1060 2125 impleri.
1087 2069 1152 2110 Ita
1174 2066 1303 2110 etiam
1327 2065 1519 2110 defEsaii
1540 2074 1584 2109 et
1604 2065 1758 2121 Jacob,
1784 2065 1855 2109 in-

464 2136 663 2181 venimus
681 2138 886 2196 majorem
908 2136 1137 2180 adoratum
1161 2153 1184 2180 a
1207 2136 1395 2191 minore,
1419 2151 1518 2180 cum
1537 2135 1746 2194 scriptum
1768 2136 1822 2179 sit
1842 2154 1852 2180 ι

469 2227 490 2250 «
522 2209 661 2266 Major
677 2207 831 2252 serviet
850 2208 1036 2251 minori2
1059 2227 1067 2252 :
1092 2226 1112 2248 »
1136 2217 1185 2251 ut
1206 2222 1306 2251 cum
1324 2205 1470 2250 inillis
1493 2206 1667 2250 duobus
1690 2222 1855 2266 praece-
1907 2212 1926 2262 ξ-

466 2278 672 2322 dentibus
689 2277 846 2322 videris
867 2294 955 2322 non
974 2276 1218 2337 impletum,
1246 2286 1442 2336 expectes
1463 2276 1572 2321 duos
1590 2276 1790 2337 populos,
1810 2277 1857 2321 in

1906 2264 1909 2281 ⁴

1906 2291 1909 2331 ἒ

466 2350 624 2410 quibus
644 2349 878 2409 impleatur
899 2349 1019 2410 quod
1036 2365 1125 2393 non
1142 2348 1329 2392 mendax
1347 2352 1459 2392 Deus
1483 2348 1679 2407 polliceri
1697 2348 1855 2408 digna·
1905 2346 1910 2373 ³

466 2429 554 2464 tur.
576 2439 593 2460 «
620 2423 734 2464 Ecce
756 2435 807 2463 ex
825 2420 986 2463 semine
1004 2429 1081 2463 tuo
1097 2454 1107 2474 ,
1133 2418 1242 2464 dixit
1265 2418 1425 2474 David,
1458 2434 1619 2478 ponam
1641 2435 1770 2478 super
1794 2435 1855 2464 se·

470 2509 490 2533 »
526 2490 627 2534 dem
658 2492 824 2534 tuam3.
853 2508 874 2531 »
912 2490 1113 2534 Promisit
1145 2505 1198 2533 ex
1230 2491 1391 2533 semine
1424 2491 1514 2549 ejus
1553 2491 1598 2534 in
1640 2500 1854 2534 aeternum

467 2562 655 2623 aliquid,
676 2572 719 2606 et
735 2572 862 2606 natus
882 2562 1084 2607 Salomon
1100 2597 1111 2617 ,
1139 2560 1277 2606 factus
1299 2571 1363 2606 est
1383 2571 1516 2606 tantae
1540 2563 1782 2622 sapientiae,
1805 2571 1853 2608 ut

518 2655 527 2672 ¹
549 2648 626 2680 psal.
648 2659 794 2688 Lxxxviu,
810 2647 919 2690 39-46.
943 2665 982 2670 ·-
1002 2655 1013 2670 ²
1030 2650 1108 2680 Gen.
1138 2659 1217 2687 xxv,
1234 2648 1287 2680 23.
1308 2665 1349 2670 -—-
1369 2645 1382 2671 3
1404 2648 1482 2680 Psal.
1502 2659 1606 2690 cxxxi,
1629 2658 1680 2679 ιι.
