1926 3339
475 283 556 322 428
907 292 942 321 s,
980 292 1211 322 Avensa-mr
1243 293 1425 321 EPISCOPI

476 482 758 497 ΜΜΜΜἯΚΑΛΜΑΣ
765 481 971 496 mmmmm
977 478 1854 496 mssffimuummvvmmmssmmmmw
1904 474 1905 479 ¹

973 621 1357 670 ENARRATio

880 786 940 823 IN
984 784 1283 825 PSALMUM
1332 782 1472 822 XCV.

1083 938 1231 981 Sermo
1244 937 1275 979 ¹.

538 1077 572 1118 Ι.
596 1077 799 1137 DOMINUs
821 1081 864 1117 et
886 1071 1018 1117 frater
1040 1087 1162 1116 meus
1188 1075 1368 1117 Severus
1381 1073 1444 1129 (9)
1467 1072 1612 1115 adhuc
1631 1069 1780 1114 differt
1795 1068 1869 1112 la*-
1904 1044 1909 1056 ¹

477 1145 616 1188 titiam
634 1152 824 1187 nostram
847 1142 901 1186 de
921 1145 1128 1188 Sermone
1151 1158 1285 1203 quem
1308 1142 1434 1186 nobis
1451 1140 1605 1185 debet:
1623 1155 1724 1184 nam
1748 1140 1868 1200 quod

475 1214 647 1258 debitor
682 1222 908 1268 teneatur,
935 1213 1142 1271 agnoscit.
1179 1215 1340 1257 Omnes
1364 1212 1479 1255 enim
1514 1210 1726 1255 Ecclesias
1754 1226 1865 1270 qua-
1907 1222 1915 1279 ζ’

477 1299 666 1344 cumque
685 1283 913 1327 transitum
935 1282 1053 1337 fecit,
1071 1281 1307 1327 laetificavit
1325 1280 1535 1326 Dominus
1548 1296 1624 1340 per
1646 1296 1692 1324 os
1710 1280 1862 1340 ipsius:

475 1353 616 1398 multo
639 1353 771 1411 magis
794 1369 896 1412 ergo
911 1354 991 1397 ista
1009 1352 1268 1397 laetificanda
1288 1361 1367 1406 est,
1394 1351 1448 1395 de
1471 1367 1556 1411 qua
1579 1351 1745 1395 caeteris
1766 1366 1865 1394 eum
1896 1391 1899 1393 ,

476 1426 687 1470 Dominus
705 1425 974 1483 propagavit.
999 1424 1082 1469 Sed
1098 1424 1205 1484 quid
1230 1423 1383 1468 facturi
1405 1438 1554 1467 sumus
1570 1458 1580 1477 ,
1606 1423 1687 1466 nisi
1709 1431 1759 1466 ut
1780 1437 1869 1466 ser-
1908 1442 1917 1445 ·’

477 1497 643 1539 viamus
663 1495 879 1539 Voluntati
909 1495 1070 1554 ipsius?
1094 1494 1278 1539 Differre
1304 1493 1428 1537 illum
1451 1502 1598 1537 tamen
1624 1493 1740 1546 dixi,
1779 1491 1869 1535 sra-

479 1576 586 1621 tres,
612 1582 700 1610 non
720 1564 936 1609 fraudare.
972 1568 1125 1625 Itaque
1147 1574 1292 1608 tenete
1315 1564 1558 1608 debitorem
1579 1598 1588 1616 ,
1615 1579 1695 1607 nec
1719 1562 1869 1606 dimit·

478 1637 576 1680 tatis
594 1672 603 1686 ‚
624 1637 705 1680 nisi
728 1651 829 1680 cum
851 1635 1042 1680 solverit.
1067 1635 1276 1680 Advertat
1294 1635 1441 1694 itaque
1467 1634 1663 1678 Charitas
1686 1636 1836 1676 Vestra
1857 1652 1866 1676 ε
1909 1626 1917 1672 ’ᾗ

479 1716 693 1768 quantum
713 1707 848 1750 donat
871 1707 1097 1760 Dominus,
1115 1705 1169 1749 de
1186 1705 1267 1748 isto
1282 1704 1452 1749 Psalmo
1475 1703 1669 1748 dicamus
1687 1702 1868 1764 aliquid,

479 1778 600 1838 quod
633 1777 809 1837 quidem
833 1779 922 1837 jam
949 1777 1081 1820 nostis
1109 1797 1119 1831 3
1152 1775 1228 1820 sed
1261 1775 1399 1819 dulcis
1428 1784 1491 1819 est
1518 1775 1871 1819 commemoratio

479 1849 685 1893 veritatis.
713 1851 844 1892 Forte
861 1864 960 1892 cum
982 1848 1338 1907 pronuntiaretur
1364 1846 1514 1890 titulus
1534 1847 1624 1906 ejus
1640 1881 1650 1899 ,
1676 1861 1775 1889 cum
1794 1844 1872 1889 ad·

482 1920 710 1963 miratione
730 1917 863 1978 aliqui
884 1918 1130 1962 audierunt.
1168 1917 1424 1961 Inscribitur
1442 1916 1557 1960 enim
1581 1914 1733 1959 titulus
1751 1915 1870 1958 Psal-

482 1991 541 2033 mi
570 2010 579 2034 :
617 2008 633 2029 «
668 1990 850 2042 Quando
874 1988 1030 2033 domus
1059 1988 1355 2031 {edificabatur
1387 1995 1481 2045 post
1508 1985 1818 2045 captivitatem.
1849 2004 1868 2026 »
1915 2027 1918 2034 ,

482 2064 575 2104 Hoc
598 2059 726 2104 titulo
747 2060 973 2118 praedicto,
987 2060 1078 2119 jam
1093 2059 1134 2101 in
1155 2059 1247 2118 ipso
1267 2067 1387 2101 textu
1402 2055 1560 2101 Psalmi
1582 2055 1873 2114 expectabatis
1917 2055 1920 2067 ²

482 2130 683 2184 fortasse,
723 2131 796 2189 qui
830 2129 992 2188 lapides
1021 2129 1364 2188 praeciderentur
1395 2127 1449 2170 de
1488 2126 1734 2179 montibus,
1773 2141 1872 2185 quse
1912 2137 1921 2169 J·

482 2201 617 2245 moles
649 2202 992 2254 attraherentur,
1024 2216 1123 2259 quae
1159 2198 1445 2241 fundamenta
1472 2198 1746 2257 jacerentur,
1773 2211 1873 2255 quae
1916 2195 1921 2231 ἶ

483 2272 627 2315 trabes
658 2271 1014 2330 imponerentur,
1051 2285 1149 2329 quae
1187 2269 1404 2313 columnae
1439 2268 1721 2325 erigerentur.
1757 2264 1873 2310 Nihil
1909 2288 1912 2310 2

482 2343 640 2385 horum
678 2350 823 2385 cantat
856 2360 864 2384 z
895 2350 938 2384 et
965 2340 998 2384 si
1028 2339 1147 2383 aliud
1176 2338 1372 2398 aliquid,
1407 2354 1495 2382 non
1526 2353 1627 2394 ergo
1665 2343 1875 2380 consonat

485 2412 679 2456 Psalmus
712 2411 840 2454 titulo
871 2426 977 2463 suo,
1015 2419 1058 2453 et
1081 2409 1201 2452 aliud
1232 2418 1376 2468 portat
1406 2409 1452 2452 in
1487 2406 1651 2461 fronte,
1688 2406 1807 2450 aliud
1828 2406 1874 2448 in
1912 2412 1920 2448 3¹

482 2484 620 2526 voce?
644 2485 737 2526 Imo
755 2480 865 2524 nihil
887 2479 1028 2534 aliud,
1055 2479 1130 2523 sed
1150 2478 1439 2523 intellectores
1459 2478 1631 2538 quaerit.
1659 2476 1874 2537 Loquitur
1910 2500 1914 2531 J

533 2601 539 2615 ¹
567 2595 678 2625 Sermo
695 2594 753 2624 iste
775 2592 904 2623 habitus
922 2597 969 2623 est
987 2591 1070 2622 forte
1087 2595 1162 2622 ante
1178 2602 1226 2621 nn⁴
1245 2589 1308 2631 405
1327 2589 1453 2632 quando
1470 2600 1529 2631 pci-
1546 2588 1611 2619 vim
1634 2585 1875 2618 Circumcellio-

485 2661 557 2681 num
577 2650 750 2689 regnabant
766 2649 935 2680 Domitium
955 2659 989 2677 (²2
1009 2658 1039 2678 n.
1068 2658 1114 2678 ιι.

1907 1354 1914 1386 ἐξ
