1926 3339
343 321 583 351 ENAnnArio
616 324 658 350 m
694 320 897 349 PsALMoM
929 323 1096 349 Lxxxw.
1327 311 1410 349 225

32 390 77 434 in
99 389 185 431 fine
217 396 341 431 terrae
366 397 430 431 est
466 407 473 431 :
505 389 597 431 «Et
619 385 829 445 populus,
861 386 1024 445 inquit,
1051 385 1332 444 AEthiopum,
1364 386 1412 428 hi

35 477 56 500 )›
90 457 268 502 fuerunt
293 458 369 500 ibi.
393 476 412 498 »
441 457 484 501 Si
506 472 607 515 ergo
629 456 688 499 ibi
707 456 828 499 Raab
846 491 856 510 ,
884 456 943 498 ibi
965 471 1015 499 ex
1038 454 1285 512 Babylone,
1311 455 1414 514 quia

32 528 90 573 ibi
115 528 394 586 alienigenae,
425 527 486 570 ibi
507 529 666 583 Tyrus,
696 526 755 570 ibi
783 525 971 586 populus
1000 525 1284 584 AEthiopum3
1320 539 1415 568 me-

33 600 115 644 rito
135 617 144 643 2
174 618 193 639 «
210 598 522 642 Gloriosissima
545 597 599 641 de
623 607 664 641 te
686 597 799 640 dicta
824 607 925 641 sunt
941 632 951 651 ,
977 596 1125 641 civitas
1149 596 1239 640 Dei.
1260 616 1277 636 n

91 671 188 713 Vll.
223 671 320 712 Jam
357 667 568 712 attendite
598 670 916 712 sacramentum
944 683 1168 726 magnum.
1211 669 1290 710 Per
1316 680 1417 709 eum

33 741 119 786 illic
140 741 288 795 Raab,
322 755 399 799 per
426 755 558 799 quem
589 738 676 783 illie
700 738 897 797 Babylon
915 774 926 794 ,
956 740 1045 799 jam
1071 754 1161 783 non
1188 736 1415 795 Babylon,

35 820 150 856 caret
170 810 285 854 enim
308 809 553 867 Babylone,
579 818 622 853 et
645 809 796 868 incipit
811 825 900 853 esse
922 807 1176 852 Jerusalem.
1202 806 1419 851 Dividitur

35 882 120 926 filia
164 881 366 924 adversus
411 889 592 923 matrem
629 895 748 923 suam
766 914 776 932 ,
822 889 865 923 et
901 879 982 922 erit
1020 879 1066 921 in
1107 877 1313 921 membris
1349 892 1419 920 re-

37 952 147 1011 ginae
183 950 320 1006 illius,
360 951 429 994 cui
467 949 625 993 dieitur
662 968 672 994 ι
714 968 732 990 «
759 948 1023 993 Obliviscere
1051 946 1265 1007 populum
1294 955 1419 991 tuum

38 1041 59 1064 >›
94 1031 136 1066 et
159 1023 338 1066 domum
371 1021 500 1080 patris
532 1021 618 1077 tui,
648 1020 898 1079 concupivit
920 1035 991 1063 rex
1014 1019 1197 1078 speeiem
1218 1028 1340 1062 tuam
1358 1020 1417 1062 ¹.»

36 1096 144 1139 Nam
175 1091 292 1136 uude
321 1090 519 1148 Babylon
541 1092 748 1150 aspiraret
774 1090 828 1134 ad
858 1090 1122 1134 Jerusalem?
1153 1089 1271 1133 unde
1298 1088 1422 1132 Raab

39 1163 92 1208 ad
105 1163 176 1207 illa
189 1162 473 1208 fundamenta
492 1160 894 1221 perveni1·et?unde
909 1161 1178 1221 alienigenae,
1199 1162 1316 1206 unde
1337 1165 1424 1219 Ty-

39 1250 137 1289 rus,
184 1232 304 1277 unde
338 1231 528 1292 populus
565 1232 849 1292 AEthiopumi'
887 1233 1002 1276 Audi
1043 1232 1196 1277 unde:
1235 1236 1424 1277 «Mater

42 1323 62 1346 »
101 1304 200 1349 Sion
229 1305 306 1361 (2),
339 1302 454 1347 dicet
477 1303 654 1346 hom02.
680 1324 696 1344 »
723 1305 799 1347 Est
820 1302 998 1363 quidam
1023 1303 1155 1347 1101110
1178 1303 1254 1363 qui
1273 1302 1378 1347 dicit
1411 1322 1421 1348 ε

44 1378 206 1419 «Mater
217 1374 335 1427 Sion,
344 1392 364 1414 »
377 1382 419 1417 et
432 1388 508 1432 per
519 1373 637 1417 hunc
647 1373 830 1417 veniunt
842 1372 910 1416 isti
924 1388 1088 1417 omnes.
1105 1373 1188 1417 Sed
1200 1374 1278 1417 iste
1291 1374 1425 1418 homo

40 1446 136 1506 quis
159 1447 248 1489 est?
277 1444 413 1500 Dicit,
437 1444 470 1488 si
487 1444 712 1488 audiamus
728 1479 739 1498 ,
766 1443 799 1487 si
822 1444 1040 1503 capiamus
1063 1462 1071 1487 :
1105 1446 1274 1488 «Mater
1295 1444 1395 1489 Sion
1412 1480 1423 1499 ,

43 1535 65 1558 »
98 1516 214 1560 dicet
234 1516 383 1559 1101110.
412 1533 431 1555 1)
456 1514 660 1574 Sequitur
685 1514 767 1569 ibi,
790 1514 911 1573 quasi
933 1529 1169 1574 quaereres,
1195 1529 1272 1572 per
1295 1530 1428 1574 quem

41 1587 208 1631 venerit
240 1585 362 1630 Raab
378 1619 389 1640 ,
420 1583 618 1642 Babylon
636 1619 646 1639 ,
678 1584 930 1642 alienigenae
946 1619 956 1638 ,
993 1587 1156 1641 Tyrus,
1182 1585 1424 1644 AEthiopes.

43 1661 155 1704 Ecce
176 1673 253 1717 per
270 1671 402 1717 quern
418 1665 641 1700 'venerunt
667 1675 676 1700 ε
703 1659 878 1701 «Mater
903 1657 1005 1700 Sion
1025 1691 1036 1711 ,
1064 1655 1179 1700 dicet
1200 1657 1362 1714 homo,
1387 1665 1430 1700 et

46 1747 66 1771 »
100 1730 232 1774 homo
260 1728 400 1772 factus
435 1736 498 1771 est
532 1727 578 1770 in
603 1743 651 1771 ea
669 1762 680 1780 ‚
711 1736 754 1770 et
784 1727 875 1787 ipse
907 1725 1108 1771 fundavit
1135 1743 1230 1771 eam
1258 1727 1429 1771 Altissi-

47 1818 66 1842 »
101 1814 213 1843 mus.
237 1817 257 1840 ³>
285 1796 402 1850 Quid
424 1797 635 1856 apertius,
656 1795 840 1841 fratres?
864 1800 974 1841 Vere
1002 1798 1104 1858 quia
1127 1797 1429 1856 gloriosissima

44 1869 98 1914 de
125 1879 169 1914 te
202 1868 317 1912 dicta
338 1877 465 1923 sunt,
490 1867 637 1911 civitas
660 1867 752 1911 Dei.
788 1870 922 1922 Eece,
954 1871 1125 1912 «Mater
1158 1869 1260 1916 Sion
1277 1904 1287 1923 ,
1315 1868 1431 1912 dicet

47 1959 68 1983 »
102 1941 250 1985 homo.
270 1957 290 1980 »
315 1939 421 1992 Quis
437 1939 598 1982 homo?
620 1938 702 1991 Qui
729 1941 908 1983 «Homo
931 1936 1069 1983 factus
1092 1948 1155 1982 est
1175 1940 1220 1982 in
1238 1955 1302 1983 ea.
1334 1959 1352 1980 »
1380 1942 1433 1983 In

47 2027 94 2055 ea
123 2010 261 2055 factus
290 2019 354 2053 est
384 2009 538 2064 homo,
571 2017 614 2052 et
645 2009 736 2067 ipse
758 2024 852 2052 eam
881 2007 1109 2053 fundavit?
1133 2010 1365 2062 Quomodo
1388 2010 1433 2054 in

47 2097 93 2126 ea
116 2079 254 2125 faetus
279 2090 342 2124 est
361 2115 372 2134 ‚
399 2088 441 2123 et
459 2080 549 2138 ipse
567 2094 660 2122 eam
685 2078 910 2123 fundavit?
929 2079 1047 2123 Utin
1065 2095 1113 2122 ea
1136 2081 1258 2123 fieret
1279 2080 1429 2135 1101110,

43 2153 129 2213 jam
154 2151 338 2196 fundata
354 2159 460 2195 erat.
490 2151 559 2196 Sic
582 2148 790 2208 intellige,
813 2150 846 2192 si
863 2158 985 2209 potes
1007 2165 1016 2189 2
1044 2150 1233 2205 Etenim,
1263 2154 1434 2195 «Mater

54 2242 72 2264 »
110 2223 212 2267 Sion
241 2221 380 2278 dicet,
403 2240 422 2262 »
456 2220 533 2264 sed
549 2255 560 2275 ,
603 2222 798 2274 «Homo,
821 2222 959 2263 Mater
984 2220 1102 2273 Sion,
1128 2218 1244 2264 dicet
1265 2240 1275 2277 3
1300 2221 1433 2265 homo

55 2311 73 2333 »
107 2301 253 2336 autem
277 2290 415 2336 factus
433 2299 496 2334 est
517 2291 559 2334 in
579 2305 627 2334 ea
656 2309 664 2335 :
690 2290 779 2350 ipse
803 2299 946 2333 autem
970 2287 1173 2334 fundavit
1201 2306 1318 2345 eam,
1343 2306 1434 2335 non

55 2380 74 2404 >i
107 2363 241 2407 homo
258 2397 269 2417 ,
293 2360 368 2405 sed
398 2360 654 2405 Altissimus.
681 2378 700 2401 »
729 2361 796 2405 Sie
816 2358 1016 2404 fundavit
1038 2359 1257 2404 civitatem
1281 2360 1326 2404 in
1349 2377 1434 2422 qua

53 2442 313 2488 nasceretur,
335 2431 557 2492 quomodo
579 2431 740 2476 creavit
757 2440 937 2475 matrem
951 2466 962 2485 ,
983 2430 1037 2474 de
1059 2447 1145 2490 qua
1169 2441 1432 2476 nasceretur.

54 2503 169 2557 Quid
211 2512 275 2548 est
311 2504 416 2558 hoe,
457 2502 634 2547 fratres?
676 2501 830 2556 Quales
862 2501 1189 2562 promissiones,
1227 2512 1437 2563 quantam

103 2619 112 2635 ¹
132 2612 210 2645 Psal.
232 2623 317 2654 μιν,
341 2623 390 2644 11.
412 2628 453 2634 —
473 2619 486 2634 ²
505 2612 552 2644 ld.
572 2621 700 2652 mxxxvi,
716 2610 747 2642 5.

239 2689 378 2719 cxvn.
692 2730 694 2733 .
1205 2679 1252 2716 15
