<?xml version="1.0" encoding="UTF-8"?>
<!DOCTYPE html PUBLIC "-//W3C//DTD XHTML 1.0 Transitional//EN"
    "http://www.w3.org/TR/xhtml1/DTD/xhtml1-transitional.dtd">
<html xmlns="http://www.w3.org/1999/xhtml" xml:lang="en" lang="en">
 <head>
  <title>
</title>
<meta http-equiv="Content-Type" content="text/html;charset=utf-8" />
  <meta name='ocr-system' content='tesseract 3.04.00' />
  <meta name='ocr-capabilities' content='ocr_page ocr_carea ocr_par ocr_line ocrx_word'/>
</head>
<body>
  <div class='ocr_page' id='page_1' title='image "./operaomniaaccura10auguuoft_0461.png"; bbox 0 0 1926 3339; ppageno 0'>
   <div class='ocr_carea' id='block_1_1' title="bbox 400 299 1441 338">
    <p class='ocr_par' dir='ltr' id='par_1_1' title="bbox 400 299 1441 338">
     <span class='ocr_line' id='line_1_1' title="bbox 400 299 1441 338; baseline 0.003 -4"><span class='ocrx_word' id='word_1_1' title='bbox 400 306 642 334; x_wconf 73' lang='lat' dir='ltr'><strong>ENARRATIO</strong></span> <span class='ocrx_word' id='word_1_2' title='bbox 674 309 717 334; x_wconf 73' lang='lat' dir='ltr'>m</span> <span class='ocrx_word' id='word_1_3' title='bbox 752 307 955 334; x_wconf 79' lang='lat' dir='ltr'>PsALMUM</span> <span class='ocrx_word' id='word_1_4' title='bbox 988 310 1105 334; x_wconf 75' lang='lat' dir='ltr'>xcm.</span> <span class='ocrx_word' id='word_1_5' title='bbox 1362 299 1441 338; x_wconf 88' lang='lat'>371</span> 
     </span>
    </p>
   </div>
   <div class='ocr_carea' id='block_1_2' title="bbox 59 372 1469 2562">
    <p class='ocr_par' dir='ltr' id='par_1_2' title="bbox 59 372 1459 1356">
     <span class='ocr_line' id='line_1_2' title="bbox 60 372 1446 434; baseline 0.003 -18"><span class='ocrx_word' id='word_1_6' title='bbox 60 372 212 427; x_wconf 86' lang='lat' dir='ltr'>maris,</span> <span class='ocrx_word' id='word_1_7' title='bbox 233 381 278 415; x_wconf 87' lang='lat' dir='ltr'>et</span> <span class='ocrx_word' id='word_1_8' title='bbox 298 373 660 431; x_wconf 75' lang='lat' dir='ltr'>segregationem,</span> <span class='ocrx_word' id='word_1_9' title='bbox 689 381 738 415; x_wconf 88' lang='lat' dir='ltr'>ut</span> <span class='ocrx_word' id='word_1_10' title='bbox 765 373 905 417; x_wconf 89' lang='lat' dir='ltr'>omnis</span> <span class='ocrx_word' id='word_1_11' title='bbox 927 375 1206 432; x_wconf 80' lang='lat' dir='ltr'>congregatio</span> <span class='ocrx_word' id='word_1_12' title='bbox 1234 391 1446 434; x_wconf 81' lang='lat' dir='ltr'>aquarum</span> 
     </span>
     <span class='ocr_line' id='line_1_3' title="bbox 61 441 1446 501; baseline 0.001 -14"><span class='ocrx_word' id='word_1_13' title='bbox 61 451 293 487; x_wconf 84' lang='lat' dir='ltr'>vocaretur</span> <span class='ocrx_word' id='word_1_14' title='bbox 323 457 462 497; x_wconf 87' lang='lat' dir='ltr'>mare,</span> <span class='ocrx_word' id='word_1_15' title='bbox 495 450 538 485; x_wconf 89' lang='lat' dir='ltr'>et</span> <span class='ocrx_word' id='word_1_16' title='bbox 575 441 693 486; x_wconf 84' lang='lat' dir='ltr'>arida</span> <span class='ocrx_word' id='word_1_17' title='bbox 723 452 950 487; x_wconf 82' lang='lat' dir='ltr'>vocaretur</span> <span class='ocrx_word' id='word_1_18' title='bbox 983 454 1112 488; x_wconf 82' lang='lat' dir='ltr'>terra.</span> <span class='ocrx_word' id='word_1_19' title='bbox 1149 449 1311 497; x_wconf 80' lang='lat' dir='ltr'>Quarto</span> <span class='ocrx_word' id='word_1_20' title='bbox 1349 446 1446 501; x_wconf 84' lang='lat' dir='ltr'>die,</span> 
     </span>
     <span class='ocr_line' id='line_1_4' title="bbox 59 511 1445 575; baseline 0.001 -18"><span class='ocrx_word' id='word_1_21' title='bbox 59 512 290 558; x_wconf 82' lang='lat' dir='ltr'>luminaria</span> <span class='ocrx_word' id='word_1_22' title='bbox 308 511 412 556; x_wconf 87' lang='lat' dir='ltr'>fecit</span> <span class='ocrx_word' id='word_1_23' title='bbox 431 515 544 557; x_wconf 89' lang='lat' dir='ltr'>Deus</span> <span class='ocrx_word' id='word_1_24' title='bbox 565 513 610 556; x_wconf 85' lang='lat' dir='ltr'>in</span> <span class='ocrx_word' id='word_1_25' title='bbox 627 512 740 558; x_wconf 89' lang='lat' dir='ltr'>coelo</span> <span class='ocrx_word' id='word_1_26' title='bbox 757 516 767 538; x_wconf 91' lang='lat'><strong>¹</strong></span> <span class='ocrx_word' id='word_1_27' title='bbox 783 549 793 569; x_wconf 82' lang='grc'><strong>,</strong></span> <span class='ocrx_word' id='word_1_28' title='bbox 824 514 958 558; x_wconf 87' lang='lat' dir='ltr'>solem</span> <span class='ocrx_word' id='word_1_29' title='bbox 982 515 1027 558; x_wconf 90' lang='lat' dir='ltr'>in</span> <span class='ocrx_word' id='word_1_30' title='bbox 1054 524 1311 575; x_wconf 85' lang='lat' dir='ltr'>potestatem</span> <span class='ocrx_word' id='word_1_31' title='bbox 1332 515 1417 559; x_wconf 91' lang='lat' dir='ltr'>diei</span> <span class='ocrx_word' id='word_1_32' title='bbox 1434 551 1445 571; x_wconf 80' lang='grc'>,</span> 
     </span>
     <span class='ocr_line' id='line_1_5' title="bbox 59 583 1441 647; baseline 0.001 -18"><span class='ocrx_word' id='word_1_33' title='bbox 59 584 210 629; x_wconf 82' lang='lat' dir='ltr'>lunam</span> <span class='ocrx_word' id='word_1_34' title='bbox 220 593 263 628; x_wconf 89' lang='lat' dir='ltr'>et</span> <span class='ocrx_word' id='word_1_35' title='bbox 279 583 422 628; x_wconf 86' lang='lat' dir='ltr'>stellas</span> <span class='ocrx_word' id='word_1_36' title='bbox 435 584 480 628; x_wconf 86' lang='lat' dir='ltr'>in</span> <span class='ocrx_word' id='word_1_37' title='bbox 495 594 752 645; x_wconf 83' lang='lat' dir='ltr'>potestatem</span> <span class='ocrx_word' id='word_1_38' title='bbox 763 586 939 630; x_wconf 74' lang='lat' dir='ltr'>noetis‘2.</span> <span class='ocrx_word' id='word_1_39' title='bbox 956 589 1049 631; x_wconf 93' lang='lat' dir='ltr'>Hoc</span> <span class='ocrx_word' id='word_1_40' title='bbox 1068 596 1224 647; x_wconf 84' lang='lat' dir='ltr'>quarto</span> <span class='ocrx_word' id='word_1_41' title='bbox 1237 587 1307 630; x_wconf 87' lang='lat' dir='ltr'>die</span> <span class='ocrx_word' id='word_1_42' title='bbox 1323 585 1441 631; x_wconf 85' lang='lat' dir='ltr'>fecit.</span> 
     </span>
     <span class='ocr_line' id='line_1_6' title="bbox 61 655 1444 717; baseline 0.001 -18"><span class='ocrx_word' id='word_1_43' title='bbox 61 655 177 708; x_wconf 76' lang='lat' dir='ltr'>Quid</span> <span class='ocrx_word' id='word_1_44' title='bbox 203 655 284 699; x_wconf 73' lang='lat' dir='ltr'>sibi</span> <span class='ocrx_word' id='word_1_45' title='bbox 311 670 415 714; x_wconf 82' lang='lat' dir='ltr'>ergo</span> <span class='ocrx_word' id='word_1_46' title='bbox 436 655 531 700; x_wconf 90' lang='lat' dir='ltr'>vult</span> <span class='ocrx_word' id='word_1_47' title='bbox 553 655 673 716; x_wconf 91' lang='lat' dir='ltr'>quod</span> <span class='ocrx_word' id='word_1_48' title='bbox 692 655 746 699; x_wconf 89' lang='lat' dir='ltr'>dc</span> <span class='ocrx_word' id='word_1_49' title='bbox 776 666 932 717; x_wconf 85' lang='lat' dir='ltr'>quarto</span> <span class='ocrx_word' id='word_1_50' title='bbox 954 658 1023 701; x_wconf 87' lang='lat' dir='ltr'>die</span> <span class='ocrx_word' id='word_1_51' title='bbox 1060 658 1228 717; x_wconf 82' lang='lat' dir='ltr'>accepit</span> <span class='ocrx_word' id='word_1_52' title='bbox 1252 657 1444 701; x_wconf 85' lang='lat' dir='ltr'>Psalmus</span> 
     </span>
     <span class='ocr_line' id='line_1_7' title="bbox 61 724 1446 788; baseline 0.001 -18"><span class='ocrx_word' id='word_1_53' title='bbox 61 724 266 770; x_wconf 82' lang='lat' dir='ltr'>titulum?</span> <span class='ocrx_word' id='word_1_54' title='bbox 289 728 340 770; x_wconf 91' lang='lat' dir='ltr'>ln</span> <span class='ocrx_word' id='word_1_55' title='bbox 361 741 450 786; x_wconf 90' lang='lat' dir='ltr'>quo</span> <span class='ocrx_word' id='word_1_56' title='bbox 477 726 646 771; x_wconf 83' lang='lat' dir='ltr'>Psalmo</span> <span class='ocrx_word' id='word_1_57' title='bbox 668 725 850 771; x_wconf 81' lang='lat' dir='ltr'>docetur</span> <span class='ocrx_word' id='word_1_58' title='bbox 880 728 1087 788; x_wconf 84' lang='lat' dir='ltr'>patientia</span> <span class='ocrx_word' id='word_1_59' title='bbox 1118 730 1322 773; x_wconf 85' lang='lat' dir='ltr'>adversus</span> <span class='ocrx_word' id='word_1_60' title='bbox 1344 727 1446 772; x_wconf 87' lang='lat' dir='ltr'>feli-</span> 
     </span>
     <span class='ocr_line' id='line_1_8' title="bbox 61 795 1452 859; baseline 0.002 -19"><span class='ocrx_word' id='word_1_61' title='bbox 61 797 210 841; x_wconf 86' lang='lat' dir='ltr'>citates</span> <span class='ocrx_word' id='word_1_62' title='bbox 226 795 462 852; x_wconf 83' lang='lat' dir='ltr'>malorum,</span> <span class='ocrx_word' id='word_1_63' title='bbox 479 796 700 841; x_wconf 85' lang='lat' dir='ltr'>etlabores</span> <span class='ocrx_word' id='word_1_64' title='bbox 720 798 951 842; x_wconf 87' lang='lat' dir='ltr'>bonorum.</span> <span class='ocrx_word' id='word_1_65' title='bbox 970 799 1113 843; x_wconf 84' lang='lat' dir='ltr'>Habes</span> <span class='ocrx_word' id='word_1_66' title='bbox 1131 798 1315 843; x_wconf 82' lang='lat' dir='ltr'>Paulum</span> <span class='ocrx_word' id='word_1_67' title='bbox 1327 815 1452 859; x_wconf 87' lang='lat' dir='ltr'>apos-</span> 
     </span>
     <span class='ocr_line' id='line_1_9' title="bbox 62 866 1451 926; baseline 0.003 -15"><span class='ocrx_word' id='word_1_68' title='bbox 62 866 203 911; x_wconf 91' lang='lat' dir='ltr'>tolum</span> <span class='ocrx_word' id='word_1_69' title='bbox 241 866 459 911; x_wconf 80' lang='lat' dir='ltr'>dicentem</span> <span class='ocrx_word' id='word_1_70' title='bbox 495 868 650 911; x_wconf 86' lang='lat' dir='ltr'>sanctis</span> <span class='ocrx_word' id='word_1_71' title='bbox 685 867 887 913; x_wconf 89' lang='lat' dir='ltr'>fidelibus</span> <span class='ocrx_word' id='word_1_72' title='bbox 922 870 1134 914; x_wconf 85' lang='lat' dir='ltr'>roboratis</span> <span class='ocrx_word' id='word_1_73' title='bbox 1169 870 1216 913; x_wconf 84' lang='lat' dir='ltr'>iu</span> <span class='ocrx_word' id='word_1_74' title='bbox 1243 870 1416 915; x_wconf 86' lang='lat' dir='ltr'>Christo</span> <span class='ocrx_word' id='word_1_75' title='bbox 1440 906 1451 926; x_wconf 86' lang='lat'>,</span> 
     </span>
     <span class='ocr_line' id='line_1_10' title="bbox 69 937 1450 999; baseline 0.003 -18"><span class='ocrx_word' id='word_1_76' title='bbox 69 957 89 981; x_wconf 91' lang='lat'>«</span> <span class='ocrx_word' id='word_1_77' title='bbox 121 937 278 982; x_wconf 83' lang='lat' dir='ltr'>Omnia</span> <span class='ocrx_word' id='word_1_78' title='bbox 290 937 418 982; x_wconf 81' lang='lat' dir='ltr'>facite</span> <span class='ocrx_word' id='word_1_79' title='bbox 436 938 527 982; x_wconf 87' lang='lat' dir='ltr'>sine</span> <span class='ocrx_word' id='word_1_80' title='bbox 544 939 888 983; x_wconf 83' lang='lat' dir='ltr'>murmuratione</span> <span class='ocrx_word' id='word_1_81' title='bbox 905 949 948 983; x_wconf 87' lang='lat' dir='ltr'>et</span> <span class='ocrx_word' id='word_1_82' title='bbox 968 939 1278 999; x_wconf 80' lang='lat' dir='ltr'>disceptatione</span> <span class='ocrx_word' id='word_1_83' title='bbox 1294 976 1305 996; x_wconf 83' lang='lat'>,</span> <span class='ocrx_word' id='word_1_84' title='bbox 1326 951 1375 985; x_wconf 89' lang='lat' dir='ltr'>ut</span> <span class='ocrx_word' id='word_1_85' title='bbox 1392 943 1450 985; x_wconf 90' lang='lat' dir='ltr'>si-</span> 
     </span>
     <span class='ocr_line' id='line_1_11' title="bbox 69 1008 1456 1068; baseline 0.004 -17"><span class='ocrx_word' id='word_1_86' title='bbox 69 1029 87 1051; x_wconf 82' lang='lat'>»</span> <span class='ocrx_word' id='word_1_87' title='bbox 123 1009 175 1053; x_wconf 89' lang='lat' dir='ltr'>tis</span> <span class='ocrx_word' id='word_1_88' title='bbox 190 1008 586 1068; x_wconf 86' lang='lat' dir='ltr'>irreprehensibiles</span> <span class='ocrx_word' id='word_1_89' title='bbox 601 1044 612 1064; x_wconf 83' lang='lat'><strong>‚</strong></span> <span class='ocrx_word' id='word_1_90' title='bbox 628 1018 671 1053; x_wconf 85' lang='lat' dir='ltr'>et</span> <span class='ocrx_word' id='word_1_91' title='bbox 693 1010 877 1054; x_wconf 84' lang='lat' dir='ltr'>sinceres</span> <span class='ocrx_word' id='word_1_92' title='bbox 893 1045 906 1061; x_wconf 81' lang='lat'>,</span> <span class='ocrx_word' id='word_1_93' title='bbox 931 1010 1197 1055; x_wconf 79' lang='lat' dir='ltr'>immaculati</span> <span class='ocrx_word' id='word_1_94' title='bbox 1221 1011 1297 1056; x_wconf 88' lang='lat' dir='ltr'>filii</span> <span class='ocrx_word' id='word_1_95' title='bbox 1319 1012 1396 1056; x_wconf 87' lang='lat' dir='ltr'>Dei</span> <span class='ocrx_word' id='word_1_96' title='bbox 1410 1012 1456 1056; x_wconf 88' lang='lat' dir='ltr'>in</span> 
     </span>
     <span class='ocr_line' id='line_1_12' title="bbox 70 1080 1453 1143; baseline 0.004 -21"><span class='ocrx_word' id='word_1_97' title='bbox 70 1101 88 1122; x_wconf 93' lang='lat'>»</span> <span class='ocrx_word' id='word_1_98' title='bbox 124 1080 266 1124; x_wconf 83' lang='lat' dir='ltr'>medio</span> <span class='ocrx_word' id='word_1_99' title='bbox 289 1080 474 1124; x_wconf 83' lang='lat' dir='ltr'>nationis</span> <span class='ocrx_word' id='word_1_100' title='bbox 496 1088 703 1124; x_wconf 79' lang='lat' dir='ltr'>tortuosae</span> <span class='ocrx_word' id='word_1_101' title='bbox 725 1089 767 1124; x_wconf 89' lang='lat' dir='ltr'>et</span> <span class='ocrx_word' id='word_1_102' title='bbox 789 1096 1023 1140; x_wconf 77' lang='lat' dir='ltr'>perversae,</span> <span class='ocrx_word' id='word_1_103' title='bbox 1059 1082 1105 1126; x_wconf 93' lang='lat' dir='ltr'>in</span> <span class='ocrx_word' id='word_1_104' title='bbox 1129 1083 1287 1143; x_wconf 86' lang='lat' dir='ltr'>quibus</span> <span class='ocrx_word' id='word_1_105' title='bbox 1316 1098 1453 1142; x_wconf 79' lang='lat' dir='ltr'>appa-</span> 
     </span>
     <span class='ocr_line' id='line_1_13' title="bbox 69 1149 1453 1208; baseline 0.004 -14"><span class='ocrx_word' id='word_1_106' title='bbox 69 1170 90 1193; x_wconf 88' lang='lat'>»</span> <span class='ocrx_word' id='word_1_107' title='bbox 125 1154 226 1195; x_wconf 87' lang='lat' dir='ltr'>retis</span> <span class='ocrx_word' id='word_1_108' title='bbox 239 1151 350 1195; x_wconf 87' lang='lat' dir='ltr'>sicut</span> <span class='ocrx_word' id='word_1_109' title='bbox 363 1149 594 1195; x_wconf 82' lang='lat' dir='ltr'>luminaria</span> <span class='ocrx_word' id='word_1_110' title='bbox 605 1151 650 1195; x_wconf 89' lang='lat' dir='ltr'>in</span> <span class='ocrx_word' id='word_1_111' title='bbox 668 1152 847 1208; x_wconf 79' lang='lat' dir='ltr'>mundo,</span> <span class='ocrx_word' id='word_1_112' title='bbox 866 1154 1049 1198; x_wconf 87' lang='lat' dir='ltr'>verbum</span> <span class='ocrx_word' id='word_1_113' title='bbox 1064 1154 1164 1198; x_wconf 84' lang='lat' dir='ltr'>vitae</span> <span class='ocrx_word' id='word_1_114' title='bbox 1177 1155 1453 1199; x_wconf 75' lang='lat' dir='ltr'>habentes³.»</span> 
     </span>
     <span class='ocr_line' id='line_1_14' title="bbox 70 1221 1459 1282; baseline 0.002 -17"><span class='ocrx_word' id='word_1_115' title='bbox 70 1221 317 1266; x_wconf 85' lang='lat' dir='ltr'>Similitudo</span> <span class='ocrx_word' id='word_1_116' title='bbox 346 1222 401 1265; x_wconf 89' lang='lat' dir='ltr'>de</span> <span class='ocrx_word' id='word_1_117' title='bbox 432 1221 720 1268; x_wconf 85' lang='lat' dir='ltr'>luminaribus</span> <span class='ocrx_word' id='word_1_118' title='bbox 753 1223 854 1267; x_wconf 83' lang='lat' dir='ltr'>data</span> <span class='ocrx_word' id='word_1_119' title='bbox 883 1233 945 1268; x_wconf 89' lang='lat' dir='ltr'>est</span> <span class='ocrx_word' id='word_1_120' title='bbox 979 1226 1034 1268; x_wconf 88' lang='lat' dir='ltr'>ad</span> <span class='ocrx_word' id='word_1_121' title='bbox 1067 1235 1260 1282; x_wconf 74' lang='lat' dir='ltr'>sanctos,</span> <span class='ocrx_word' id='word_1_122' title='bbox 1286 1235 1336 1270; x_wconf 87' lang='lat' dir='ltr'>ut</span> <span class='ocrx_word' id='word_1_123' title='bbox 1365 1226 1459 1270; x_wconf 89' lang='lat' dir='ltr'>sine</span> 
     </span>
     <span class='ocr_line' id='line_1_15' title="bbox 67 1292 1294 1356; baseline 0.003 -19"><span class='ocrx_word' id='word_1_124' title='bbox 67 1292 413 1337; x_wconf 85' lang='lat' dir='ltr'>murmuratione</span> <span class='ocrx_word' id='word_1_125' title='bbox 436 1292 580 1337; x_wconf 87' lang='lat' dir='ltr'>sintin</span> <span class='ocrx_word' id='word_1_126' title='bbox 602 1294 778 1338; x_wconf 85' lang='lat' dir='ltr'>natione</span> <span class='ocrx_word' id='word_1_127' title='bbox 802 1304 994 1339; x_wconf 87' lang='lat' dir='ltr'>tortuosa</span> <span class='ocrx_word' id='word_1_128' title='bbox 1015 1305 1058 1340; x_wconf 89' lang='lat' dir='ltr'>et</span> <span class='ocrx_word' id='word_1_129' title='bbox 1079 1312 1294 1356; x_wconf 85' lang='lat' dir='ltr'>perversa.</span> 
     </span>
    </p>

    <p class='ocr_par' dir='ltr' id='par_1_3' title="bbox 70 1362 1469 2562">
     <span class='ocr_line' id='line_1_16' title="bbox 128 1362 1461 1425; baseline 0.004 -18"><span class='ocrx_word' id='word_1_130' title='bbox 128 1365 204 1407; x_wconf 91' lang='lat' dir='ltr'>IV.</span> <span class='ocrx_word' id='word_1_131' title='bbox 233 1362 318 1408; x_wconf 90' lang='lat' dir='ltr'>Sed</span> <span class='ocrx_word' id='word_1_132' title='bbox 344 1379 399 1407; x_wconf 88' lang='lat' dir='ltr'>ne</span> <span class='ocrx_word' id='word_1_133' title='bbox 422 1363 654 1423; x_wconf 67' lang='lat' dir='ltr'>quisquam</span> <span class='ocrx_word' id='word_1_134' title='bbox 678 1375 903 1424; x_wconf 82' lang='lat' dir='ltr'>propterea</span> <span class='ocrx_word' id='word_1_135' title='bbox 929 1376 1054 1425; x_wconf 89' lang='lat' dir='ltr'>putet</span> <span class='ocrx_word' id='word_1_136' title='bbox 1083 1367 1265 1411; x_wconf 82' lang='lat' dir='ltr'>colenda</span> <span class='ocrx_word' id='word_1_137' title='bbox 1295 1383 1385 1411; x_wconf 85' lang='lat' dir='ltr'>esse</span> <span class='ocrx_word' id='word_1_138' title='bbox 1417 1377 1461 1412; x_wconf 89' lang='lat' dir='ltr'>et</span> 
     </span>
     <span class='ocr_line' id='line_1_17' title="bbox 70 1433 1460 1497; baseline 0.004 -19"><span class='ocrx_word' id='word_1_139' title='bbox 70 1433 290 1479; x_wconf 86' lang='lat' dir='ltr'>adoranda</span> <span class='ocrx_word' id='word_1_140' title='bbox 301 1433 531 1478; x_wconf 79' lang='lat' dir='ltr'>luminaria</span> <span class='ocrx_word' id='word_1_141' title='bbox 545 1435 661 1490; x_wconf 84' lang='lat' dir='ltr'>coeli,</span> <span class='ocrx_word' id='word_1_142' title='bbox 679 1435 780 1495; x_wconf 84' lang='lat' dir='ltr'>quia</span> <span class='ocrx_word' id='word_1_143' title='bbox 794 1435 896 1480; x_wconf 85' lang='lat' dir='ltr'>inde</span> <span class='ocrx_word' id='word_1_144' title='bbox 913 1436 1056 1497; x_wconf 82' lang='lat' dir='ltr'>aliqua</span> <span class='ocrx_word' id='word_1_145' title='bbox 1074 1437 1310 1482; x_wconf 85' lang='lat' dir='ltr'>similitudo</span> <span class='ocrx_word' id='word_1_146' title='bbox 1328 1438 1460 1483; x_wconf 81' lang='lat' dir='ltr'>ducta</span> 
     </span>
     <span class='ocr_line' id='line_1_18' title="bbox 70 1505 1462 1569; baseline 0.004 -20"><span class='ocrx_word' id='word_1_147' title='bbox 70 1514 133 1550; x_wconf 89' lang='lat' dir='ltr'>est</span> <span class='ocrx_word' id='word_1_148' title='bbox 151 1506 207 1549; x_wconf 86' lang='lat' dir='ltr'>ad</span> <span class='ocrx_word' id='word_1_149' title='bbox 224 1505 580 1563; x_wconf 82' lang='lat' dir='ltr'>significationem</span> <span class='ocrx_word' id='word_1_150' title='bbox 603 1516 878 1565; x_wconf 72' lang='lat' dir='ltr'>sanctorum3</span> <span class='ocrx_word' id='word_1_151' title='bbox 899 1508 1017 1567; x_wconf 89' lang='lat' dir='ltr'>prius</span> <span class='ocrx_word' id='word_1_152' title='bbox 1034 1510 1115 1553; x_wconf 88' lang='lat' dir='ltr'>hoc</span> <span class='ocrx_word' id='word_1_153' title='bbox 1136 1509 1400 1569; x_wconf 81' lang='lat' dir='ltr'>explicemus</span> <span class='ocrx_word' id='word_1_154' title='bbox 1416 1511 1462 1555; x_wconf 88' lang='lat' dir='ltr'>in</span> 
     </span>
     <span class='ocr_line' id='line_1_19' title="bbox 70 1576 1460 1641; baseline 0.003 -20"><span class='ocrx_word' id='word_1_155' title='bbox 70 1577 247 1622; x_wconf 89' lang='lat' dir='ltr'>nomine</span> <span class='ocrx_word' id='word_1_156' title='bbox 274 1576 459 1631; x_wconf 81' lang='lat' dir='ltr'>Christi,</span> <span class='ocrx_word' id='word_1_157' title='bbox 499 1593 630 1637; x_wconf 84' lang='lat' dir='ltr'>quam</span> <span class='ocrx_word' id='word_1_158' title='bbox 654 1594 742 1622; x_wconf 88' lang='lat' dir='ltr'>non</span> <span class='ocrx_word' id='word_1_159' title='bbox 762 1579 815 1622; x_wconf 91' lang='lat' dir='ltr'>sit</span> <span class='ocrx_word' id='word_1_160' title='bbox 836 1594 1106 1639; x_wconf 82' lang='lat' dir='ltr'>consequens</span> <span class='ocrx_word' id='word_1_161' title='bbox 1122 1616 1132 1635; x_wconf 82' lang='lat'>,</span> <span class='ocrx_word' id='word_1_162' title='bbox 1159 1590 1210 1624; x_wconf 90' lang='lat' dir='ltr'>ut</span> <span class='ocrx_word' id='word_1_163' title='bbox 1232 1591 1460 1641; x_wconf 80' lang='lat' dir='ltr'>propterea</span> 
     </span>
     <span class='ocr_line' id='line_1_20' title="bbox 71 1647 1460 1708; baseline 0.003 -16"><span class='ocrx_word' id='word_1_164' title='bbox 71 1648 152 1693; x_wconf 86' lang='lat' dir='ltr'>tibi</span> <span class='ocrx_word' id='word_1_165' title='bbox 179 1647 379 1693; x_wconf 85' lang='lat' dir='ltr'>videatur</span> <span class='ocrx_word' id='word_1_166' title='bbox 412 1647 657 1693; x_wconf 82' lang='lat' dir='ltr'>adorandus</span> <span class='ocrx_word' id='word_1_167' title='bbox 684 1649 775 1705; x_wconf 82' lang='lat' dir='ltr'>sol,</span> <span class='ocrx_word' id='word_1_168' title='bbox 802 1660 878 1694; x_wconf 81' lang='lat' dir='ltr'>aut</span> <span class='ocrx_word' id='word_1_169' title='bbox 904 1651 1032 1708; x_wconf 79' lang='lat' dir='ltr'>luna3</span> <span class='ocrx_word' id='word_1_170' title='bbox 1079 1661 1154 1696; x_wconf 85' lang='lat' dir='ltr'>aut</span> <span class='ocrx_word' id='word_1_171' title='bbox 1182 1652 1340 1708; x_wconf 71' lang='lat' dir='ltr'>stellae,</span> <span class='ocrx_word' id='word_1_172' title='bbox 1383 1661 1460 1696; x_wconf 81' lang='lat' dir='ltr'>aut</span> 
     </span>
     <span class='ocr_line' id='line_1_21' title="bbox 73 1718 1455 1783; baseline 0.001 -19"><span class='ocrx_word' id='word_1_173' title='bbox 73 1719 256 1774; x_wconf 84' lang='lat' dir='ltr'>coelum,</span> <span class='ocrx_word' id='word_1_174' title='bbox 276 1719 378 1779; x_wconf 87' lang='lat' dir='ltr'>quia</span> <span class='ocrx_word' id='word_1_175' title='bbox 391 1718 534 1779; x_wconf 82' lang='lat' dir='ltr'>aliqua</span> <span class='ocrx_word' id='word_1_176' title='bbox 555 1719 611 1763; x_wconf 86' lang='lat' dir='ltr'>de</span> <span class='ocrx_word' id='word_1_177' title='bbox 621 1719 705 1764; x_wconf 91' lang='lat' dir='ltr'>illis</span> <span class='ocrx_word' id='word_1_178' title='bbox 727 1721 967 1767; x_wconf 82' lang='lat' dir='ltr'>similitudo</span> <span class='ocrx_word' id='word_1_179' title='bbox 989 1722 1120 1767; x_wconf 82' lang='lat' dir='ltr'>ducta</span> <span class='ocrx_word' id='word_1_180' title='bbox 1144 1733 1228 1778; x_wconf 84' lang='lat' dir='ltr'>est,</span> <span class='ocrx_word' id='word_1_181' title='bbox 1257 1740 1344 1783; x_wconf 83' lang='lat' dir='ltr'>qua</span> <span class='ocrx_word' id='word_1_182' title='bbox 1367 1723 1455 1782; x_wconf 84' lang='lat' dir='ltr'>sig-</span> 
     </span>
     <span class='ocr_line' id='line_1_22' title="bbox 73 1790 1465 1853; baseline 0.002 -18"><span class='ocrx_word' id='word_1_183' title='bbox 73 1790 355 1835; x_wconf 85' lang='lat' dir='ltr'>nificarentur</span> <span class='ocrx_word' id='word_1_184' title='bbox 381 1790 545 1847; x_wconf 73' lang='lat' dir='ltr'>sancti3</span> <span class='ocrx_word' id='word_1_185' title='bbox 567 1791 667 1851; x_wconf 80' lang='lat' dir='ltr'>quia</span> <span class='ocrx_word' id='word_1_186' title='bbox 683 1791 820 1835; x_wconf 86' lang='lat' dir='ltr'>multa</span> <span class='ocrx_word' id='word_1_187' title='bbox 843 1801 965 1848; x_wconf 83' lang='lat' dir='ltr'>sunt,</span> <span class='ocrx_word' id='word_1_188' title='bbox 991 1793 1046 1836; x_wconf 90' lang='lat' dir='ltr'>de</span> <span class='ocrx_word' id='word_1_189' title='bbox 1064 1794 1222 1853; x_wconf 86' lang='lat' dir='ltr'>quibus</span> <span class='ocrx_word' id='word_1_190' title='bbox 1245 1793 1377 1838; x_wconf 82' lang='lat' dir='ltr'>ducta</span> <span class='ocrx_word' id='word_1_191' title='bbox 1400 1803 1465 1839; x_wconf 88' lang='lat' dir='ltr'>est</span> 
     </span>
     <span class='ocr_line' id='line_1_23' title="bbox 75 1861 1463 1925; baseline 0.003 -19"><span class='ocrx_word' id='word_1_192' title='bbox 75 1861 314 1906; x_wconf 86' lang='lat' dir='ltr'>similitudo</span> <span class='ocrx_word' id='word_1_193' title='bbox 337 1861 391 1905; x_wconf 83' lang='lat' dir='ltr'>ad</span> <span class='ocrx_word' id='word_1_194' title='bbox 421 1861 726 1920; x_wconf 79' lang='lat' dir='ltr'>significandos</span> <span class='ocrx_word' id='word_1_195' title='bbox 748 1873 939 1919; x_wconf 81' lang='lat' dir='ltr'>sanctos,</span> <span class='ocrx_word' id='word_1_196' title='bbox 963 1881 1062 1925; x_wconf 80' lang='lat' dir='ltr'>quae</span> <span class='ocrx_word' id='word_1_197' title='bbox 1094 1881 1182 1909; x_wconf 90' lang='lat' dir='ltr'>non</span> <span class='ocrx_word' id='word_1_198' title='bbox 1211 1865 1463 1910; x_wconf 81' lang='lat' dir='ltr'>adorantur.</span> 
     </span>
     <span class='ocr_line' id='line_1_24' title="bbox 79 1931 1463 1993; baseline 0.003 -16"><span class='ocrx_word' id='word_1_199' title='bbox 79 1933 122 1978; x_wconf 89' lang='lat' dir='ltr'>Si</span> <span class='ocrx_word' id='word_1_200' title='bbox 144 1934 259 1977; x_wconf 88' lang='lat' dir='ltr'>enim</span> <span class='ocrx_word' id='word_1_201' title='bbox 277 1931 495 1993; x_wconf 84' lang='lat' dir='ltr'>quidquid</span> <span class='ocrx_word' id='word_1_202' title='bbox 517 1941 580 1976; x_wconf 88' lang='lat' dir='ltr'>est</span> <span class='ocrx_word' id='word_1_203' title='bbox 601 1932 718 1977; x_wconf 88' lang='lat' dir='ltr'>unde</span> <span class='ocrx_word' id='word_1_204' title='bbox 740 1933 978 1978; x_wconf 88' lang='lat' dir='ltr'>similitudo</span> <span class='ocrx_word' id='word_1_205' title='bbox 996 1934 1172 1979; x_wconf 88' lang='lat' dir='ltr'>ducitur</span> <span class='ocrx_word' id='word_1_206' title='bbox 1201 1935 1257 1979; x_wconf 86' lang='lat' dir='ltr'>ad</span> <span class='ocrx_word' id='word_1_207' title='bbox 1274 1946 1463 1992; x_wconf 80' lang='lat' dir='ltr'>sanctOS,</span> 
     </span>
     <span class='ocr_line' id='line_1_25' title="bbox 78 2003 1464 2068; baseline 0.002 -19"><span class='ocrx_word' id='word_1_208' title='bbox 78 2003 351 2049; x_wconf 81' lang='lat' dir='ltr'>adorandum</span> <span class='ocrx_word' id='word_1_209' title='bbox 368 2003 448 2047; x_wconf 86' lang='lat' dir='ltr'>tibi</span> <span class='ocrx_word' id='word_1_210' title='bbox 469 2013 620 2063; x_wconf 80' lang='lat' dir='ltr'>putas3</span> <span class='ocrx_word' id='word_1_211' title='bbox 648 2003 779 2049; x_wconf 80' lang='lat' dir='ltr'>adora</span> <span class='ocrx_word' id='word_1_212' title='bbox 809 2019 979 2049; x_wconf 86' lang='lat' dir='ltr'>montes</span> <span class='ocrx_word' id='word_1_213' title='bbox 1001 2016 1043 2050; x_wconf 89' lang='lat' dir='ltr'>et</span> <span class='ocrx_word' id='word_1_214' title='bbox 1067 2006 1220 2062; x_wconf 88' lang='lat' dir='ltr'>colles,</span> <span class='ocrx_word' id='word_1_215' title='bbox 1247 2007 1348 2068; x_wconf 83' lang='lat' dir='ltr'>quia</span> <span class='ocrx_word' id='word_1_216' title='bbox 1371 2007 1464 2052; x_wconf 91' lang='lat' dir='ltr'>dic-</span> 
     </span>
     <span class='ocr_line' id='line_1_26' title="bbox 80 2075 1466 2133; baseline 0.001 -12"><span class='ocrx_word' id='word_1_217' title='bbox 80 2085 172 2121; x_wconf 92' lang='lat' dir='ltr'>tum</span> <span class='ocrx_word' id='word_1_218' title='bbox 195 2084 285 2131; x_wconf 81' lang='lat' dir='ltr'>est,</span> <span class='ocrx_word' id='word_1_219' title='bbox 315 2095 336 2117; x_wconf 86' lang='lat'>«</span> <span class='ocrx_word' id='word_1_220' title='bbox 369 2078 540 2120; x_wconf 86' lang='lat' dir='ltr'>Montes</span> <span class='ocrx_word' id='word_1_221' title='bbox 566 2075 874 2120; x_wconf 79' lang='lat' dir='ltr'>exultaverunt</span> <span class='ocrx_word' id='word_1_222' title='bbox 902 2077 1024 2121; x_wconf 86' lang='lat' dir='ltr'>velut</span> <span class='ocrx_word' id='word_1_223' title='bbox 1051 2078 1228 2133; x_wconf 80' lang='lat' dir='ltr'>arietes,</span> <span class='ocrx_word' id='word_1_224' title='bbox 1263 2088 1306 2122; x_wconf 88' lang='lat' dir='ltr'>et</span> <span class='ocrx_word' id='word_1_225' title='bbox 1334 2079 1466 2123; x_wconf 87' lang='lat' dir='ltr'>colles</span> 
     </span>
     <span class='ocr_line' id='line_1_27' title="bbox 82 2145 1465 2208; baseline 0.004 -20"><span class='ocrx_word' id='word_1_226' title='bbox 82 2166 103 2189; x_wconf 83' lang='lat'>»</span> <span class='ocrx_word' id='word_1_227' title='bbox 137 2145 258 2192; x_wconf 85' lang='lat' dir='ltr'>velut</span> <span class='ocrx_word' id='word_1_228' title='bbox 273 2146 373 2205; x_wconf 85' lang='lat' dir='ltr'>agni</span> <span class='ocrx_word' id='word_1_229' title='bbox 395 2146 584 2190; x_wconf 72' lang='lat' dir='ltr'>ovium4.</span> <span class='ocrx_word' id='word_1_230' title='bbox 613 2164 633 2187; x_wconf 88' lang='lat'>»</span> <span class='ocrx_word' id='word_1_231' title='bbox 663 2148 727 2189; x_wconf 88' lang='lat' dir='ltr'>Tu</span> <span class='ocrx_word' id='word_1_232' title='bbox 757 2145 812 2190; x_wconf 92' lang='lat' dir='ltr'>de</span> <span class='ocrx_word' id='word_1_233' title='bbox 840 2147 997 2191; x_wconf 86' lang='lat' dir='ltr'>sanctis</span> <span class='ocrx_word' id='word_1_234' title='bbox 1023 2148 1131 2192; x_wconf 89' lang='lat' dir='ltr'>dicis</span> <span class='ocrx_word' id='word_1_235' title='bbox 1148 2183 1158 2202; x_wconf 86' lang='lat'>‚</span> <span class='ocrx_word' id='word_1_236' title='bbox 1186 2164 1266 2207; x_wconf 81' lang='lat' dir='ltr'>ego</span> <span class='ocrx_word' id='word_1_237' title='bbox 1295 2148 1350 2192; x_wconf 89' lang='lat' dir='ltr'>de</span> <span class='ocrx_word' id='word_1_238' title='bbox 1372 2150 1465 2208; x_wconf 87' lang='lat' dir='ltr'>ipso</span> 
     </span>
     <span class='ocr_line' id='line_1_28' title="bbox 79 2216 1469 2278; baseline 0.001 -15"><span class='ocrx_word' id='word_1_239' title='bbox 79 2218 253 2265; x_wconf 88' lang='lat' dir='ltr'>Christo</span> <span class='ocrx_word' id='word_1_240' title='bbox 273 2217 387 2262; x_wconf 91' lang='lat' dir='ltr'>dico.</span> <span class='ocrx_word' id='word_1_241' title='bbox 413 2218 558 2262; x_wconf 83' lang='lat' dir='ltr'>Adora</span> <span class='ocrx_word' id='word_1_242' title='bbox 579 2216 772 2273; x_wconf 82' lang='lat' dir='ltr'>leonem,</span> <span class='ocrx_word' id='word_1_243' title='bbox 793 2218 896 2278; x_wconf 84' lang='lat' dir='ltr'>quia</span> <span class='ocrx_word' id='word_1_244' title='bbox 918 2217 1083 2263; x_wconf 88' lang='lat' dir='ltr'>dictum</span> <span class='ocrx_word' id='word_1_245' title='bbox 1107 2229 1171 2263; x_wconf 89' lang='lat' dir='ltr'>est</span> <span class='ocrx_word' id='word_1_246' title='bbox 1188 2255 1198 2274; x_wconf 87' lang='lat'><strong><em>,</em></strong></span> <span class='ocrx_word' id='word_1_247' title='bbox 1229 2239 1249 2261; x_wconf 92' lang='lat'>«</span> <span class='ocrx_word' id='word_1_248' title='bbox 1270 2221 1384 2265; x_wconf 87' lang='lat' dir='ltr'>Vicit</span> <span class='ocrx_word' id='word_1_249' title='bbox 1399 2222 1469 2266; x_wconf 93' lang='lat' dir='ltr'>leo</span> 
     </span>
     <span class='ocr_line' id='line_1_29' title="bbox 83 2287 1464 2349; baseline 0.004 -18"><span class='ocrx_word' id='word_1_250' title='bbox 83 2308 104 2331; x_wconf 91' lang='lat'>»</span> <span class='ocrx_word' id='word_1_251' title='bbox 138 2289 194 2334; x_wconf 85' lang='lat' dir='ltr'>de</span> <span class='ocrx_word' id='word_1_252' title='bbox 221 2289 341 2333; x_wconf 84' lang='lat' dir='ltr'>tribu</span> <span class='ocrx_word' id='word_1_253' title='bbox 373 2288 532 2332; x_wconf 83' lang='lat' dir='ltr'>Juda⁵.</span> <span class='ocrx_word' id='word_1_254' title='bbox 573 2306 593 2328; x_wconf 87' lang='lat'>»</span> <span class='ocrx_word' id='word_1_255' title='bbox 631 2287 776 2332; x_wconf 77' lang='lat' dir='ltr'>Adora</span> <span class='ocrx_word' id='word_1_256' title='bbox 806 2297 996 2347; x_wconf 85' lang='lat' dir='ltr'>petram,</span> <span class='ocrx_word' id='word_1_257' title='bbox 1033 2290 1134 2349; x_wconf 88' lang='lat' dir='ltr'>quia</span> <span class='ocrx_word' id='word_1_258' title='bbox 1176 2289 1344 2335; x_wconf 90' lang='lat' dir='ltr'>dictum</span> <span class='ocrx_word' id='word_1_259' title='bbox 1372 2301 1464 2349; x_wconf 87' lang='lat' dir='ltr'>est,</span> 
     </span>
     <span class='ocr_line' id='line_1_30' title="bbox 88 2360 1467 2408; baseline 0.004 -5"><span class='ocrx_word' id='word_1_260' title='bbox 88 2380 107 2403; x_wconf 90' lang='lat'>«</span> <span class='ocrx_word' id='word_1_261' title='bbox 143 2365 269 2405; x_wconf 84' lang='lat' dir='ltr'>Petra</span> <span class='ocrx_word' id='word_1_262' title='bbox 291 2370 436 2405; x_wconf 79' lang='lat' dir='ltr'>autem</span> <span class='ocrx_word' id='word_1_263' title='bbox 455 2368 547 2404; x_wconf 86' lang='lat' dir='ltr'>erat</span> <span class='ocrx_word' id='word_1_264' title='bbox 571 2360 807 2404; x_wconf 67' lang='lat' dir='ltr'>Christusss.</span> <span class='ocrx_word' id='word_1_265' title='bbox 842 2379 861 2401; x_wconf 90' lang='lat'>»</span> <span class='ocrx_word' id='word_1_266' title='bbox 898 2361 940 2405; x_wconf 91' lang='lat' dir='ltr'>Si</span> <span class='ocrx_word' id='word_1_267' title='bbox 958 2370 1103 2405; x_wconf 85' lang='lat' dir='ltr'>autem</span> <span class='ocrx_word' id='word_1_268' title='bbox 1131 2377 1220 2405; x_wconf 87' lang='lat' dir='ltr'>non</span> <span class='ocrx_word' id='word_1_269' title='bbox 1247 2362 1398 2408; x_wconf 78' lang='lat' dir='ltr'>adoras</span> <span class='ocrx_word' id='word_1_270' title='bbox 1421 2364 1467 2408; x_wconf 89' lang='lat' dir='ltr'>in</span> 
     </span>
     <span class='ocr_line' id='line_1_31' title="bbox 84 2429 1467 2493; baseline 0.001 -17"><span class='ocrx_word' id='word_1_271' title='bbox 84 2432 257 2477; x_wconf 86' lang='lat' dir='ltr'>Christo</span> <span class='ocrx_word' id='word_1_272' title='bbox 282 2432 362 2475; x_wconf 85' lang='lat' dir='ltr'>ista</span> <span class='ocrx_word' id='word_1_273' title='bbox 383 2439 573 2484; x_wconf 78' lang='lat' dir='ltr'>terrena,</span> <span class='ocrx_word' id='word_1_274' title='bbox 595 2431 791 2490; x_wconf 84' lang='lat' dir='ltr'>quamvis</span> <span class='ocrx_word' id='word_1_275' title='bbox 807 2429 862 2474; x_wconf 89' lang='lat' dir='ltr'>de</span> <span class='ocrx_word' id='word_1_276' title='bbox 894 2430 976 2475; x_wconf 88' lang='lat' dir='ltr'>illis</span> <span class='ocrx_word' id='word_1_277' title='bbox 1003 2431 1241 2476; x_wconf 88' lang='lat' dir='ltr'>similitudo</span> <span class='ocrx_word' id='word_1_278' title='bbox 1263 2433 1467 2493; x_wconf 81' lang='lat' dir='ltr'>quaedam</span> 
     </span>
     <span class='ocr_line' id='line_1_32' title="bbox 86 2499 1469 2562; baseline 0.001 -16"><span class='ocrx_word' id='word_1_279' title='bbox 86 2501 187 2546; x_wconf 83' lang='lat' dir='ltr'>data</span> <span class='ocrx_word' id='word_1_280' title='bbox 208 2511 293 2560; x_wconf 79' lang='lat' dir='ltr'>est3</span> <span class='ocrx_word' id='word_1_281' title='bbox 318 2501 373 2546; x_wconf 84' lang='lat' dir='ltr'>ad</span> <span class='ocrx_word' id='word_1_282' title='bbox 395 2499 700 2560; x_wconf 83' lang='lat' dir='ltr'>significandos</span> <span class='ocrx_word' id='word_1_283' title='bbox 721 2510 889 2545; x_wconf 83' lang='lat' dir='ltr'>sanctos</span> <span class='ocrx_word' id='word_1_284' title='bbox 905 2501 960 2545; x_wconf 88' lang='lat' dir='ltr'>de</span> <span class='ocrx_word' id='word_1_285' title='bbox 974 2518 1253 2562; x_wconf 81' lang='lat' dir='ltr'>quacumque</span> <span class='ocrx_word' id='word_1_286' title='bbox 1274 2513 1469 2548; x_wconf 84' lang='lat' dir='ltr'>creatura</span> 
     </span>
    </p>
   </div>
   <div class='ocr_carea' id='block_1_3' title="bbox 91 2596 1477 2694">
    <p class='ocr_par' dir='ltr' id='par_1_4' title="bbox 91 2596 1477 2694">
     <span class='ocr_line' id='line_1_33' title="bbox 140 2596 1467 2640; baseline 0.002 -11"><span class='ocrx_word' id='word_1_287' title='bbox 140 2606 146 2619; x_wconf 86' lang='lat'><em>¹</em></span> <span class='ocrx_word' id='word_1_288' title='bbox 168 2601 247 2630; x_wconf 85' lang='lat' dir='ltr'>Gen.</span> <span class='ocrx_word' id='word_1_289' title='bbox 267 2610 299 2639; x_wconf 81' lang='grc' dir='ltr'>ι,</span> <span class='ocrx_word' id='word_1_290' title='bbox 319 2598 467 2640; x_wconf 81' lang='lat'>3-19.—-</span> <span class='ocrx_word' id='word_1_291' title='bbox 488 2604 499 2618; x_wconf 84' lang='lat'>²</span> <span class='ocrx_word' id='word_1_292' title='bbox 522 2596 600 2627; x_wconf 64' lang='lat' dir='ltr'>psat.</span> <span class='ocrx_word' id='word_1_293' title='bbox 623 2606 724 2627; x_wconf 71' lang='lat' dir='ltr'>cxxxv</span> <span class='ocrx_word' id='word_1_294' title='bbox 741 2621 748 2636; x_wconf 87' lang='lat'>,</span> <span class='ocrx_word' id='word_1_295' title='bbox 766 2597 799 2637; x_wconf 88' lang='lat'>8,</span> <span class='ocrx_word' id='word_1_296' title='bbox 814 2608 836 2639; x_wconf 82' lang='lat'>9</span> <span class='ocrx_word' id='word_1_297' title='bbox 870 2614 909 2619; x_wconf 90' lang='lat'>——</span> <span class='ocrx_word' id='word_1_298' title='bbox 933 2596 944 2618; x_wconf 73' lang='lat'>3</span> <span class='ocrx_word' id='word_1_299' title='bbox 965 2597 1077 2640; x_wconf 66' lang='lat' dir='ltr'>Philip,</span> <span class='ocrx_word' id='word_1_300' title='bbox 1100 2610 1136 2637; x_wconf 80' lang='lat' dir='ltr'>u,</span> <span class='ocrx_word' id='word_1_301' title='bbox 1167 2598 1271 2639; x_wconf 75' lang='lat'>14-16.</span> <span class='ocrx_word' id='word_1_302' title='bbox 1296 2617 1336 2621; x_wconf 76' lang='lat'>—</span> <span class='ocrx_word' id='word_1_303' title='bbox 1354 2598 1369 2629; x_wconf 71' lang='grc'>4</span> <span class='ocrx_word' id='word_1_304' title='bbox 1389 2600 1467 2632; x_wconf 76' lang='lat' dir='ltr'>Psal.</span> 
     </span>
     <span class='ocr_line' id='line_1_34' title="bbox 91 2649 1477 2694; baseline -0.003 -10"><span class='ocrx_word' id='word_1_305' title='bbox 91 2651 232 2694; x_wconf 74' lang='lat' dir='ltr'>cx111,4</span> <span class='ocrx_word' id='word_1_306' title='bbox 252 2669 292 2678; x_wconf 84' lang='grc'>--</span> <span class='ocrx_word' id='word_1_307' title='bbox 310 2651 325 2677; x_wconf 84' lang='grc'><em>5</em></span> <span class='ocrx_word' id='word_1_308' title='bbox 343 2654 442 2694; x_wconf 80' lang='lat' dir='ltr'>Apoc.</span> <span class='ocrx_word' id='word_1_309' title='bbox 460 2663 492 2693; x_wconf 76' lang='lat' dir='ltr'>v,</span> <span class='ocrx_word' id='word_1_310' title='bbox 509 2652 539 2683; x_wconf 87' lang='lat'>5.</span> <span class='ocrx_word' id='word_1_311' title='bbox 559 2668 598 2673; x_wconf 89' lang='lat'>—</span> <span class='ocrx_word' id='word_1_312' title='bbox 614 2649 629 2673; x_wconf 84' lang='lat'>6</span> <span class='ocrx_word' id='word_1_313' title='bbox 648 2664 658 2683; x_wconf 89' lang='lat'>1</span> <span class='ocrx_word' id='word_1_314' title='bbox 682 2653 753 2683; x_wconf 77' lang='lat' dir='ltr'>Cor.</span> <span class='ocrx_word' id='word_1_315' title='bbox 779 2663 809 2691; x_wconf 83' lang='lat' dir='ltr'>x,</span> <span class='ocrx_word' id='word_1_316' title='bbox 826 2651 856 2693; x_wconf 98' lang='lat'>4</span> <span class='ocrx_word' id='word_1_317' title='bbox 1470 2649 1477 2655; x_wconf 90' lang='grc'><strong>“</strong></span> 
     </span>
    </p>
   </div>
   <div class='ocr_carea' id='block_1_4' title="bbox 1250 2708 1310 2747">
    <p class='ocr_par' dir='ltr' id='par_1_5' title="bbox 1250 2708 1310 2747">
     <span class='ocr_line' id='line_1_35' title="bbox 1250 2708 1310 2747; baseline 0 0"><span class='ocrx_word' id='word_1_318' title='bbox 1250 2708 1310 2747; x_wconf 63' lang='grc'>24.</span> 
     </span>
    </p>
   </div>
  </div>
 </body>
</html>
