1926 3339
460 336 545 373 386
899 348 929 373 s.
969 349 1195 376 Avensa-im
1231 351 1408 376 EP1sC01’1

457 412 491 455 si
513 420 658 455 autem
682 411 830 456 nullus
859 421 1049 456 vestrum
1073 413 1167 457 talis
1195 423 1259 457 est
1275 449 1285 469 ,
1310 429 1388 473 per
1409 428 1485 458 vos
1510 412 1600 457 aliis
1622 413 1838 474 loquitur,

455 482 625 537 dicens,
656 501 676 524 «
700 482 933 541 Intelligite
962 498 1080 527 nunc
1114 503 1122 527 :
1152 502 1171 524 »
1208 485 1309 544 quia
1337 483 1541 528 dixerunt
1575 482 1666 539 illi,
1702 503 1720 525 «
1744 487 1844 529 Nou

455 552 622 597 videbit
645 554 870 608 Dominus,
892 569 1036 614 neque
1058 553 1274 613 intelliget
1294 558 1407 598 Deus
1429 553 1581 598 Jacob.
1612 574 1630 595 «
1659 573 1678 596 «
1705 554 1842 598 Intel-

458 641 478 664 »
513 622 660 682 ligite,
687 624 858 682 inquit,
887 639 1004 667 nune
1031 624 1106 683 qui
1128 623 1378 684 insipientes
1406 626 1504 668 estis
1526 624 1571 668 in
1595 623 1776 684 populO,
1801 633 1845 669 et

459 712 478 734 »
513 692 635 736 stulti
657 691 895 752 aliquando
914 693 1065 752 sapite.
1095 711 1116 734 »

513 765 639 806 XIII.
667 781 688 804 «
713 764 794 816 Qui
817 762 1027 822 plantavit
1048 779 1214 818 aurem,
1240 779 1329 809 non
1352 763 1526 808 audiet?
1546 782 1565 805 »
1591 767 1689 809 Non
1711 764 1844 809 habet
1910 759 1914 763 ⁵

454 832 573 877 unde
595 833 760 888 audiat,
785 834 861 894 qui
883 834 964 878 tibi
990 832 1092 878 fecit
1121 833 1240 878 unde
1262 834 1439 879 audias?
1472 854 1491 876 «
1520 835 1602 888 Qui
1629 834 1843 895 plantavit

458 925 478 948 »
514 923 679 963 aurem,
699 923 790 952 nou
812 906 986 952 audiet?
1015 913 1104 953 Aut
1129 909 1351 969 qui-finxit
1373 909 1569 964 oculum,
1594 925 1684 954 non
1701 910 1844 954 consi-

459 998 477 1020 »
514 979 667 1024 derat?
695 980 776 1034 Qui
809 979 956 1024 erudit
989 990 1161 1039 gentes,
1198 996 1289 1024 non
1322 982 1529 1039 arguet¹?
1563 1000 1582 1022 n
1619 980 1845 1026 Attendite

454 1051 538 1095 hoc
561 1067 841 1111 magnopere,
873 1050 1024 1096 fratres
1040 1052 1140 1107 mei,
1171 1071 1190 1093 «
1216 1052 1296 1106 Qui
1314 1052 1459 1096 erudit
1481 1063 1646 1112 gentes,
1672 1069 1761 1097 non
1780 1069 1847 1096 ar-

458 1140 478 1163 »
515 1123 646 1181 guet‘?
672 1141 691 1163 »
719 1125 811 1166 Hoc
828 1122 960 1167 modo
984 1121 1086 1167 facit
1111 1126 1240 1179 Deus,
1265 1124 1407 1168 erudit
1431 1133 1581 1183 gentes
1608 1143 1616 1167 :
1642 1122 1742 1168 ideo
1764 1125 1847 1168 mi·-

456 1195 510 1239 sit
532 1195 716 1238 verbum
742 1211 869 1239 suurn
899 1210 976 1254 per
1001 1195 1149 1239 orbem
1187 1205 1399 1239 terrarum
1430 1195 1696 1250 hominibus,
1734 1195 1850 1238 misit

454 1280 533 1324 per
555 1264 759 1324 Angelos,
783 1281 862 1324 per
891 1265 1176 1320 Patria-rohas,
1203 1281 1278 1325 per
1305 1266 1559 1325 Prophetas,
1586 1280 1661 1325 per
1686 1280 1845 1320 servos,

455 1351 532 1394 per
560 1344 626 1380 tot
659 1351 880 1395 praecones
912 1335 1214 1380 antecedentes
1247 1336 1463 1381 Judicem.
1502 1337 1619 1381 Misit
1640 1345 1684 1380 et
1708 1337 1849 1396 ipsum

456 1406 652 1450 Verbum
675 1422 818 1461 suum,
845 1406 1020 1451 misitet
1040 1406 1183 1467 ipsum
1209 1407 1371 1451 Filium
1389 1422 1541 1464 suum,
1567 1407 1682 1451 misit
1705 1422 1849 1451 servos

456 1476 554 1520 Filii
573 1477 654 1532 sui,
675 1486 719 1521 et
740 1478 783 1520 in
805 1477 906 1537 ipsis
929 1479 1058 1522 servis
1082 1477 1243 1522 Filium
1265 1494 1407 1522 suum.
1433 1481 1515 1522 Per
1537 1486 1677 1522 totum
1688 1477 1849 1522 'orbem

457 1556 669 1591 terrarum
690 1548 953 1607 praedicatur
970 1548 1136 1608 ubique
1150 1549 1335 1593 verbum
1353 1549 1447 1593 Dei.
1475 1548 1556 1592 Ubi
1580 1563 1668 1592 non
1691 1547 1850 1592 dicitur

457 1619 708 1663 hominibus
727 1639 734 1663 ;
756 1618 1007 1680 Relinquite
1028 1620 1278 1680 iniquitates
1296 1628 1457 1663 vestras
1477 1619 1656 1679 priores,
1673 1633 1851 1663 conver-

455 1689 533 1733 tite
554 1705 628 1733 vos
651 1688 706 1733 ad
738 1689 891 1733 itinera
914 1692 1060 1734 recta?
1090 1689 1195 1735 Ideo
1217 1690 1372 1750 parcit,
1401 1699 1451 1734 ut
1479 1705 1555 1735 vos
1588 1690 1812 1748 corrigatis
1838 1708 1846 1733 :

457 1759 557 1803 ideo
584 1760 677 1803 heri
708 1775 797 1803 non
834 1759 1086 1814 vindicavit,
1116 1769 1166 1804 ut
1191 1760 1324 1804 hodie
1353 1760 1466 1804 bene
1490 1759 1658 1804 vivatis.
1693 1758 1852 1803 Erudit

458 1839 621 1888 gentes,
647 1846 737 1875 non
760 1847 863 1890 ergo
886 1833 1065 1890 arguet?
1096 1846 1185 1875 non
1217 1830 1445 1875 auditurus
1471 1839 1532 1874 est
1556 1846 1665 1891 quos
1680 1828 1852 1874 erudit?

459 1916 548 1944 non
565 1901 840 1962 judicaturus
862 1911 926 1946 est
950 1903 1110 1963 quibus
1130 1918 1376 1946 sermonem
1397 1902 1606 1962 praemisit
1627 1911 1670 1946 et
1695 1916 1853 1962 praese-

443 1973 666 2017 minavit?
687 1976 738 2017 In
765 1973 912 2018 schola
936 1974 969 2018 si
998 1989 1131 2029 esses,
1158 1974 1372 2034 acciperes
1392 2009 1403 2029 ,
1439 1982 1482 2017 et
1509 1989 1598 2018 non
1623 1972 1853 2017 redderes?

439 2043 620 2103 “Utique
653 2043 831 2104 quando
867 2044 1023 2104 accipis
1054 2061 1076 2088 a
1118 2045 1345 2104 magistro,
1377 2043 1574 2088 erudiris.
1608 2043 1854 2088 Committit

458 2114 539 2158 tibi
559 2115 761 2174 magister
782 2115 903 2176 quod
926 2116 1109 2175 praebet,
1139 2125 1182 2160 et
1204 2131 1293 2160 non
1314 2115 1457 2174 exiget
1479 2114 1658 2175 quando
1680 2113 1853 2158 reddis?

461 2194 537 2230 aut
553 2201 654 2230 cum
677 2187 861 2245 coeperis
877 2185 1073 2241 reddere,
1093 2187 1185 2230 sine
1208 2196 1330 2230 metu
1352 2187 1434 2230 eris
1451 2185 1706 2246 plagarum?
1720 2185 1854 2230 Modo

460 2271 564 2315 ergo
597 2256 853 2316 accipimus,
891 2266 1040 2316 postea
1083 2258 1312 2301 statuimur
1350 2266 1450 2300 ante
1485 2257 1762 2316 magistrum,
1804 2265 1855 2300 ut

462 2327 695 2372 reddamus
722 2343 871 2372 omnes
899 2328 1137 2388 praeteritas
1169 2337 1356 2383 nostras,
1382 2327 1427 2372 id
1450 2337 1534 2383 est,
1567 2337 1616 2372 ut
1642 2328 1855 2372 rationem

462 2397 696 2442 reddamus
728 2397 783 2442 de
813 2398 879 2442 his
911 2399 1137 2453 omnibus,
1164 2414 1263 2459 quae
1286 2398 1410 2442 nobis
1441 2397 1574 2443 modo
1601 2407 1850 2457 erogantur.

462 2467 578 2513 Audi
601 2468 859 2528 Apostolum
889 2469 1106 2513 dicentem
1131 2488 1138 2513 :
1167 2488 1185 2511 «
1215 2470 1376 2513 Omnes
1399 2469 1634 2513 astabimus
1660 2478 1760 2512 ante
1779 2468 1855 2512 tri-

448 2557 487 2580 ’»
521 2538 658 2583 bunal
678 2539 862 2594 Christi,
897 2549 947 2584 ut
968 2538 1055 2584 illic
1078 2539 1254 2600 recipiat
1277 2540 1578 2601 unusquisque
1612 2538 1852 2584 secundum

467 2628 487 2651 »
523 2626 572 2654 ea
591 2626 690 2670 quae
711 2625 789 2670 per
810 2625 966 2671 corpus
1002 2611 1149 2670 gessit,
1176 2610 1264 2654 sive
1293 2610 1485 2666 bonum,
1517 2611 1605 2655 sive
1638 2610 1801 2671 malum
1815 2612 1846 2652 2.

514 2701 522 2718 ¹
545 2696 623 2727 psal.
653 2707 739 2737 zeni,
756 2708 789 2737 9,
815 2707 864 2728 το.
897 2713 932 2717 --
953 2703 965 2717 ²
994 2698 1084 2727 Rom.
1103 2707 1166 2737 xiv,
1195 2707 1245 2732 io,
1265 2700 1330 2728 et2
1349 2698 1421 2728 Cor.
1445 2707 1475 2734 v,
1501 2708 1549 2728 ιο.

1904 1550 1912 2117 m»——m
1906 1202 1915 1542 Ἦ-»φ--ἠ-ι-...κσ
1908 1138 1915 1190 ’,ι-,ι
