1926 3339
417 251 657 279 ΕκΑῐιῐιΛΤιο
690 254 733 280 nv
767 251 967 280 PsALMUM
1002 254 1167 280 Lxxvu.
1382 247 1434 283 57

51 315 173 361 aliud
199 325 263 361 est
279 351 289 371 ‚
315 317 492 376 quando
510 325 696 375 potestas
718 317 807 376 ejus
829 316 956 360 etiam
979 332 1003 360 a
1024 317 1125 372 suis,
1152 318 1263 362 sicut
1285 319 1321 362 ei
1342 320 1437 379 pla-

49 396 133 442 cet,
151 387 385 431 tractandis
407 387 568 445 majore
592 395 802 445 potestate
824 386 1082 446 prohibetur
1097 407 1108 443 3
1126 386 1245 431 aliud
1259 390 1436 447 quando

49 458 87 502 ei
115 466 302 517 potestas
325 457 452 500 etiam
475 458 519 500 in
543 472 638 512 eos,
670 457 747 517 qui
775 458 829 501 ab
863 456 939 502 illo
970 457 1098 510 alieni
1129 468 1257 513 sunt,
1287 458 1431 503 datur.

51 529 168 574 Sicut
184 530 315 573 homo
339 528 393 571 de
414 543 569 587 pecore
586 544 664 572 suo
680 564 691 584 ,
711 544 790 588 pro
815 529 1006 573 humano
1030 538 1178 589 captu,
1197 529 1300 573 facit
1315 531 1437 590 qnod

46 599 167 656 v'utt,
191 614 271 643 nec
293 614 394 642 sane
417 598 544 654 facit,
570 600 603 643 si
632 600 917 659 prohibeatur
951 616 973 644 a
1001 609 1213 660 potestate
1234 602 1396 661 majore
1422 621 1430 646 ε

45 669 100 713 de
121 669 262 713 alieno
279 678 425 713 autem
447 684 603 728 pecore
624 679 673 714 ut
691 669 833 725 faciat,
850 680 1048 730 expectat
1069 671 1151 714 sibi
1173 680 1434 730 potestatem

44 739 138 783 dari
162 739 217 783 ab
241 739 316 783 illo
334 740 458 800 cujus
482 749 559 784 cst.
576 740 643 784 Ibi
659 756 760 799 ergo
782 750 971 800 potestas
994 758 1093 801 quae
1117 740 1273 796 fuerat,
1290 742 1435 801 prohi-

43 810 200 866 betur,
221 811 293 854 hic
317 820 462 854 autem
484 828 583 871 quae
602 828 690 856 non
709 812 852 856 fuerat
867 847 877 866 ,
899 813 1123 855 tribuitur.

99 882 265 925 XXIX.
293 886 398 934 Quae
419 897 518 925 cum
552 881 613 925 ita
643 881 728 925 sint
745 916 756 937 ,
793 881 825 924 si
851 897 928 941 per
957 881 1132 941 angelos
1160 881 1298 926 malos
1320 885 1434 926 Deus

42 949 136 995 illas
157 950 305 1011 plagas
328 952 485 996 inssixit
501 953 735 1012 AEgyptiis,
756 952 975 1013 numquid
993 952 1252 997 audebimus
1271 952 1431 1009 dicere,

42 1030 86 1065 et
115 1038 273 1083 aquam
305 1022 352 1065 in
384 1023 641 1081 sanguinem
663 1039 740 1082 per
769 1022 945 1068 eosdem
969 1023 1144 1082 angelos
1170 1039 1338 1068 versam
1355 1059 1365 1078 ,
1391 1033 1435 1068 et

43 1108 166 1137 ranas
190 1108 268 1152 per
299 1093 474 1137 eosdem
508 1094 684 1153 angelos
707 1093 868 1151 factas,
896 1110 1085 1155 quorum
1116 1094 1272 1139 similia
1304 1095 1434 1139 etiam

41 1164 155 1222 magi
173 1164 408 1208 Pharaonis
431 1165 648 1209 veneficiis
665 1166 751 1210 suis
774 1164 915 1210 facere
932 1175 1172 1225 potuerunt
1190 1187 1201 1223 3
1219 1175 1270 1210 ut
1292 1166 1433 1224 angeli

41 1234 144 1278 mali
167 1250 217 1278 ex
235 1244 422 1295 utraque
444 1244 565 1294 parte
587 1237 891 1291 consisterent,
922 1236 1026 1281 hinc
1049 1235 1144 1280 illos
1163 1236 1404 1295 affligentes
1418 1271 1430 1291 ,

39 1304 142 1350 inde
159 1304 359 1350 fallentes
376 1342 386 1361 ,
412 1306 654 1350 secundum
673 1306 888 1368 judicium
904 1317 947 1352 et
965 1307 1327 1367 dispensationem
1342 1308 1432 1367 jus-

40 1375 191 1420 tissimi
220 1385 264 1420 et
294 1376 702 1435 omnipotentissimi
735 1378 814 1422 Dei
843 1379 957 1438 juste
989 1378 1151 1421 utentis
1183 1378 1315 1421 etiam
1344 1377 1432 1420 ini-

39 1461 227 1505 quorum
245 1445 438 1489 malitia?
464 1449 562 1490 Non
582 1446 723 1491 audeo
746 1446 905 1491 dicere.
934 1447 1059 1491 Unde
1077 1448 1191 1490 enim
1217 1446 1431 1505 sciniphes

38 1515 180 1560 facere
201 1516 315 1573 magi
337 1516 571 1559 Pharaonis
597 1516 777 1560 minime
802 1525 1042 1576 potuerunt
1057 1518 1070 1542 ¹
1086 1517 1104 1557 ἵ)
1120 1516 1191 1560 'An
1216 1516 1316 1575 quia
1346 1516 1430 1559 hoc

38 1587 231 1646 permissi
253 1585 395 1645 angeli
417 1585 521 1629 mali
546 1602 636 1631 non
663 1589 797 1631 sunt?
832 1589 900 1631 An
917 1622 928 1642 ,
963 1586 1085 1646 quod
1112 1586 1255 1630 verius
1278 1585 1431 1630 dicen-

39 1657 144 1701 dum
173 1666 257 1712 est,
283 1657 454 1701 occulta
477 1672 604 1701 causa
626 1666 690 1701 est
705 1692 716 1712 ,
747 1666 790 1701 et
811 1657 922 1700 Vires
942 1665 1101 1701 nostrae
1128 1656 1431 1716 inquisitiones

38 1727 239 1771 excedit?
272 1729 382 1772 Nam
407 1726 441 1770 si
463 1735 694 1786 propterea
722 1743 799 1787 per
824 1726 962 1771 malos
994 1725 1170 1785 angelos
1191 1725 1265 1770 illa
1288 1728 1429 1770 Deum

37 1796 188 1841 fecisse
209 1796 522 1857 putaverimus,
538 1797 639 1857 quia
662 1812 807 1856 poenae
830 1797 1158 1855 infligebantur,
1180 1811 1269 1840 non
1292 1795 1430 1839 bene-

37 1868 134 1911 ficia
157 1867 477 1926 praestabantur
492 1902 503 1918 ,
534 1875 745 1927 tanquam
768 1867 934 1910 nemini
956 1869 1071 1912 Deus
1093 1881 1246 1926 poenas
1265 1866 1428 1924 irroget

37 1953 114 1997 per
129 1937 318 1997 Angelos
339 1937 493 1991 bonos,
506 1936 582 1981 sed
600 1953 675 1997 per
696 1936 793 1981 illos
811 1936 931 1980 velut
948 1935 1114 1979 militiae
1136 1935 1324 1980 coelestis
1342 1952 1433 1980 car-

38 2008 216 2065 nifices,
239 2023 510 2066 consequens
547 2007 653 2062 erit,
689 2017 739 2051 ut
768 2007 898 2050 etiam
926 2006 1159 2051 Sodomam
1189 2022 1266 2066 per
1294 2006 1432 2050 malos

38 2077 212 2136 angelos
227 2093 417 2121 eversam
434 2093 523 2121 esse
537 2077 782 2130 credamus,
803 2086 845 2120 et
858 2075 993 2120 malos
1012 2075 1187 2134 angelos
1209 2076 1430 2120 Abraham

38 2157 80 2192 et
101 2151 185 2193 Lot
205 2148 393 2208 hospitio
411 2147 644 2207 suscepisse
664 2145 919 2192 videantur:
937 2146 1057 2206 quod
1077 2146 1189 2190 absit
1206 2156 1255 2190 ut
1278 2156 1430 2191 contra

40 2219 282 2279 Scripturas
308 2219 592 2278 apertissimas
615 2219 852 2262 sentiamus
870 2221 901 2261 ².
924 2217 1070 2263 Claret
1091 2217 1224 2276 igitur
1245 2217 1324 2261 ista
1346 2217 1431 2261 ho-

37 2290 228 2340 minibus
250 2290 344 2333 fieri
366 2304 443 2348 per
462 2289 599 2332 bonos
621 2298 665 2332 et
689 2287 823 2332 malos
837 2287 1027 2348 Angelos
1045 2302 1185 2347 posse.
1209 2287 1341 2342 Quid,
1356 2295 1431 2330 aut

38 2360 214 2420 quando
231 2359 324 2404 fieri
346 2367 560 2419 oporteat,
579 2374 650 2403 me
670 2357 777 2402 latet
800 2377 808 2402 ;
828 2357 954 2402 illum
977 2373 1079 2402 vero
1100 2357 1176 2418 qui
1200 2354 1318 2411 facit,
1339 2372 1430 2401 non

38 2430 157 2484 latet,
174 2439 223 2474 et
238 2430 308 2474 cui
325 2429 512 2474 voluerit
531 2428 737 2473 revelare.
760 2431 1072 2473 Verumtamen
1094 2436 1309 2489 quantum
1333 2443 1432 2471 nos-

38 2511 115 2545 trae
137 2501 368 2545 intentioni
392 2500 610 2559 Scriptura
633 2499 779 2544 divina
809 2499 1088 2555 moderatur,
1121 2499 1244 2543 malis
1276 2513 1429 2559 poenas

87 2593 95 2608 ¹
116 2586 285 2626 Exod.v11,
299 2596 354 2623 20,
371 2594 427 2625 22,
443 2589 475 2614 ot
501 2596 569 2624 vni,
588 2584 622 2624 6,
639 2596 654 2626 Ἰ-
676 2589 709 2616 et
736 2585 853 2626 17,18.
872 2600 911 2607 «-
934 2591 946 2605 ²
967 2586 1046 2615 Gen.
1067 2594 1155 2625 xvm,
1175 2587 1209 2615 et
1223 2594 1286 2615 xix.
