1926 3339
479 326 565 368 214
911 341 944 367 S·
979 338 1210 368 AUGUSTINI
1239 341 1421 368 EPISCOPI

491 403 640 450 Unde?
664 422 685 445 «
711 406 762 448 In
783 403 940 448 saecula
961 403 1218 448 saeculorum
1238 403 1484 449 laudabunt
1499 407 1584 449 te1.
1611 422 1633 446 »
1658 405 1763 449 Haec
1783 404 1865 449 erit

487 476 598 521 actio
621 484 767 520 nostra
784 510 795 530 ‚
824 474 916 520 laus
939 476 1032 519 Dei.
1058 479 1203 531 Amas,
1219 485 1262 520 et
1282 476 1448 520 laudas.
1473 476 1649 520 Desines
1666 474 1860 531 laudare,

484 546 519 590 si
540 545 708 590 desines
727 561 885 589 amare.
911 547 1007 590 Non
1028 554 1174 589 autem
1197 545 1364 589 desines
1384 561 1542 601 amare,
1567 546 1668 606 quia
1691 545 1785 589 talis
1802 555 1864 590 est

483 632 615 678 quem
643 616 763 660 vides
781 651 791 670 ‚
823 616 899 675 qui
921 615 1045 659 nullo
1073 625 1115 659 te
1146 616 1341 661 offendat
1362 616 1532 660 fastidio
1554 636 1563 661 :
1588 626 1632 662 et
1652 617 1777 661 satiat
1796 625 1861 672 te,
1904 626 1909 680 ξ

486 696 529 731 et
550 702 640 729 non
663 694 706 728 te
738 685 878 728 satiat.
898 686 1059 729 Mirum
1083 694 1146 729 est
1167 684 1288 745 quod
1307 685 1423 730 dico.
1450 687 1493 731 Si
1510 687 1651 730 dicam
1672 686 1775 746 quia
1795 702 1866 731 sa-

483 757 561 800 tiat
583 764 626 798 te
641 790 652 810 ‚
670 755 802 798 timeo
822 769 877 798 ne
901 755 1025 815 quasi
1042 755 1218 799 satiatus
1235 755 1340 799 velis
1359 755 1618 800 abscedere}
1643 757 1866 817 quomodo
1905 743 1909 759 ⁸

485 825 540 869 de
561 823 766 884 prandi0‚
795 824 1019 884 quomodo
1041 824 1095 869 de
1117 840 1256 869 coena.
1290 827 1407 884 Ergo
1427 825 1533 886 quid
1556 825 1680 871 dico:
1705 829 1802 872 Non
1823 836 1866 871 te

483 896 641 940 satiat?
662 895 811 939 Timeo
831 911 994 951 rursm,
1017 911 1073 939 ne
1090 897 1123 940 si
1139 895 1289 941 dixero
1305 899 1426 942 :Non
1448 906 1488 941 te
1503 897 1644 953 satiat,
1669 898 1867 957 indigens
1907 904 1910 913 '

485 965 669 1011 videaris
685 986 696 1023 3
713 974 756 1008 et
772 966 895 1026 quasi
916 965 1086 1011 inanior
1103 967 1270 1022 existas,
1282 976 1326 1011 et
1340 967 1484 1012 minus
1502 968 1548 1011 in
1567 977 1611 1012 te
1627 968 1681 1012 sit
1701 967 1869 1028 aliquid
1906 945 1912 988 l

487 1035 609 1097 quod
642 1035 798 1079 debeat
828 1035 1013 1096 impleri.
1050 1036 1167 1090 Quid
1196 1053 1300 1097 ergo
1329 1036 1496 1093 dicam,
1520 1038 1602 1082 nisi
1636 1038 1759 1098 quod
1780 1038 1869 1083 diei
1907 1040 1912 1066 ³

484 1115 630 1166 potest
644 1141 654 1161 ‚
680 1106 858 1163 cogitari
886 1106 959 1150 vix
979 1109 1148 1166 potest?
1164 1110 1222 1151 Et
1238 1108 1363 1151 satiat
1383 1117 1426 1152 te
1442 1144 1452 1163 ‚
1473 1117 1516 1152 et
1532 1123 1622 1152 non
1643 1117 1687 1152 te
1709 1108 1834 1152 satiat
1854 1127 1864 1153 ι
1908 1122 1911 1156 ,·

483 1178 586 1237 quia
615 1185 854 1236 utrumque
881 1177 1057 1222 invenio
1079 1178 1124 1222 in
1150 1179 1385 1238 Scriptura.
1417 1182 1526 1224 Nam
1549 1195 1648 1224 cum
1671 1180 1834 1224 diceret
1855 1199 1864 1225 :
1908 1188 1914 1215 ‘-

487 1266 508 1290 ι(
542 1247 663 1291 Beati
689 1247 926 1291 esurientes
942 1282 953 1302 ,
978 1248 1080 1307 quia
1103 1249 1184 1307 ipsi
1205 1249 1560 1293 saturabuntur2.
1591 1269 1610 1290 ³>
1645 1253 1702 1294 Et
1722 1265 1868 1294 rursus

484 1317 653 1361 dictum
668 1317 723 1360 de
739 1317 977 1376 Sapientia:
999 1318 1115 1370 «Qui
1131 1329 1171 1362 te
1183 1318 1466 1374 manducant,
1483 1320 1641 1364 iterum
1654 1321 1866 1379 esurient3

484 1403 508 1428 »
542 1395 586 1430 et
606 1387 683 1447 qui
705 1396 748 1431 te
768 1386 946 1443 bibunt,
966 1388 1124 1432 iterum
1147 1387 1338 1433 sitientss.
1359 1408 1378 1430 »
1396 1392 1595 1434 Imovero
1617 1405 1706 1434 non
1728 1389 1839 1434 dixit
1853 1426 1865 1446 ‚
1910 1421 1913 1442 2

482 1458 669 1515 iterum3
693 1456 768 1501 sed
785 1457 908 1513 dixit,
935 1457 1093 1503 adhuc.
1108 1461 1217 1503 Nam
1239 1459 1398 1502 iterum
1419 1460 1560 1516 sitiet,
1585 1461 1707 1521 quasi
1729 1461 1869 1520 primo
1918 1517 1920 1522 λ

484 1527 701 1586 saginatus
716 1526 956 1571 discesserit
969 1536 1012 1572 et
1024 1528 1247 1587 digesserit
1259 1537 1301 1572 et
1316 1530 1491 1574 redierit
1499 1530 1663 1574 bibere.
1672 1530 1774 1574 Tale
1786 1540 1865 1586 est,

488 1617 510 1641 (ι
529 1599 610 1651 Qui
631 1607 675 1642 te
693 1597 846 1653 edunt,
860 1597 1004 1643 adhuc
1025 1599 1230 1655 esurient,
1246 1618 1266 1640 »
1284 1600 1342 1644 sic
1360 1616 1461 1644 cum
1478 1600 1632 1657 edunt,
1655 1601 1865 1647 esurient:

485 1677 530 1712 et
550 1669 626 1728 qui
648 1677 690 1712 te
712 1668 874 1713 bibunt
889 1704 899 1723 ‚
925 1669 983 1713 sic
1005 1669 1198 1714 bibendo
1215 1705 1226 1725 ,
1244 1671 1403 1714 sitient.
1425 1670 1542 1724 Quid
1557 1681 1646 1727 est,
1674 1671 1868 1717 bibendo

486 1739 636 1784 sitire?
655 1742 890 1799 Nunquam
918 1740 1126 1784 fastidire.
1161 1742 1204 1786 Si
1226 1756 1327 1799 ergo
1348 1741 1427 1786 ista
1448 1741 1680 1787 ineffabilis
1702 1752 1744 1786 et
1766 1757 1871 1787 sem—

485 1811 656 1870 piterna
684 1809 872 1854 dulcedo
905 1811 985 1854 erit
1005 1831 1013 1855 :
1040 1810 1172 1855 modo
1193 1812 1301 1872 quid
1329 1828 1353 1856 a
1374 1812 1500 1856 nobis
1521 1813 1631 1872 petit
1646 1848 1658 1869 ,
1689 1813 1841 1858 fratres
1856 1848 1867 1869 ‚

488 1880 572 1923 nisi
591 1879 723 1923 fidem
745 1895 835 1924 non
856 1880 1018 1936 fictam,
1040 1897 1159 1941 spem
1185 1882 1353 1925 firmam
1370 1917 1381 1937 ‚
1408 1883 1660 1927 charitatem
1682 1898 1837 1943 puram
1856 1919 1867 1938 ‚

489 1960 534 1995 et
551 1950 747 1995 ambulet
772 1951 905 1996 homo
924 1952 970 1995 in
995 1952 1064 1997 via
1090 1968 1223 2013 quam
1245 1953 1454 1998 Dominus
1475 1953 1620 2010 dedit,
1645 1953 1755 2000 serat
1771 1963 1869 1999 ten-

490 2020 674 2065 tationes
688 2056 699 2077 ,
724 2030 768 2065 et
785 2022 988 2082 suscipiat
1006 2022 1338 2068 consolationes.

538 2124 548 2140 ¹
568 2118 641 2150 lsai.
662 2129 793 2161 mxxiii,
812 2119 844 2151 5.
870 2136 913 2142 -
929 2126 942 2142 ²
965 2119 1079 2152 Matth.
1098 2131 1130 2161 v,
1148 2119 1181 2152 6.
1202 2137 1245 2143 —
1266 2117 1280 2143 3
1300 2119 1399 2153 Eccli.
1419 2131 1511 2162 xxxv,
1530 2128 1584 2162 29.
