1926 3339
461 232 544 272 484
873 244 904 268 s.
942 239 1170 268 AUGUSTLNt
1204 241 1385 267 El’lSCOPl

456 318 520 352 est
541 305 772 366 plenitudo
795 305 984 350 scientiae
999 341 1009 360 ,
1044 320 1176 365 quam
1198 304 1338 349 voluit
1357 304 1580 347 hominem
1603 319 1727 348 nosse
1752 322 1760 348 :
1789 305 1845 348 ad

459 381 620 436 Legem
644 377 720 421 Dei
741 376 930 435 pertinet
961 375 1136 419 scientia
1153 411 1164 429 ‚
1192 390 1324 435 quam
1346 383 1388 417 te
1423 372 1561 418 voluit
1584 373 1761 417 habere.
1789 376 1846 418 Et

457 448 554 508 quis
582 456 750 506 potest,
783 446 909 490 forte
927 445 1043 490 dicas
1066 445 1197 500 mihi,
1227 445 1419 504 perfecte
1442 459 1567 488 nosse
1585 447 1744 502 Legem
1760 479 1771 498 ‚
1796 452 1847 487 ut
1912 446 1914 448 ’

456 518 616 563 habeat
646 517 692 559 in
722 531 766 559 se
801 515 1122 574 plenitudinem
1145 515 1333 558 scientiae
1357 516 1506 572 Legis,
1539 524 1582 558 et
1603 515 1736 574 possit
1757 528 1847 558 esse

456 589 577 634 sedes
600 587 709 632 Dei?
726 586 824 632 Noli
846 587 1034 631 turbari:
1053 586 1242 630 breviter
1257 585 1337 629 tibi
1359 584 1518 629 dicitur
1540 586 1646 645 quid
1668 585 1843 640 habeas,

453 662 488 706 si
509 661 571 705 vis
591 659 753 703 habere
776 658 1095 718 plenitudinem
1117 657 1325 711 scientiae,
1348 665 1391 700 et
1412 671 1502 700 esse
1520 656 1639 699 sedes
1661 655 1748 699 Dei.
1775 655 1848 699 Ait

456 731 574 775 enim
606 728 840 789 Apostolus
867 748 875 773 :
913 747 933 770 ‹<
965 727 1199 772 Plenitudo
1222 737 1367 771 autem
1394 727 1518 785 Legis
1551 726 1794 771 Charitas1.
1823 743 1843 766 »

458 800 573 854 Quid
599 815 699 858 ergo
722 802 810 844 est?
834 798 1064 843 Perdidisti
1085 807 1220 842 totam
1245 797 1583 841 excusationem.
1622 799 1848 854 Interroga

455 887 530 917 cor
551 881 678 916 tuum
694 907 705 927 ,
736 870 836 915 vide
858 880 1006 915 utrum
1027 869 1188 914 habeat
1214 869 1483 913 charitatem.
1508 867 1552 913 Si
1574 876 1637 911 est
1658 866 1720 910 ibi
1745 867 1850 911 cha-

454 943 578 998 ritas,
614 951 678 986 est
715 941 776 985 ibi
809 940 1039 1000 plenitudo
1072 940 1195 997 Legis
1222 958 1231 984 :
1258 940 1350 999 jam
1377 939 1423 982 in
1450 947 1494 982 te
1516 937 1685 981 habitat
1708 940 1845 989 Deus,

453 1013 574 1057 sedes
602 1013 681 1057 Dei
711 1011 851 1056 factus
879 1027 938 1055 es.
969 1030 990 1053 α
1015 1013 1263 1054 Irascantur
1298 1008 1480 1069 populi:
1505 1026 1525 1049 »
1558 1007 1666 1067 quid
1686 1007 1849 1051 facient

452 1083 684 1126 irascentes
712 1081 865 1141 populi
889 1082 950 1136 ei,
982 1081 1058 1140 qui
1082 1080 1222 1124 factus
1245 1089 1309 1123 est
1326 1078 1445 1123 sedes
1469 1078 1576 1123 Dei?
1598 1077 1683 1130 Qui
1699 1086 1849 1121 contra

449 1162 494 1196 te
512 1153 692 1196 saeviant
707 1187 718 1207 ,
744 1152 931 1196 attendis
950 1170 958 1195 ε
984 1150 1061 1211 qui
1083 1150 1129 1193 in
1151 1158 1193 1192 te
1213 1148 1382 1203 sedeat,
1407 1164 1496 1192 non
1519 1147 1720 1191 attendis.
1750 1149 1850 1191 Coe-

452 1221 546 1266 lum
561 1222 701 1266 factus
718 1237 777 1277 es,
795 1230 839 1265 et
856 1231 1015 1265 terram
1038 1221 1189 1264 times.)
1199 1219 1310 1263 Dicit
1330 1218 1447 1262 enim
1469 1217 1553 1261 alio
1577 1217 1675 1261 loco
1701 1218 1848 1275 Scrip-

452 1303 575 1345 tura,
609 1292 847 1336 Dominum
882 1294 1020 1335 Deum
1050 1299 1247 1334 nostrum
1278 1289 1422 1332 dicere
1457 1306 1468 1333 t
1498 1307 1517 1329 «
1542 1287 1717 1332 Coelum
1740 1285 1848 1330 mihi

453 1380 474 1403 ³)
511 1361 633 1406 sedes
657 1365 762 1406 est·2.
788 1380 807 1403 »
837 1361 879 1406 Si
897 1376 1001 1419 ergo
1019 1369 1063 1404 et
1083 1369 1133 1403 tu
1154 1360 1360 1403 habendo
1379 1358 1701 1418 plenitudinem
1718 1357 1852 1401 scien-

451 1433 524 1476 tiae
542 1468 552 1487 ,
579 1442 622 1476 et
644 1431 850 1476 habendo
879 1431 1135 1475 charitatem
1150 1465 1160 1485 ,
1192 1430 1348 1489 utique
1377 1428 1498 1472 sedes
1520 1428 1598 1472 Dei
1620 1429 1760 1472 factus
1778 1443 1820 1471 es
1835 1463 1847 1484 ,

451 1502 615 1546 coelum
639 1502 777 1546 factus
802 1518 861 1546 es.
890 1504 986 1546 Non
1016 1501 1132 1544 enim
1155 1501 1237 1543 hoc
1263 1499 1425 1543 coelum
1448 1498 1585 1543 oculis
1607 1499 1672 1542 his
1695 1498 1851 1542 nostris

451 1573 572 1633 quod
599 1574 856 1632 suspicimus
873 1607 884 1627 ,
917 1571 1044 1616 valde
1067 1571 1305 1630 pretiosum
1329 1580 1393 1613 est
1422 1574 1523 1613 Deo.
1549 1569 1723 1613 Coelum
1747 1569 1847 1624 Dei,

453 1643 609 1687 animae
627 1652 788 1687 sanctae
812 1651 936 1686 sunt:
962 1641 1126 1686 coelum
1150 1641 1238 1695 Dei,
1253 1650 1421 1683 mentes
1445 1639 1713 1696 Angelorum
1729 1648 1847 1694 sunt,

452 1722 495 1757 et
518 1729 666 1757 omnes
682 1723 849 1757 mentes
871 1726 1096 1756 servorum
1116 1712 1222 1770 ejus.
1236 1713 1352 1769 Ergo
1371 1729 1391 1752 «
1411 1713 1658 1754 Irascantur
1679 1709 1846 1768 populi,

455 1801 475 1825 »
511 1793 838 1828 commoveatur
859 1791 975 1826 terra
1009 1801 1018 1826 :
1046 1800 1066 1822 »
1095 1780 1202 1841 quid
1233 1780 1414 1836 facturi,
1451 1790 1525 1825 aut
1550 1779 1659 1841 quid
1680 1778 1850 1824 factura

451 1852 543 1897 sedi
562 1853 658 1908 Dei,
685 1862 729 1897 et
750 1854 863 1897 coelo
886 1852 964 1896 ubi
989 1851 1111 1896 sedet
1135 1855 1263 1895 Dcus.

509 1926 585 1968 IV.
623 1943 642 1966 «
673 1924 881 1969 Dominus
902 1924 948 1966 in
973 1925 1076 1967 Sion
1109 1937 1316 1981 magnus,
1351 1931 1395 1966 et
1419 1922 1612 1967 excelsus
1636 1931 1699 1966 est
1720 1937 1849 1981 super

454 2013 474 2036 »
511 2010 661 2038 omnes
684 1994 942 2054 populos-³.»
963 1993 1173 2037 Dominus
1195 1994 1241 2036 in
1266 1993 1369 2037 Sion
1390 2008 1576 2051 magnus
1597 2001 1641 2036 et
1657 1991 1848 2036 excelsus

451 2073 528 2108 est.
556 2067 667 2108 Ecce
684 2099 695 2119 ,
726 2065 761 2108 si
790 2065 1027 2108 obscurum
1065 2063 1145 2106 tibi
1169 2072 1289 2117 erat,
1320 2063 1421 2123 quia
1446 2063 1612 2106 dictum
1642 2072 1705 2106 cst
1730 2081 1738 2105 ε
1766 2062 1848 2114 Qui

449 2134 571 2178 sedet
601 2150 730 2194 super
759 2134 999 2179 Cherubim
1016 2169 1026 2188 ,
1052 2133 1271 2177 nesciebas
1299 2133 1407 2193 quid
1429 2142 1490 2176 est
1514 2132 1778 2188 Cherubim3
1804 2140 1847 2175 et

449 2202 562 2248 forte
595 2204 672 2247 tibi
704 2204 923 2263 figurabas
951 2204 1095 2248 animo
1126 2202 1361 2263 quamdam
1396 2202 1646 2246 cathedram
1687 2202 1845 2245 cceles-

449 2283 561 2329 tem,
585 2275 829 2333 ingentem,
854 2283 1113 2332 gemmatam
1132 2309 1142 2328 ‚
1168 2283 1211 2317 et
1232 2275 1366 2333 ipsam
1387 2273 1560 2317 dicebas
1583 2272 1842 2327 Cherubim,

448 2345 611 2388 carnali
632 2361 759 2388 sensu
787 2345 971 2389 volitans
995 2361 1071 2404 per
1095 2345 1395 2404 phantasmata
1418 2364 1425 2388 :
1453 2344 1619 2387 dictum
1644 2352 1707 2387 est
1730 2343 1839 2398 tibi,

449 2414 551 2474 quia
574 2415 813 2459 Cherubim
830 2415 1058 2475 plenitudo
1078 2415 1267 2459 scientiae
1290 2424 1381 2472 est,
1402 2424 1444 2458 et
1458 2414 1624 2458 dictum
1649 2424 1727 2468 est,
1741 2414 1842 2473 quia

449 2483 676 2542 plenitudo
694 2485 906 2540 scientiae,
929 2500 1018 2529 non
1036 2484 1267 2544 cujuslibet
1289 2485 1495 2539 scientiae,
1517 2483 1594 2529 secl
1615 2482 1843 2544 plenitudo

497 2571 507 2588 ¹
535 2572 627 2603 Rom.
645 2582 719 2613 xm,
739 2582 787 2605 10.
804 2588 845 2594 --
866 2573 1073 2612 ²Isai.2xv1‚
1102 2582 1128 2604 1.
1160 2588 1199 2593 ——
1227 2569 1239 2594 3
1265 2570 1345 2602 Psal.
1368 2581 1481 2612 xcvnt,
1500 2579 1532 2603 2.
