1926 3339
496 281 580 319 -206
932 295 966 324 s.
1002 297 1233 326 Aucusrmi
1267 300 1447 328 Emscom
1893 283 1896 357 ζ

491 355 697 401 Nondum
713 357 829 402 enim
845 359 1148 418 crediderunt,
1165 362 1363 407 nondum
1383 363 1564 408 salutem
1585 377 1870 424 agnoverunt,
1893 362 1899 434 3

492 428 731 485 Insurgunt
746 442 875 489 super
896 445 1051 490 corpus
1066 432 1226 477 Christi
1239 433 1339 477 mali
1357 434 1613 490 Christiani,
1635 435 1690 480 de
1710 437 1872 497 quibus
1893 435 1906 511 3

490 497 685 557 quotidie
698 499 1026 545 tribulationem
1043 503 1205 562 patitur
1217 520 1372 564 corpus
1386 506 1559 550 Christi.
1575 507 1730 552 Omnia
1745 509 1876 553 schis·
1894 517 1902 583 3

489 576 603 611 mata
620 603 631 623 ‚
657 583 806 613 omnes
828 571 1008 615 haereses
1028 606 1039 627 ,
1065 588 1214 618 omnes
1236 575 1353 620 intus
1374 577 1558 635 pessime
1585 577 1777 623 viventes
1795 613 1806 634 ‚
1831 588 1875 625 et
1894 589 1898 643 ξ

488 653 629 682 mores
663 655 761 684 suos
789 641 903 685 bene
931 643 1177 688 viventibus
1199 644 1491 705 imponente5‚
1523 657 1566 692 et
1594 649 1650 693 ad
1678 665 1754 694 sua
1781 659 1873 695 tra·
1895 650 1906 711 3

432 734 437 741 ·
487 707 661 763 hentes‚
687 718 730 753 et
752 710 872 754 malis
894 711 1121 774 colloquiis
1149 714 1288 760 bonos
1316 733 1455 761 mores
1485 724 1835 780 corrumpentes¹
1857 757 1869 777 ‚

485 777 565 836 ipsi
586 797 605 821 «
630 782 944 827 Praetereuntes
959 783 1099 842 legem
1120 785 1446 832 insurrexerunt
1460 805 1588 849 super
1604 806 1687 835 me.
1711 792 1874 839 »Dicat
1895 783 1908 833 3‘

484 848 624 892 omnis
646 850 788 895 anima
807 852 877 911 pia
893 888 904 907 ‚
929 853 1046 898 dicat
1065 855 1204 900 omnis
1227 857 1369 902 anima
1396 859 1642 905 christiana.
1666 865 1769 915 Quae
1788 863 1872 908 hoc
1896 857 1900 906 ἓ.

485 934 575 962 non
607 921 796 978 patitur,
827 938 917 967 non
939 922 1068 969 dicat.
1098 926 1140 970 Si
1173 936 1320 971 autem
1353 929 1583 975 christiana
1614 932 1756 977 anima
1778 942 1867 988 est,
1896 934 1899 993 ξ

484 989 607 1034 novit
623 990 725 1051 quia
747 992 860 1037 mala
882 995 1046 1053 patitur
1072 1015 1081 1040 ε
1102 996 1136 1040 si
1151 999 1342 1055 agnoscit
1357 999 1401 1042 in
1415 1015 1458 1044 se
1472 1001 1711 1060 passionem
1728 1019 1866 1060 suam,

483 1063 773 1118 agnoscathic
790 1079 945 1108 vocem
967 1081 1089 1110 suam
1115 1085 1123 1112 ε
1149 1067 1182 1110 si
1205 1077 1351 1113 autem
1375 1080 1491 1115 extra
1514 1072 1757 1131 passionem
1779 1083 1865 1132 est,
1896 1068 1900 1131 3

481 1139 525 1174 et
556 1140 671 1176 extra
702 1148 853 1177 vocem
876 1135 930 1179 sit
957 1155 965 1180 :
998 1145 1047 1180 ut
1077 1146 1222 1182 autem
1255 1156 1344 1183 non
1373 1141 1427 1184 sit
1460 1152 1576 1187 extra
1602 1144 1866 1202 passionem,
1896 1155 1902 1202 ζ

481 1201 676 1246 ambulet
702 1218 779 1262 per
801 1205 914 1248 viam
948 1212 1208 1265 angustam2
1234 1244 1244 1263 ‚
1283 1220 1325 1254 et
1354 1210 1531 1271 incipiat
1552 1215 1622 1272 pie
1650 1215 1792 1259 vivere
1821 1215 1868 1261 in
1896 1226 1901 1235 ²

479 1271 650 1316 Christo
687 1292 696 1317 ;
731 1289 902 1318 necesse
939 1285 1001 1319 est
1038 1287 1086 1322 ut
1119 1279 1231 1323 hanc
1272 1283 1617 1340 persecutionem
1656 1285 1860 1344 patiatur.
1898 1291 1905 1340 ᾖ.

483 1359 502 1381 «
537 1342 697 1386 Omnes
719 1345 856 1400 enim,
878 1345 1022 1405 inquit
1051 1349 1309 1407 Apostolu5‚
1341 1352 1416 1411 qui
1439 1353 1593 1399 volunt
1616 1356 1659 1399 in
1693 1358 1865 1403 Christo
1897 1353 1907 1411 ΞῚ

480 1426 499 1450 »
535 1411 605 1470 pie
631 1412 804 1468 vivere,
846 1418 1190 1474 persecutionem
1224 1421 1491 1479 patiuntur3.
1528 1428 1668 1481 Deus,
1706 1437 1864 1486 praete-

479 1499 498 1521 »
535 1492 708 1526 reuntes
739 1483 878 1543 legem
911 1487 1236 1535 insurrexerunt
1268 1508 1397 1552 super
1429 1510 1500 1539 me
1533 1514 1542 1540 z
1574 1505 1617 1541 et
1644 1513 1863 1560 synagoga
1904 1532 1905 1539 1

476 1569 496 1592 >›
533 1554 777 1611 potentium
800 1555 1089 1616 inquisierunt
1111 1561 1299 1606 animam
1322 1579 1476 1608 meam.
1499 1584 1518 1607 »
1543 1569 1769 1628 Synagoga
1782 1586 1863 1630 po-
1904 1602 1906 1605 .

473 1624 655 1668 tentium
671 1629 948 1685 congregatio
962 1639 1024 1673 est
1042 1633 1343 1690 superborum.
1366 1638 1593 1696 synagoga
1615 1642 1860 1698 potentium

471 1694 700 1740 insurrexit
722 1712 851 1756 super
872 1709 1023 1759 eaput,
1058 1702 1103 1746 id
1126 1713 1210 1759 est,
1235 1706 1470 1751 Dominum
1492 1719 1688 1754 nostrum
1712 1715 1860 1758 Jesum

470 1766 705 1822 Christum,
722 1768 1003 1814 clamantium
1020 1782 1064 1816 et
1084 1773 1321 1820 dicentium
1346 1794 1435 1822 uno
1455 1795 1550 1823 ore:
1575 1800 1593 1822 «
1615 1783 1830 1843 Crucifige
1844 1821 1855 1840 ‚
1898 1812 1901 1823 ι

472 1854 491 1876 »
528 1837 772 1895 crucifige4.
805 1860 821 1880 »
848 1839 903 1884 de
934 1842 1094 1901 quibus
1121 1845 1288 1890 dictum
1316 1857 1400 1903 cst,
1442 1868 1458 1888 «
1495 1850 1592 1894 Filii
1628 1852 1856 1898 hominum
1898 1884 1906 1898 ν.

470 1924 490 1947 »
527 1907 678 1950 dentes
701 1923 850 1953 eorum
873 1926 991 1955 arma
1020 1923 1063 1957 et
1088 1915 1253 1974 sagittae
1276 1917 1483 1979 etlingua
1511 1936 1661 1966 eorum
1691 1923 1857 1981 gladius
1897 1978 1899 1983 ,

468 1994 488 2017 »
511 1986 663 2021 acutus
683 1979 713 2022 ⁵.
749 1997 769 2021 »
806 1982 903 2025 Non
933 1996 1262 2043 percusserunt,
1296 1987 1371 2032 sed
1403 1989 1714 2038 clamaverunt.
1751 1995 1854 2040 Cla-
1898 2043 1901 2050 Ι

465 2046 626 2091 mando
648 2047 886 2105 ferierunt,
913 2051 1141 2100 clamando
1171 2058 1492 2105 crucifixerunt.
1525 2062 1738 2108 Voluntas
1761 2065 1852 2110 cla·
1897 2086 1901 2122 ς

464 2117 677 2162 mantium
712 2120 889 2179 impleta
924 2132 987 2166 est
1011 2159 1022 2178 ‚
1062 2126 1239 2184 quando
1267 2129 1476 2174 Dominus
1507 2133 1736 2178 crucifixus
1769 2145 1847 2180 est.
1898 2138 1911 2191 ἱ1

468 2205 487 2228 «
521 2190 578 2231 Et
595 2203 813 2248 synagoga
836 2194 1082 2250 potentium
1107 2196 1396 2256 inquisierunt
1409 2201 1598 2252 animam
1623 2219 1778 2249 meam.
1795 2208 1853 2251 Et
1897 2226 1900 2241 ·

465 2274 484 2297 »
520 2273 609 2302 non
628 2271 950 2318 proposuerunt
973 2272 1015 2306 te
1036 2265 1080 2307 in
1100 2278 1334 2326 conspectu
1355 2285 1449 2314 suo.
1471 2289 1490 2311 »
1510 2274 1742 2325 Quomodo
1759 2292 1850 2321 non
1898 2317 1902 2335 2

458 2332 812 2388 proposuerunt?
840 2334 936 2376 Non
965 2333 1273 2382 intellexerunt
1304 2342 1456 2384 Deum.
1495 2344 1671 2389 Homini
1697 2361 1849 2406 paree-

457 2408 554 2443 rent
580 2419 588 2444 :
615 2400 670 2445 ad
703 2401 822 2461 quod
845 2403 1078 2462 videbant,
1105 2406 1161 2451 ad
1182 2408 1264 2453 hoc
1286 2410 1574 2458 ambularent.
1611 2418 1719 2461 Puta
1745 2418 1847 2478 quia
1896 2426 1900 2479 3

504 2513 513 2530 ¹
540 2519 552 2538 1
575 2508 647 2540 Cor.
671 2520 737 2550 xv,
766 2509 818 2542 33.
839 2527 882 2533 —-
900 2518 912 2534 ²
938 2513 1051 2546 Matth.
1076 2525 1141 2556 vu,
1173 2515 1221 2558 14.
1243 2533 1285 2540 --·
1308 2515 1321 2540 3
1339 2526 1358 2549 2
1376 2518 1455 2551 Tim.
1483 2531 1541 2563 111,
1571 2531 1609 2554 12
1643 2540 1683 2547 -
1704 2522 1720 2554 4
1750 2527 1841 2558 Joan.

456 2574 522 2606 mx,
539 2563 573 2596 6.
597 2581 638 2587 -
657 2561 671 2587 5
689 2565 769 2598 Psal.
789 2577 855 2609 ux,
877 2566 930 2611 57.
1896 2567 1901 2582 ⁴
