1926 3339
410 293 648 320 ENARRATIO
681 294 725 320 nv
760 293 957 320 rsALMUM
995 295 1113 320 xcm.
1368 286 1447 325 391

0 396 1 401 ,
72 356 228 415 mergit
248 355 373 401 illum
391 360 504 401 Deus
522 377 530 402 :
549 368 590 402 et
607 358 652 401 in
670 373 722 402 eo
743 358 834 416 ipso
854 358 1080 416 mergitur,
1105 373 1194 417 quo
1211 360 1391 418 erigitur
1408 363 1453 406 in

73 429 226 470 Deum.
251 429 359 471 Nam
387 428 432 471 in
454 426 537 472 alio
560 427 730 472 Psalmo
749 428 808 472 sic
826 429 886 472 ait
911 447 920 472 z
953 447 973 469 «
1005 428 1201 488 Dejecisti
1223 444 1320 484 003,
1346 431 1454 475 dum

75 516 95 540 »
130 497 483 543 extollerentur².
513 502 657 544 »Non
679 499 812 555 dixit,
847 499 1045 560 Dejecisti
1081 515 1176 555 e08‚
1217 500 1319 560 quia
1355 500 1459 546 elati

71 577 200 626 sunt3
246 578 347 624 aut,
387 588 407 610 «
450 571 647 630 Dejecisti
669 586 763 625 eos,
794 580 1075 631 posteaquam
1107 569 1208 614 elati
1236 580 1339 615 sunt
1369 589 1379 616 z
1408 581 1459 617 ut

72 638 191 684 aliud
214 640 266 683 sit
292 649 462 699 tempus
485 640 682 685 elationis
707 657 874 697 eorum,
907 640 1026 686 aliud
1054 650 1225 701 tempus
1247 642 1458 702 dejectio-

72 710 137 755 nis
156 729 167 755 :
190 709 265 754 sed
287 710 332 755 in
351 726 401 755 eo
419 711 510 770 ipso
530 711 865 767 extollebantur,
883 712 942 756 ibi
960 711 1289 772 dejiciebantur.
1315 715 1460 766 Quan-

72 790 167 825 tum
189 781 305 824 enim
327 782 564 841 superbum
594 799 669 828 cor
690 783 893 838 hominis,
914 792 1084 827 tantum
1108 782 1271 827 recedit
1292 799 1316 827 a
1334 786 1423 828 Deo
1447 803 1457 828 ε

71 859 114 895 et
135 850 170 894 si
193 851 355 895 recedit
377 868 400 895 a
422 855 534 904 Deo,
559 853 603 896 in
626 851 897 912 profundum
920 853 967 896 it.
990 855 1170 908 Contra,
1198 869 1272 898 cor
1294 852 1460 897 humile

71 922 126 967 de
152 921 267 966 coelo
294 921 471 967 adducit
493 927 648 978 Deum,
677 932 725 967 ut
752 924 973 983 proximus
995 924 1084 968 fiat.
1111 926 1239 968 Certe
1268 923 1380 968 altus
1398 934 1462 968 est

71 995 208 1046 Deus,
235 1008 365 1052 super
392 1009 542 1037 omnes
571 993 704 1037 coelos
739 1002 803 1038 est
831 996 972 1048 Deus,
1006 993 1274 1038 transcendit
1311 1008 1462 1038 omnes

70 1063 257 1121 Angelos
282 1083 290 1107 :
323 1073 538 1123 quantum
562 1063 695 1109 habes
718 1064 838 1122 erigi,
870 1073 919 1108 ut
951 1064 1136 1124 attingas
1160 1063 1215 1108 ad
1238 1063 1364 1108 illum
1387 1080 1462 1108 ex-

71 1133 266 1177 celsum?
287 1133 398 1179 Nolo
421 1143 462 1178 te
484 1150 659 1194 rumpas
684 1135 964 1181 extendendo,
978 1144 1022 1178 te
1049 1154 1058 1179 :
1087 1134 1206 1179 aliud
1232 1134 1463 1180 consilium

72 1204 152 1250 tibi
178 1203 252 1260 do,
278 1220 333 1248 ne
356 1205 402 1248 in
423 1206 502 1249 ista
527 1206 776 1250 extensione
798 1205 913 1250 forte
934 1221 1081 1265 crepes
1101 1222 1175 1265 per
1196 1205 1461 1264 superbiam.

74 1277 202 1320 Certe
225 1275 338 1320 altus
361 1285 422 1320 est
445 1279 561 1320 Deus
588 1296 596 1320 z
623 1286 672 1321 tu
693 1275 874 1322 humilia
897 1286 953 1331 te,
976 1285 1019 1320 et
1040 1275 1276 1321 descendet
1297 1275 1353 1320 ad
1375 1286 1433 1321 te.

128 1349 274 1392 XVII.
307 1346 565 1392 Audivimus
587 1363 728 1409 quare
748 1358 898 1408 parcat
920 1347 1059 1404 malis,
1090 1349 1174 1393 hoc
1195 1349 1338 1408 ipsum
1357 1346 1468 1393 fossa

70 1419 264 1477 ipsorum
291 1429 368 1463 est.
407 1420 520 1463 Dicit
544 1420 623 1464 tibi
650 1423 790 1465 Deus:
819 1418 1052 1473 Quomodo
1079 1418 1164 1463 illis
1196 1418 1392 1474 foditur,
1424 1429 1468 1463 et

71 1504 205 1549 quare
230 1488 314 1533 illis
336 1489 502 1534 foditur
524 1490 651 1534 fovea
669 1525 679 1545 ,
706 1505 797 1534 non
825 1498 889 1533 est
918 1499 1045 1533 tuum
1069 1505 1329 1548 cognoscere
1356 1509 1364 1534 :
1391 1489 1468 1533 sed

72 1575 124 1603 ex
143 1559 240 1618 lege
260 1575 356 1604 mea
378 1559 494 1604 disce
516 1561 756 1620 patientem
784 1571 827 1605 te
849 1576 940 1605 esse
964 1560 1151 1616 debere,
1181 1581 1201 1604 «
1228 1564 1375 1606 Donec
1396 1560 1467 1605 fo-

75 1649 95 1672 »
131 1629 276 1674 diatur
313 1631 529 1691 peccatori
567 1630 708 1677 fovea.
738 1650 757 1673 n
785 1635 842 1676 Et
863 1632 971 1692 quid
999 1631 1054 1676 de
1076 1647 1162 1686 me,
1186 1632 1348 1692 inquis,
1390 1632 1468 1692 qui

71 1701 248 1756 laboro,
294 1712 337 1746 et
377 1702 531 1747 laboro
558 1703 670 1748 inter
702 1703 817 1763 ipsos
842 1705 1118 1763 peccatores?
1158 1703 1467 1762 Respondetur

72 1773 153 1818 tibi
175 1773 297 1834 quod
318 1776 513 1835 sequitur
538 1795 546 1820 ε
572 1795 592 1818 «
619 1775 705 1828 Qui
735 1791 823 1819 non
854 1775 1035 1834 repellet
1057 1775 1268 1819 Dominus
1290 1774 1465 1833 plebem

76 1863 96 1886 »
131 1848 294 1889 suam&
325 1863 344 1886 υ
372 1848 581 1900 Exercet,
620 1861 710 1890 non
731 1845 918 1905 repellit.
951 1845 1184 1899 Quomodo
1223 1845 1339 1889 enim
1363 1843 1468 1888 dicit

73 1914 158 1959 alio
180 1915 277 1960 loco
306 1916 558 1975 Scriptura?
586 1935 605 1957 «
630 1916 846 1969 Quoniam
877 1931 1009 1976 quem
1031 1915 1173 1974 diligit
1205 1918 1320 1959 Deus
1336 1950 1347 1969 ,
1376 1930 1469 1959 cor-

76 2005 96 2026 »
132 1986 257 2045 ripit3
289 1985 484 2045 flagellat
506 1996 652 2031 autem
677 2002 851 2031 omnem
876 1986 1038 2040 filium,
1064 2001 1196 2045 quem
1218 1985 1414 2044 recipitss.
1444 2003 1464 2026 »

74 2055 151 2100 Ille
179 2055 447 2113 flagellatum
482 2057 651 2116 recipit,
689 2066 739 2100 tu
772 2056 878 2100 dicis
901 2057 1001 2116 quia
1036 2055 1236 2115 repellit?
1259 2054 1469 2099 Videmus

72 2127 270 2171 homines
292 2127 338 2171 in
362 2126 458 2172 tiliis
482 2128 568 2171 suis
592 2127 734 2172 facere
762 2127 874 2172 illud
903 2147 911 2172 :
938 2126 1176 2188 aliquando
1197 2128 1287 2187 jam
1309 2125 1468 2186 despe-

72 2207 188 2243 ratos
216 2198 326 2243 filios
361 2214 460 2243 suos
489 2198 717 2243 dimittunt
751 2200 895 2243 vivere
932 2198 1154 2260 quomodo
1186 2198 1365 2256 volunt3
1396 2213 1468 2243 eos

74 2269 150 2329 qui
170 2285 291 2328 spem
318 2269 503 2324 habent,
535 2269 788 2328 flagellant,
820 2269 915 2314 illos
944 2286 1053 2330 quos
1073 2270 1254 2314 omnino
1278 2268 1470 2313 viderint

74 2341 166 2385 sine
187 2356 262 2400 spe
284 2340 581 2385 etsindomitos
606 2357 718 2395 esse,
739 2341 969 2385 dimittunt
991 2351 1042 2385 ut
1065 2339 1227 2385 faciant
1249 2339 1370 2401 quod
1390 2355 1470 2384 vo-

73 2412 187 2456 lunt.
218 2414 317 2456 Jam
338 2427 469 2472 quem
493 2411 672 2456 dimittit
699 2412 842 2456 facere
871 2411 992 2473 quod
1012 2411 1133 2465 vult,
1158 2427 1248 2456 non
1267 2411 1365 2456 vult
1390 2410 1469 2455 ad-

75 2483 247 2527 mittere
271 2483 325 2527 ad
353 2481 653 2527 haereditatem
678 2499 802 2527 suam
835 2503 845 2528 2
883 2498 983 2526 eum
1016 2493 1163 2526 autem
1191 2482 1383 2541 flagellat
1417 2482 1469 2524 fi-

73 2555 201 2609 lium,
231 2555 302 2599 cui
317 2556 451 2614 ipsam
470 2554 769 2598 haereditatem
791 2564 947 2599 servat.
965 2557 1078 2599 Cum
1107 2563 1252 2598 autem
1276 2552 1467 2611 flagellat

126 2647 131 2661 ¹
157 2640 233 2671 Psal.
254 2651 354 2678 mvn,
379 2640 426 2671 18.
452 2657 489 2661 —
511 2647 521 2661 ²
544 2640 587 2670 hl.
611 2651 693 2677 (retu,
718 2639 766 2680 14v
791 2656 830 2661 —-
860 2639 871 2660 ³
894 2639 990 2670 Hebr-
1017 2650 1075 2673 xit.
1093 2638 1124 2668 (1,
