1926 3339
264 318 505 348 ENARRATIO
538 322 569 347 11
602 322 646 348 m
679 320 884 349 PsALMUM
916 324 994 362 xc,
1030 324 1169 353 SERMO
1201 329 1250 354 11.
1353 318 1437 357 319

48 387 193 442 batur,
213 386 386 446 negatio
403 385 720 430 dimittebatur.
741 388 847 430 Erat
861 401 965 446 ergo
982 396 1088 433 tunc
1103 404 1286 448 magnus
1303 403 1435 438 aestus

48 457 420 517 persequentium.
444 456 786 516 Quicumque-in
808 456 881 501 illa
904 459 1147 503 tentatione
1165 460 1435 520 ceciderunt,

47 536 257 588 tanquam
280 544 304 572 a
322 527 542 572 daemonio
560 527 800 572 meridiano
819 528 1087 574 ceciderunt.
1114 532 1172 574 Et
1191 532 1347 591 quanti
1363 549 1437 577 ce-

48 597 276 643 ciderunt?
292 597 422 643 Multi
444 598 522 658 qui
537 613 582 642 se
604 599 839 657 sperabant
859 614 1047 644 sessuros
1065 616 1166 645 cum
1191 602 1378 647 Domino
1395 613 1439 648 et

42 670 335 730 judicaturos,
351 669 414 713 illi
430 685 453 713 a
466 669 599 713 latere
615 669 883 715 ceciderunt.
910 673 1021 715 Item
1039 671 1166 716 multi
1180 672 1257 733 qui
1278 689 1322 717 se
1336 689 1439 734 spe—

47 740 202 784 rabant
224 739 279 784 ad
301 739 522 784 dexteram
545 739 717 785 futuros
731 775 742 796 ‚
768 741 814 784 in
836 740 967 801 plebe
988 748 1135 786 sancta
1157 743 1438 802 stipendiaria

48 819 257 872 tanquam
282 811 593 867 Provinckzles,
624 812 701 871 qui
729 828 950 857 annonam
972 813 1184 858 militibus
1216 815 1438 874 praebent,

46 883 208 943 quibus
236 881 323 928 dici
355 883 523 928 habet:
553 903 572 925 «
605 883 799 938 Esurivi,
835 893 879 928 et
906 883 1084 928 dedistis
1112 886 1220 929 mihi
1252 886 1442 931 mandu-

50 972 70 996 »
89 956 210 998 care¹
236 973 245 999 z
270 971 289 995 »
307 952 382 1012 (ad
398 953 623 998 dexteram
644 953 761 997 enim
784 963 914 998 erunt
933 954 1106 1012 multi3)
1119 965 1164 999 et
1180 955 1235 999 de
1255 956 1347 1016 ipsa
1366 973 1442 1017 spe

45 1024 323 1080 ceciderunt,
340 1034 384 1069 et
401 1025 547 1084 plures
562 1024 664 1068 inde
675 1059 687 1080 ‚
704 1025 806 1085 quia
820 1025 966 1085 plures
984 1026 1059 1070 ibi.
1079 1027 1309 1071 Pauciores
1324 1029 1441 1072 enim

45 1096 121 1157 qui
145 1110 246 1141 cum
269 1095 456 1140 Domino
481 1094 768 1156 judicabunt,
794 1105 838 1139 et
860 1095 1005 1156 plures
1026 1098 1104 1157 qui
1133 1098 1314 1143 stabunt
1339 1109 1441 1143 ante

46 1166 200 1225 illum3
233 1165 308 1210 sed
335 1182 426 1210 non
457 1182 543 1210 una
566 1166 760 1211 conditio
793 1183 962 1212 eorum.
999 1167 1086 1212 Alii
1113 1169 1170 1213 ad
1197 1169 1438 1222 sinistram,

45 1238 116 1284 alii
138 1238 193 1283 ad
220 1238 463 1296 dexteram3
489 1238 560 1282 alii
588 1248 638 1283 ut
670 1248 876 1297 regnent,
902 1240 973 1283 alii
996 1250 1045 1284 ut
1068 1241 1330 1300 puniantur3
1365 1242 1440 1286 alii

46 1320 95 1355 ut
117 1308 318 1366 audiant,
353 1330 370 1350 «
400 1310 555 1354 Venite
582 1311 798 1355 benedicti
818 1312 954 1356 Patris
982 1313 1090 1368 mei,
1115 1313 1327 1372 percipite
1346 1329 1443 1372 reg-

49 1401 69 1424 »
105 1397 212 1426 num
239 1400 248 1426 :
270 1400 290 1423 »
317 1380 391 1425 alii
420 1391 470 1426 ut
492 1381 696 1435 audiant,
727 1400 747 1423 «
774 1385 840 1426 Ite
859 1382 905 1426 in
933 1383 1076 1441 ignem
1101 1393 1339 1433 aeternum,
1364 1384 1441 1444 qui

48 1472 68 1495 »
104 1462 377 1513 praeparatus
414 1462 477 1496 est
516 1452 694 1497 diabolo
728 1463 772 1497 et
808 1454 970 1512 angelis
1010 1455 1115 1514 ejus.
1155 1457 1268 1512 Ergo
1305 1456 1381 1515 qui
1419 1472 1442 1500 a

50 1544 68 1566 >›
103 1525 226 1568 ruina
256 1533 299 1568 et
327 1523 544 1568 daemonio
567 1523 809 1568 meridiano
837 1523 996 1568 cadent
1017 1523 1136 1568 mille
1158 1540 1181 1568 a
1208 1525 1363 1582 latere,
1399 1536 1443 1571 et

51 1615 68 1637 »
103 1595 215 1639 dena
228 1593 361 1638 millia
374 1593 428 1638 ad
442 1594 586 1638 extris.
603 1593 671 1638 Ad
683 1603 723 1637 te
736 1603 987 1639 autemnon
999 1595 1387 1656 appropinquabit2
1399 1616 1407 1642 :
1418 1616 1438 1639 »

45 1665 188 1718 Quid?
202 1664 477 1710 Daemonium
492 1663 781 1708 meridianum
799 1673 842 1708 te
859 1680 948 1708 non
972 1664 1132 1725 dejicit.
1149 1667 1265 1718 Quid
1280 1668 1441 1711 mirum

45 1736 79 1780 si
96 1745 229 1795 caput
246 1751 337 1779 nou
358 1734 532 1795 dejicit?
557 1733 642 1778 Sed
659 1750 748 1778 non
766 1734 912 1794 dejicit
926 1743 969 1778 et
989 1734 1086 1779 illos
1099 1736 1175 1795 qui
1193 1736 1252 1780 sic
1272 1737 1442 1782 haerent

44 1807 175 1867 capiti
192 1800 211 1861 ,‘
224 1805 449 1867 quomodo
466 1806 525 1848 ait
543 1805 777 1864 Apostolus
790 1841 800 1860 ,
823 1825 844 1847 «
866 1806 997 1850 Novit
1018 1807 1229 1851 Dominus
1247 1808 1321 1867 qui
1339 1819 1443 1853 sunt

46 1897 67 1919 »
104 1878 239 1938 ejus3.
265 1897 283 1918 »
307 1879 418 1921 Sunt
436 1875 554 1919 enim
572 1875 750 1935 quidam
772 1876 829 1919 ita
848 1875 1145 1935 praedestinati
1161 1911 1172 1931 ,
1199 1886 1248 1920 ut
1273 1879 1445 1922 noverit

45 1948 257 1992 Dominus
283 1947 359 2007 qui
389 1946 637 2006 pertineant
670 1944 726 1989 ad
759 1961 916 2004 corpus
947 1946 1094 2004 ipsius.
1123 1947 1235 1990 Cum
1263 1963 1367 2006 ergo
1389 1948 1445 1992 ad

44 2019 124 2063 hos
145 2033 235 2062 non
257 2017 436 2061 accedet
458 2015 735 2063 illatentatio
752 2051 763 2071 ,
796 2024 845 2059 ut
868 2015 1041 2075 dejiciat
1062 2032 1161 2074 eos3
1186 2017 1255 2061 isti
1278 2018 1443 2062 intelli-

44 2098 210 2149 guntur
231 2087 278 2131 in
299 2102 372 2143 eo,
398 2086 521 2147 quod
543 2086 753 2145 scriptum
771 2095 860 2141 est,
890 2105 910 2128 «
930 2086 1000 2130 Ad
1020 2095 1062 2130 te
1085 2097 1232 2131 autem
1256 2104 1344 2132 non
1363 2105 1443 2148 ap—

46 2179 67 2202 »
105 2158 433 2220 propinquabit.
455 2176 475 2199 »
497 2157 582 2202 Sed
598 2172 652 2200 ne
665 2155 729 2200 illi
746 2168 989 2217 peccatores
1005 2157 1166 2217 quibus
1180 2167 1299 2202 tanta
1317 2158 1444 2203 licuit

45 2246 245 2276 exercere
264 2231 309 2275 in
322 2230 606 2284 Christianos,
624 2227 910 2272 attendantur
923 2244 946 2272 a
959 2229 1223 2288 quibusdam
1240 2230 1440 2286 infirmis,

45 2312 89 2348 et
118 2302 310 2357 dicatur,
342 2304 455 2346 Ecce
477 2299 587 2361 quid
615 2299 755 2344 voluit
789 2302 925 2353 Deus,
951 2308 1002 2342 ut
1026 2308 1196 2343 tantum
1229 2300 1370 2360 impiis
1399 2311 1443 2346 et

46 2373 258 2419 sceleratis
279 2371 409 2417 liceat
432 2371 479 2414 in
500 2385 646 2415 servos
671 2369 749 2414 Dei
773 2387 783 2414 ι
806 2369 1027 2413 modicum
1051 2370 1277 2415 considera
1305 2371 1440 2417 oculis

48 2446 153 2501 tuis,
177 2443 314 2502 oculis
330 2442 458 2498 fidei,
485 2450 530 2486 et
545 2440 712 2486 videbis
737 2439 1070 2484 retributionem
1093 2451 1372 2500 peccatorum
1395 2443 1440 2487 in

47 2517 158 2573 fine,
196 2504 358 2577 quibus
395 2512 529 2558 modo
564 2521 686 2556 tanta
721 2511 1037 2571 permittuntur
1051 2547 1063 2567 ,
1101 2522 1150 2557 ut
1182 2515 1434 2558 exercearis.

96 2631 104 2649 ¹
125 2624 240 2657 Matth.
255 2634 333 2665 xxv,
350 2622 403 2656 35.
430 2638 473 2645 —
493 2628 506 2645 ²
527 2620 608 2653 Psal.
635 2630 684 2661 xc,
705 2630 736 2662 7.
758 2636 801 2642 —-
821 2614 836 2641 ³
854 2628 873 2651 2
892 2619 975 2651 Tim.
995 2630 1031 2661 u,
1053 2631 1105 2662 19.
