1926 3339
469 214 554 253 462
900 226 932 253 s.
969 222 1200 253 Ancus-nm
1232 226 1413 253 Enscom

462 290 643 334 nelium.
656 292 713 334 Et
734 290 837 350 quia
856 288 912 335 de
933 290 1146 336 Gentibus
1169 300 1261 335 erat
1277 291 1521 346 Cornelius,
1544 300 1588 336 et
1602 292 1694 352 ipse
1711 301 1754 337 et
1775 294 1852 353 qui
1906 340 1907 343 ,

463 376 564 405 cum
586 359 662 405 illo
685 370 824 416 erant,
848 376 938 405 non
960 371 1084 406 erant
1105 361 1371 407 circumcisi:
1396 377 1452 407 ne
1474 361 1729 407 dubitarent
1749 378 1853 422 ergo

462 431 526 476 illi
547 431 718 476 tradere
749 431 1038 491 Evangelium
1063 448 1153 476 non
1174 433 1437 477 circumcisis
1453 469 1464 489 ,
1488 442 1724 494 antequam
1743 433 1854 493 bap-
1907 438 1910 477 ἶ

461 503 667 548 tizaretur
698 503 789 562 ipse
811 503 1038 548 Cornelius
1053 539 1064 559 ,
1095 513 1138 548 et
1159 503 1222 547 illi
1241 505 1316 564 qui
1338 521 1439 549 cum
1461 504 1538 550 illo
1559 514 1682 550 erant
1697 541 1708 561 ,
1733 504 1854 550 venit
1906 501 1909 546 ’.

463 575 647 633 Spiritus
674 584 869 629 sanctus,
890 584 933 619 et
947 573 1143 634 implevit
1158 573 1255 619 illos
1269 610 1279 629 ,
1306 585 1348 619 et
1367 586 1600 636 coeperunt
1620 576 1742 637 loqui
1763 576 1852 620 lin-
1908 576 1911 611 ’ἶ

461 646 570 703 guis.
606 648 657 689 In
685 646 858 690 nullum
898 655 1045 690 autem
1073 646 1289 691 ceciderat
1323 647 1506 707 Spiritus
1543 658 1738 704 sanctus,
1771 648 1853 692 nisi
1909 649 1911 658 ²

461 717 538 777 qui
573 716 716 761 fuerat
744 718 986 778 baptizatus
1017 738 1026 763 ε
1053 719 1099 762 in
1126 719 1229 763 istos
1266 728 1412 763 autem
1446 728 1546 764 ante
1585 720 1854 779 baptismum
1909 719 1913 758 ἶ

458 787 630 833 cecidit.
654 792 801 834 Posset
823 791 941 834 enim
960 794 1112 835 Petrus
1130 790 1333 835 dubitare
1355 801 1505 836 utrum
1526 791 1852 836 incircumcisos
1909 830 1914 860 4

458 859 699 919 baptizaret
733 881 741 905 ε
771 861 892 905 venit
927 861 1110 921 Spiritus
1139 871 1312 907 sanctus
1330 898 1340 918 ,
1363 872 1596 922 coeperunt
1616 862 1741 923 loqui
1763 862 1852 906 lin-

462 931 576 988 guis:
600 931 813 975 donatum
827 941 890 976 est
912 931 1077 994 donum
1095 933 1327 989 invisibile,
1349 943 1391 978 et
1409 933 1510 979 tulit
1532 933 1854 978 dubitationem
1908 961 1912 976 .

459 1000 513 1045 de
534 1012 803 1047 sacramento
824 1004 1007 1061 visibili,
1028 1005 1234 1064 baptizati
1253 1015 1354 1049 sunt
1376 1021 1542 1050 onmes.
1565 1009 1622 1050 Et
1643 1005 1776 1049 habes
1793 1004 1854 1048 ibi
1913 1062 1915 1068 A

460 1073 670 1132 scriptum
703 1093 712 1118 :
741 1094 762 1116 «
789 1074 1037 1120 Audierunt
1067 1086 1215 1120 autem
1240 1077 1462 1137 Apostoli,
1489 1086 1532 1121 et
1554 1077 1631 1138 qui
1664 1084 1789 1120 erant
1807 1075 1854 1120 in

464 1164 482 1185 »
518 1146 672 1189 Judaea
693 1145 847 1190 fratres
864 1182 874 1202 ,
908 1149 1116 1208 quoniam
1137 1158 1180 1192 et
1200 1150 1360 1193 Gentes
1379 1158 1638 1209 receperunt
1668 1148 1854 1193 verbum
1913 1165 1915 1170 ¹

463 1234 482 1257 »
518 1216 596 1260 Dei
614 1251 624 1271 ,
645 1225 689 1260 et
710 1217 1031 1262 benedicebant
1046 1222 1185 1264 Deum
1201 1222 1266 1263 ¹.»
1294 1223 1388 1265 Hoc
1411 1230 1475 1264 est
1496 1219 1618 1281 quod
1638 1220 1710 1264 hic
1729 1233 1854 1264 com-

459 1298 673 1332 memorat
698 1308 707 1333 :
737 1308 757 1331 «
783 1290 984 1347 Audivit,
1006 1300 1050 1335 et
1067 1291 1311 1351 jucundata
1330 1302 1394 1337 est
1412 1293 1538 1350 Si0n3
1563 1301 1608 1337 et
1628 1291 1854 1336 exultave-

461 1379 482 1402 »
517 1369 621 1404 runt
643 1360 745 1404 filiae
767 1362 949 1406 Judaeae.
989 1382 1009 1405 »
1036 1363 1152 1417 Quid
1177 1384 1198 1407 «
1223 1364 1425 1420 Audivit,
1463 1374 1508 1409 et
1525 1363 1768 1424 jucundata
1789 1370 1854 1407 est
1899 1371 1904 1374 ’

463 1450 480 1471 »
519 1433 622 1476 Sion
639 1433 781 1486 PQuia
800 1444 1060 1493 receperunt
1082 1436 1243 1480 Gentes
1265 1436 1452 1480 verbum
1474 1435 1568 1479 Dei.
1593 1453 1613 1476 »
1641 1437 1762 1479 Unus
1779 1448 1856 1493 pa·
1914 1441 1919 1480 ἑ

457 1502 538 1547 ries
559 1514 753 1560 venerat,
775 1504 849 1549 sed
867 1505 1053 1566 angulus
1075 1507 1275 1551 nondum
1294 1516 1400 1551 erat.
1421 1507 1524 1552 Sion
1544 1507 1634 1567 ipsa
1657 1505 1854 1550 Ecclesia

457 1590 557 1635 quae
579 1584 670 1619 erat
691 1575 738 1619 in
760 1579 784 1620 J
789 1575 913 1620 udaea
931 1611 941 1632 ,
967 1577 1142 1637 proprie
1163 1578 1234 1623 hic
1257 1578 1480 1623 nominata
1503 1586 1582 1621 est.
1612 1596 1632 1620 «
1652 1575 1850 1632 Audivit,

459 1664 479 1687 »
515 1655 559 1689 et
581 1646 825 1706 jucundata
847 1657 910 1692 est
934 1648 1060 1705 Sion,
1085 1658 1129 1693 et
1158 1649 1467 1694 exultaverunt
1492 1648 1596 1692 filiae
1617 1648 1800 1693 Judaeae.
1827 1664 1848 1689 »

459 1716 525 1761 Sic
555 1717 764 1777 scriptum
792 1728 885 1764 est:
916 1739 937 1762 «
962 1719 1212 1764 Audierunt
1243 1720 1465 1781 Apostoli,
1491 1729 1534 1764 et
1563 1719 1640 1780 qui
1661 1728 1785 1763 erant
1805 1718 1853 1762 in

459 1805 480 1828 »
515 1790 539 1831 J
544 1787 669 1833 udaea
687 1788 854 1834 fratres.
880 1809 900 1832 »
923 1790 1080 1835 Videte
1103 1792 1136 1835 si
1153 1807 1243 1836 non
1269 1811 1289 1834 «
1310 1791 1629 1836 Exultaverunt
1649 1789 1750 1834 filiae
1767 1792 1850 1834 Ju-

459 1876 479 1899 »
515 1859 636 1904 daeae.
647 1878 667 1901 ν)
680 1860 795 1914 Quid
811 1861 1074 1907 audierunt?
1088 1863 1230 1917 «Quia
1249 1873 1293 1908 et
1310 1865 1472 1908 Gentes
1486 1870 1743 1923 receperunt
1757 1876 1853 1906 ver·
1918 1863 1921 1886 ;

458 1947 479 1970 ³>
504 1929 610 1973 bum
627 1932 719 1975 Dei.
729 1932 842 1976 »Ubi
855 1932 967 1977 illud
982 1933 1088 1978 dixit
1103 1935 1181 1979 iste
1195 1935 1389 1980 Psalmus
1403 1937 1421 1977 ἱ)
1434 1955 1453 1977 «
1465 1933 1851 1979 Annuntiaverunt
1917 1943 1921 1954 ⁴

460 2019 478 2041 »
514 2001 616 2045 coeli
638 2003 851 2062 justitiam
873 2004 989 2064 ejus,
1017 2013 1059 2049 et
1080 2005 1287 2051 viderunt
1318 2022 1467 2051 omnes
1489 2004 1644 2066 populi
1668 2003 1850 2064 gloriam
1915 2010 1920 2020 ¹

459 2089 478 2112 n
514 2073 620 2132 ejus.
647 2092 667 2115 »
694 2077 751 2118 Et
773 2075 875 2135 quia
893 2077 1052 2121 Gentes
1075 2076 1357 2122 crediderunt
1374 2113 1384 2133 ,
1412 2094 1435 2122 a
1459 2077 1620 2137 quibus
1642 2074 1850 2120 coleban-
1915 2105 1920 2115 .

455 2151 527 2186 tur
550 2143 693 2201 idola,
719 2155 893 2191 secutus
916 2147 975 2190 ait
997 2166 1005 2192 :
1035 2167 1056 2190 ‹<
1081 2147 1423 2193 Confundantur
1446 2163 1617 2202 omnes,
1643 2146 1719 2208 qui
1742 2145 1850 2190 ado-

458 2233 478 2255 »
514 2225 611 2260 rant
633 2216 848 2277 sculptilia
862 2252 874 2271 .,
898 2219 974 2280 qui
997 2219 1236 2278 gloriantur
1257 2221 1301 2265 in
1319 2219 1558 2265 simulacris
1580 2219 1681 2264 suiS.
1708 2216 1848 2263 Audi·
1916 2223 1921 2259 ἱ

457 2303 477 2326 »
512 2287 590 2342 vit,
608 2298 649 2333 et
659 2289 901 2348 jucundata
915 2300 979 2335 est
998 2292 1122 2348 Sion,
1140 2301 1182 2336 et
1194 2291 1498 2337 exultaverunt
1512 2291 1612 2335 filiae
1630 2293 1655 2334 J
1659 2290 1841 2334 udaeae.»

453 2360 605 2402 Postea
625 2360 805 2419 quidam
827 2361 882 2405 de
898 2362 1160 2407 circumcisis
1178 2363 1433 2408 calumniari
1446 2362 1686 2407 voluerunt
1700 2365 1842 2415 Petro,

453 2437 496 2472 et
511 2428 716 2475 dixerunt
729 2431 811 2476 illi:
835 2452 854 2474 «
871 2435 1014 2486 Quare
1027 2434 1194 2478 intrasti
1211 2435 1266 2478 ad
1288 2434 1481 2479 Gentiles
1504 2432 1841 2486 incircumcisos,

456 2517 475 2541 »
512 2510 555 2545 et
577 2502 847 2548 manducasti
869 2520 971 2549 cum
998 2505 1057 2550 eis
1074 2507 1120 2548 2?
1144 2523 1164 2548 »
1196 2505 1275 2551 Ille
1297 2515 1444 2552 autem
1478 2504 1668 2551 reddidit
1688 2503 1748 2549 eis
1776 2519 1845 2548 ra-

496 2590 503 2607 ¹
536 2586 606 2618 Act.
627 2596 671 2629 xl,
696 2597 722 2620 1.
745 2602 788 2610 ——
806 2587 917 2622 ²1bid.
937 2589 966 2622 3.
