1926 3339
1770 0 1926 143 Ἶ

458 318 542 357 276
877 325 910 353 s.
948 325 1176 353 Aucns'mm
1209 327 1389 352 EPLSCOPI

452 395 640 440 bitantes
662 401 897 454 peccarunt
911 426 924 448 ,
947 408 1033 452 qua
1056 391 1198 436 deleta
1220 392 1498 451 migrarunt?
1522 393 1721 448 Regnum
1754 392 1836 434 Ju-

452 465 650 510 daeorum
671 464 850 524 quaeris,
879 478 969 508 non
991 472 1054 507 est
1079 481 1087 507 :
1114 462 1248 507 altare
1268 463 1522 507 Judaeorum
1545 461 1724 522 quaeris,
1749 476 1840 505 non

452 546 516 581 θεῖ
536 555 545 581 z
571 535 828 581 sacrificium
845 538 869 578 J
875 533 1100 579 udaeorum
1118 535 1291 593 quaeris,
1316 550 1405 578 non
1429 543 1493 578 est
1514 552 1522 578 :
1550 531 1839 577 sacerdotium

453 606 709 651 Judaeorum
742 604 927 664 quaeris,
972 619 1061 648 non
1098 612 1161 647 est
1196 619 1206 644 z
1248 623 1265 643 «
1293 603 1496 648 Evertisti
1532 611 1841 647 testamentum

455 694 475 717 ³)
511 675 619 719 servi
638 675 731 728 tui,
757 672 995 733 profanasti
1018 673 1065 716 in
1085 682 1196 717 terra
1218 674 1489 717 sanctitatem
1509 673 1615 732 ejus.
1641 691 1660 713 »
1685 674 1842 717 Sancta

452 744 526 788 illa
550 759 649 804 quae
671 744 896 787 habebant
911 778 922 798 ,
955 752 1125 787 terrena
1154 758 1243 786 esse
1265 743 1503 786 ostendisti.
1546 761 1566 784 «
1586 741 1842 786 Destruxisti

457 833 476 857 »
512 829 661 860 omnes
685 815 886 858 macerias
906 815 1025 874 ejus,
1047 833 1066 855 »
1097 814 1257 875 quibus
1280 829 1379 858 eum
1403 814 1634 858 munieras.
1660 811 1845 866 Quando

451 886 568 930 enim
591 885 866 945 diriperetur,
887 885 967 929 nisi
989 887 1187 930 maceriae
1210 884 1368 929 dirutae
1388 885 1598 929 fuissent?
1623 883 1845 929 «Posuisti

455 973 476 997 »
511 956 775 999 munitiones
816 957 908 1015 ejus
946 954 1280 1000 formidinem.»
1313 955 1429 1008 Quid
1458 964 1548 1011 est,
1590 953 1847 999 «Formidi-

459 1045 479 1069 »
515 1028 651 1070 nem?
672 1045 690 1067 »
727 1028 784 1070 Ut
805 1025 974 1070 dicatur
995 1027 1274 1086 peccantibus
1303 1046 1311 1071 :
1339 1046 1359 1068 (ι
1378 1027 1420 1071 Si
1442 1029 1557 1071 Deus
1575 1024 1847 1070 naturalibus

457 1115 478 1139 »
514 1097 641 1140 ramis
676 1112 765 1140 non
799 1097 1012 1155 pepercit,
1048 1112 1192 1156 neque
1220 1096 1301 1141 tibi
1324 1106 1472 1156 parcet
1498 1098 1528 1140 ¹.
1561 1096 1849 1155 Diripuerunt
1908 1101 1910 1105 ’

458 1187 478 1210 »
515 1183 617 1211 eum
635 1183 783 1212 omncs
798 1176 1070 1211 transeuntes
1088 1167 1200 1211 viam
1227 1187 1236 1212 :
1261 1186 1280 1208 »
1311 1183 1460 1212 omnes
1483 1167 1646 1211 scilicet
1664 1168 1846 1221 Gentes,
1908 1172 1909 1177 ’

458 1253 537 1298 per
560 1238 715 1281 «Viam
731 1273 742 1292 ,
761 1256 780 1277 »
807 1238 890 1281 hoc
911 1245 1000 1292 est,
1028 1253 1104 1296 per
1127 1237 1261 1281 vitam
1293 1238 1417 1281 istam
1447 1246 1720 1281 transeuntes
1741 1235 1849 1279 diri-

453 1317 646 1367 puerunt
668 1306 799 1351 Isra'e'l
816 1343 826 1363 ,
848 1308 1127 1367 diripuerunt
1140 1306 1294 1351 David.
1318 1307 1512 1351 Primum
1531 1306 1676 1352 videte
1691 1305 1850 1351 frustra

453 1381 546 1440 ejus
573 1380 618 1423 in
649 1380 852 1424 omnibus
884 1379 1099 1424 Gentibus
1139 1398 1147 1423 :
1176 1378 1231 1422 de
1265 1379 1367 1438 ipsis
1398 1379 1514 1422 enim
1544 1377 1712 1423 dictum
1746 1387 1810 1423 est
1839 1397 1848 1423 z
1906 1368 1908 1371 Ι

460 1470 480 1492 «
516 1454 662 1494 Partes
689 1449 889 1510 vulpium
918 1452 1094 1494 erunt2.
1126 1468 1146 1491 »
1173 1453 1313 1508 Reges
1331 1449 1494 1509 quippe
1524 1449 1680 1509 impios
1701 1448 1853 1509 vulpes
1906 1484 1908 1513 ζ

459 1521 692 1581 appellavit
712 1522 956 1581 Scriptura,
982 1521 1154 1566 dolosos
1178 1530 1222 1565 et
1241 1521 1413 1565 timidos
1435 1536 1543 1581 quos
1565 1529 1698 1565 terret
1715 1520 1853 1565 virtus
1906 1530 1907 1536 ¹

460 1592 614 1636 aliena.
638 1592 744 1637 Ideo
761 1592 850 1652 ipse
865 1593 1074 1637 Dominus
1093 1608 1192 1636 cum
1214 1591 1268 1636 de
1287 1591 1460 1636 Herode
1481 1591 1775 1636 comminante
1791 1590 1855 1635 lo-
1905 1587 1907 1626 ἐ

460 1672 668 1723 queretur
694 1683 703 1708 ε
733 1682 754 1705 «
770 1664 928 1719 Dicite,
967 1662 1136 1723 inquit,
1160 1661 1282 1721 vulpi
1307 1661 1371 1705 illi
1387 1663 1418 1706 ³.
1449 1681 1468 1703 »
1498 1665 1589 1706 Rex
1613 1662 1688 1722 qui
1710 1661 1853 1705 nemi·
1904 1678 1907 1694 ὲ

461 1749 563 1778 nem
580 1734 811 1779 hominum
824 1735 962 1789 timet,
982 1735 1072 1793 ipse
1093 1733 1246 1793 vulpes
1259 1749 1348 1777 non
1368 1742 1429 1776 est
1448 1751 1456 1777 z
1476 1732 1544 1776 leo
1570 1732 1640 1776 ille
1658 1731 1713 1776 de
1735 1731 1855 1776 tribu
1904 1763 1907 1775 1

463 1805 594 1860 Juda,
621 1805 691 1849 cui
715 1804 874 1849 dicitur
896 1824 905 1850 :
924 1824 943 1847 «
959 1803 1201 1849 Ascendisti
1223 1803 1503 1858 recumbens,
1528 1802 1725 1847 dormisti
1743 1803 1856 1847 sicut

467 1895 488 1916 »
523 1876 592 1920 leo
608 1877 638 1918 ⁴.
663 1894 683 1917 »
718 1880 933 1920 Potestate
961 1874 1214 1930 ascendisti,
1252 1883 1464 1934 potestate
1497 1873 1720 1931 dormisti,
1754 1872 1857 1932 quia
1903 1911 1906 1927 ‚

465 1947 669 2002 voluisti,
695 1947 907 1991 dormisti.
932 1946 1036 1990 Ideo
1059 1946 1104 1989 in
1127 1945 1210 1990 alio
1234 1944 1404 1990 Psalmo
1421 1944 1526 1989 dicit
1553 1963 1562 1989 z
1592 1963 1612 1987 «
1637 1947 1730 2003 Ego
1753 1942 1857 1988 dor·
1903 1949 1926 1976 J·

471 2036 491 2059 »
527 2017 644 2060 mivi.
665 2036 684 2058 n
706 2020 860 2062 Nonne
884 2016 1010 2076 plena
1031 2025 1124 2060 erat
1144 2016 1357 2060 sententia
1378 2034 1386 2059 :
1413 2034 1432 2057 «
1450 2014 1660 2069 Dormivi,
1681 2023 1724 2058 et
1737 2029 1856 2058 som·
1923 2043 1926 2045 -

470 2109 490 2132 n
528 2103 636 2132 num
666 2087 788 2148 cepi,
824 2097 867 2131 et
899 2087 1121 2143 exurrexi,
1169 2087 1376 2147 quoniam
1409 2085 1618 2129 Dominus
1655 2085 1858 2144 suscipiet

470 2180 491 2202 »
527 2161 652 2204 me⁵P
672 2177 691 2200 »
724 2163 864 2212 Quare
887 2157 1086 2202 additum
1116 2167 1178 2201 est
1205 2177 1214 2202 ε
1251 2158 1409 2215 «Εςοὲ
1436 2175 1455 2197 »
1486 2159 1665 2200 Etcum
1698 2170 1857 2213 magno

1909 144 1926 176 ·ι

1908 178 1926 234 i!

469 2231 662 2291 pondere
692 2227 1068 2289 pronuntiandum
1091 2238 1154 2273 est
1180 2248 1188 2273 :
1220 2231 1366 2286 «Ego,
1403 2229 1496 2285 Ego
1518 2226 1758 2271 dormivi.»
1790 2225 1859 2270 Illi

471 2302 704 2346 saevierunt
720 2335 730 2353 ,
755 2299 814 2343 illi
836 2300 1048 2359 persecuti
1064 2308 1164 2343 sunt
1185 2318 1193 2342 :
1220 2297 1296 2342 sed
1317 2299 1350 2342 si
1370 2297 1601 2342 noluissem
1614 2333 1624 2353 ,
1645 2313 1733 2341 non
1752 2296 1860 2341 dor-

473 2372 660 2416 missem.
691 2373 814 2427 «Ego
848 2369 1047 2414 dormivi.
1074 2388 1093 2411 »
1124 2372 1240 2428 Ergo
1273 2369 1327 2412 de
1355 2369 1515 2429 quibus
1540 2368 1708 2413 dictum
1729 2377 1821 2412 erat
1845 2387 1855 2412 :

477 2464 498 2486 «
533 2448 679 2488 Partes
701 2441 899 2501 vulpium
922 2450 1077 2498 erunt3
1105 2459 1124 2481 n
1147 2441 1283 2484 dehis
1301 2455 1419 2484 nunc
1439 2439 1606 2484 dictum
1628 2449 1691 2483 est
1712 2458 1721 2484 :
1750 2458 1769 2481 «
1788 2439 1860 2482 Di·
1900 2475 1901 2479 ,
1922 2439 1926 2479 i

475 2536 496 2559 »
533 2517 763 2576 ripuerunt
784 2529 883 2558 eum
906 2529 1055 2558 omnes
1078 2521 1349 2557 transcuntes
1372 2512 1485 2556 viam
1502 2547 1512 2567 ,
1541 2510 1681 2556 sactus
1703 2520 1766 2555 est
1785 2525 1860 2569 op·

523 2611 531 2626 ¹
555 2605 648 2635 Rom.
665 2612 707 2642 xi,
727 2609 780 2632 21.
802 2617 843 2622 —-
863 2606 876 2622 ²
892 2599 974 2631 Psal.
997 2609 1074 2641 Liui,
1098 2609 1150 2630 11.
1171 2615 1211 2620 —
1233 2595 1246 2620 3
1261 2599 1339 2630 Luc.
1361 2607 1432 2644 xm,
1451 2596 1503 2629 31.
1530 2613 1568 2619 —-
1587 2594 1603 2626 4
1621 2597 1702 2628 Gen.
1722 2605 1806 2636 xnx,
1821 2604 1855 2636 9.

475 2677 516 2683 ——
540 2657 556 2682 5
574 2657 654 2690 psal.
681 2668 725 2698 iu,
748 2655 781 2687 6.
