1926 3339
465 363 546 400 368
900 374 932 399 s.
971 372 1055 399 Auo
1065 373 1201 399 nstrum
1235 373 1416 398 Erlseom

464 438 666 497 possidet.
684 436 754 480 Ad
771 436 853 480 1100
876 435 1095 495 profertur
1117 436 1172 479 ad
1193 436 1377 480 alterum
1395 434 1465 478 illa
1487 435 1707 495 iniquitas.
1729 438 1843 493 Ergo

461 509 663 568 iniquitas
686 517 759 551 tua
783 507 922 551 alieno
945 507 1115 565 corpori
1136 516 1279 562 nocet,
1305 516 1382 550 tuo
1406 505 1549 550 animo
1572 521 1662 550 non
1689 508 1847 551 nocet?

523 582 579 622 II.
597 580 756 622 Contra
780 577 904 620 istam
925 576 1162 635 simplicem
1179 592 1463 636 veracemque
1476 575 1718 620 doctrinam
1734 611 1744 631 ,
1760 592 1859 636 qua·

460 649 705 693 insinuatur
720 646 968 691 hominibus
989 646 1114 690 bonis
1131 681 1142 701 ‚
1167 656 1217 690 ut
1243 647 1379 705 ipsam
1397 646 1607 706 justitiam
1631 646 1816 704 diligant
1831 681 1843 702 ‚

462 730 504 763 et
523 735 573 762 ex
595 734 642 762 ea
666 717 833 776 placere
852 720 940 760 Deo
961 716 1098 760 velint
1115 751 1126 772 ‚
1169 717 1224 760 ab
1245 715 1320 760 illo
1348 716 1596 775 intelligant
1616 716 1714 761 luce
1736 733 1847 777 qua—

460 791 561 834 dam
581 788 845 845 intelligibili
866 786 1072 846 perfundi
1092 787 1280 832 animam
1303 803 1421 831 suam
1441 823 1451 842 ,
1487 797 1537 832 ut
1558 786 1717 832 faciant
1731 790 1849 848 justa

452 875 590 919 opera
607 894 617 913 ‚
643 869 687 903 et
707 858 827 902 illam
844 858 989 902 lucem
1011 858 1230 917 sapientiae
1255 859 1456 902 omnibus
1485 875 1584 918 quae
1613 859 1658 902 in
1687 858 1847 903 saeculo

459 929 701 989 diliguntur
723 938 981 988 praeponant
1011 948 1019 973 :
1037 938 1186 973 contra
1204 928 1329 972 istam
1345 927 1583 973 doctrinam
1601 927 1703 973 talia
1724 944 1849 972 mur-

460 1016 584 1044 mura
607 1010 707 1044 sunt
731 1000 958 1044 hominum
979 1016 989 1050 3
1030 1008 1073 1043 et
1101 999 1135 1042 si
1157 1014 1247 1043 non
1271 998 1518 1058 procedunt
1546 999 1592 1042 in
1610 1014 1736 1054 voce,
1774 1015 1848 1043 ro-

458 1071 624 1115 duntur
636 1071 681 1114 in
693 1069 961 1123 corde.Quid
973 1085 1073 1127 ergo
1087 1070 1263 1113 dicunt?
1278 1072 1387 1113 Vere
1401 1068 1637 1128 placiturus
1651 1084 1746 1112 sum
1757 1072 1847 1114 Deo

458 1156 535 1200 per
541 1141 751 1201 justitiam
767 1142 866 1184 Paut
878 1140 982 1199 justi
1001 1139 1063 1182 illi
1078 1139 1252 1198 placent
1267 1175 1277 1195 ‚
1299 1140 1379 1183 sub
1402 1141 1524 1200 cujus
1547 1139 1726 1199 imperio
1746 1139 1848 1183 mali

458 1212 645 1255 florent?
665 1214 800 1255 Tanta
818 1210 930 1253 mala
952 1210 1254 1265 committunt,
1279 1220 1322 1253 et
1343 1210 1451 1254 nihil
1473 1209 1554 1254 illis
1567 1211 1710 1255 evenit
1725 1209 1843 1253 mali.

458 1286 547 1325 Aut
564 1283 597 1325 si
620 1280 734 1325 forte
755 1281 899 1324 evenit
916 1281 1084 1340 aliquid
1102 1279 1204 1324 mali
1222 1300 1230 1325 z
1249 1280 1354 1340 quid
1368 1282 1446 1324 tibi
1464 1280 1616 1325 dicunt
1638 1280 1724 1336 illi,
1746 1296 1848 1324 cum

456 1353 515 1395 eis
536 1352 719 1411 coeperis
742 1351 884 1396 dicere
901 1387 912 1406 ,
935 1354 1047 1395 Ecce
1065 1360 1229 1411 quanta
1252 1349 1357 1395 fecit
1380 1351 1515 1406 mala,
1541 1351 1765 1411 quomodo
1786 1350 1848 1395 illi

456 1422 676 1466 redditum
695 1432 779 1477 est,
801 1421 976 1482 qualem
1007 1422 1171 1466 exitum
1192 1423 1373 1466 habuit?
1395 1423 1617 1482 Incipiunt
1643 1421 1703 1465 illi
1726 1422 1847 1481 cogi-

458 1503 549 1537 tare
573 1495 711 1553 justos
737 1494 897 1554 quibus
925 1493 1039 1538 mala
1069 1504 1331 1549 evenerunt,
1358 1504 1401 1538 et
1429 1503 1660 1553 opponunt
1686 1493 1814 1537 nobis
1831 1528 1842 1546 ,

455 1573 499 1608 et
516 1564 669 1609 dicunt
687 1600 699 1620 ‚
729 1565 771 1609 Si
791 1564 853 1608 illi
877 1577 1100 1624 propterea
1123 1565 1224 1609 mali
1247 1564 1415 1625 aliquid
1436 1564 1593 1608 accidit
1608 1599 1618 1619 ‚
1644 1564 1746 1623 quia
1767 1563 1846 1607 ini-

455 1650 568 1693 quus
591 1635 674 1679 fuit
689 1670 700 1689 ‚
722 1634 784 1678 illi
798 1651 931 1695 quare
947 1634 1126 1690 accidit,
1143 1636 1219 1696 qui
1234 1645 1321 1679 tam
1338 1636 1453 1695 juste
1474 1635 1613 1679 vixit?
1635 1634 1719 1687 Qui
1737 1633 1847 1678 elee-

452 1721 655 1762 mosynas
679 1715 817 1750 tantas
840 1704 963 1760 fecit,
991 1706 1066 1766 qui
1093 1716 1183 1750 tam
1200 1705 1340 1750 multa
1359 1707 1475 1750 bona
1499 1714 1701 1764 operatus
1721 1705 1846 1749 estin

453 1776 643 1820 Ecclesia
663 1811 673 1830 ‚
699 1792 832 1835 quare
852 1776 983 1820 talem
1004 1785 1162 1820 sortem
1178 1777 1368 1821 invenit?
1382 1792 1516 1837 quare
1535 1774 1664 1820 talem
1681 1776 1845 1820 exitum

450 1846 634 1900 habuit,
660 1846 834 1906 qualem
868 1846 940 1889 ille
962 1847 1095 1890 homo
1128 1847 1203 1906 qui
1232 1846 1371 1890 multa
1401 1847 1552 1906 iniqua
1581 1846 1844 1890 commissit?

451 1915 519 1959 Ad
535 1916 619 1960 1100
642 1926 787 1960 autem
800 1916 880 1960 ista
903 1916 1055 1960 dicunt
1073 1951 1084 1971 ‚
1110 1926 1159 1960 ut
1183 1916 1413 1961 ostendant
1435 1932 1479 1960 se
1508 1926 1736 1977 propterea
1754 1932 1844 1960 non

450 1984 591 2030 facere
614 1986 727 2030 male
741 2021 751 2040 ,
778 1988 881 2046 (11113
898 2002 987 2030 11011
1003 1996 1185 2046 possunt
1199 2023 1210 2042 ,
1230 1997 1306 2031 aut
1319 1988 1420 2048 quia
1435 2004 1521 2032 non
1539 1988 1717 2032 audent.
1733 1990 1843 2032 Nam

449 2057 558 2117 quid
580 2057 684 2101 velit
706 2073 802 2112 cor,-
821 2057 970 2116 lingua
990 2067 1187 2102 testatur.
1214 2061 1270 2102 Et
1290 2059 1469 2119 quidem
1493 2059 1658 2103 etiamsi
1691 2057 1843 2117 lingua

432 2128 771 2179 ‘obmutesceret
790 2163 800 2183 ,
838 2137 881 2171 et
916 2130 1006 2188 ipsa
1033 2129 1187 2173 timore
1222 2144 1488 2188 compressa,
1525 2133 1638 2174 Deus
1676 2128 1842 2173 videret

448 2199 563 2242 intus
582 2199 689 2259 quid
707 2199 915 2257 cogitaret
930 2200 1062 2243 homo
1074 2235 1084 2254 ,
1102 2199 1268 2243 etiamsi
1280 2200 1413 2244 alium
1428 2201 1652 2264 hominem
1668 2200 1836 2245 lateret.

450 2270 615 2313 Tacitas
638 2285 737 2327 ergo
756 2270 1035 2327 cogitationes
1051 2270 1278 2314 hominum
1294 2270 1398 2315 tales
1413 2306 1423 2325 ,
1446 2281 1521 2315 aut
1538 2272 1667 2325 etiam
1691 2286 1840 2315 erum-

447 2349 598 2398 pentes
636 2341 682 2383 in
704 2340 836 2384 verba
872 2340 941 2384 vel
963 2340 1098 2396 facta,
1125 2350 1249 2385 curat
1279 2342 1357 2385 iste
1396 2342 1616 2397 Psalmus5
1642 2342 1677 2386 si
1698 2342 1840 2386 curari

446 2410 597 2454 velint.
623 2411 860 2454 Intendant
877 2426 979 2469 ergo
994 2446 1004 2465 ‚
1031 2420 1074 2454 et
1096 2421 1317 2455 curentur.
1346 2415 1491 2472 Atque
1508 2412 1677 2456 utinam
1697 2412 1743 2455 in
1757 2414 1837 2456 hac

446 2481 730 2526 multitudine
766 2491 877 2536 tota,
915 2498 1015 2541 quae
1045 2498 1163 2525 nunc
1187 2491 1250 2526 est
1275 2482 1388 2526 inter
1424 2484 1526 2526 istos
1556 2482 1760 2542 parietes,
1794 2491 1838 2526 et

445 2550 567 2594 audit
590 2567 666 2610 per
697 2567 775 2595 nos
803 2551 985 2595 verbum
1023 2552 1219 2607 Domini,
1252 2551 1372 2596 nulla
1410 2553 1496 2596 sint
1524 2552 1624 2596 talia
1653 2552 1835 2596 vulnera

445 2638 544 2682 quae
560 2631 770 2666 curentur
791 2642 799 2666 :
826 2624 995 2666 utinam
1011 2622 1130 2666 nulla
1152 2623 1250 2666 sint.
1277 2626 1373 2668 Non
1402 2632 1547 2667 tamen
1570 2639 1659 2667 rem
1683 2638 1836 2683 super-

445 2693 578 2738 ssuam
596 2692 774 2737 facimus
789 2693 930 2738 dicere
955 2712 964 2739 ε
991 2694 1022 2737 si
1040 2692 1160 2738 nulla
1184 2693 1245 2737 ibi
1263 2703 1364 2737 sunt
1382 2693 1577 2739 vulnera.
1606 2696 1834 2738 Instruan-

1916 1045 1921 1060 ⁴·
1915 935 1926 1037 vta-»3-
1916 863 1926 930 anm„
1916 514 1926 857 mame-22
1918 350 1926 510 *zm-*2:2²
1920 334 1926 341 :
1919 274 1926 316 r-

1910 1271 1926 1599 -““-.-ν,--.-,.-..
1914 1213 1920 1255 —-
1914 1154 1922 1190 -u
1914 1066 1926 1138 ..ῑτ
