1926 3339
358 310 601 341 ENARRATm
633 313 677 339 m
710 310 913 340 PsALMUM
947 311 1129 338 Lxxxw.
1349 301 1432 339 223

41 379 381 424 fundamentum
395 376 703 437 Apostolorum
716 384 760 420 et
773 376 1090 435 Prophetarum
1108 377 1138 429 ¹,
1153 374 1247 433 ipso
1264 390 1435 420 summo

41 448 237 509 angulari
257 447 404 508 lapide
437 447 647 491 existente
674 466 683 492 :
709 447 810 507 quia
833 465 853 487 «
880 446 1030 504 Diligit
1058 445 1270 489 Dominus
1291 454 1437 503 portas

44 539 64 561 u
104 520 206 565 Sion
224 535 354 578 super
378 519 522 562 omnia
549 516 831 562 tabernacula
864 518 889 560 J
893 516 1022 560 acob.
1051 533 1072 555 n
1104 515 1236 568 Quasi
1271 530 1375 559 vero
1397 523 1440 557 et

42 591 133 650 ipsa
147 590 249 635 Sion
265 605 355 634 non
368 590 480 632 inter
499 586 779 633 tabernacula
793 586 947 631 Jacob.
963 587 1020 629 Et
1035 585 1113 628 ubi
1134 593 1225 628 erat
1241 584 1343 629 Sion
1355 584 1436 628 nisi

44 660 89 705 in
107 659 272 719 populo
291 659 459 703 Jacob?
483 658 620 703 Jacob
637 658 755 702 enim
776 672 911 716 nepos
932 655 1142 710 Abrahae,
1168 654 1287 698 unde
1308 664 1438 698 natus

47 729 235 791 populus
252 733 275 774 J
281 729 506 775 udaeorum
524 764 536 784 ‚
562 727 721 773 dicitur
736 727 927 788 populus
950 725 1104 780 Israel,
1129 725 1233 785 quia
1253 726 1344 785 ipse
1361 728 1438 769 Ja-

50 802 132 848 cob
162 800 404 861 appellatus
433 810 496 845 est
517 809 562 844 et
586 799 760 844 Israew.
798 802 902 843 Haec
939 798 1051 842 bene
1075 797 1196 841 novit
1226 796 1440 841 Sanctitas

51 875 216 917 Vestra.
240 871 325 916 Sed
337 871 440 931 quia
465 879 588 914 erant
609 869 811 929 quaedam
834 867 1113 912 tabernacula
1130 866 1385 926 temporalia
1399 876 1442 910 et

49 941 300 1000 imaginaria
315 961 326 998 3
345 941 542 1000 loquitur
559 949 707 983 autem
722 940 801 982 iste
818 938 873 982 de
890 937 1063 982 civitate
1080 938 1269 997 quadam
1282 971 1292 990 ‚
1310 952 1443 996 quam

53 1011 302 1071 spiritaliter
312 1010 528 1067 intelligit,
544 1011 668 1069 cujus
682 1008 836 1052 umbra
848 1017 892 1052 et
908 1008 1046 1066 figura
1060 1016 1150 1050 erat
1161 1006 1235 1050 illa
1246 1015 1415 1050 terrena
1430 1024 1440 1050 z

15 1089 17 1092 ⁴
55 1082 129 1136 ait,
149 1099 170 1122 «
185 1080 332 1139 Diligit
345 1080 554 1124 Dominus
568 1088 714 1139 portas
734 1079 836 1123 Sion
854 1093 984 1137 super
1007 1077 1153 1122 omnia
1164 1074 1444 1120 tabernacula

59 1171 79 1194 n
115 1151 266 1195 Jacob.
297 1169 316 1192 »
341 1150 489 1209 Diligit
508 1149 628 1194 illam
654 1148 888 1208 spiritalem
912 1148 1129 1192 civitatem
1151 1162 1280 1206 super
1302 1145 1447 1190 omnia

57 1224 260 1280 figurata,
281 1221 439 1281 quibus
461 1220 745 1264 intimabatur
766 1218 840 1263 illa
873 1219 1021 1262 civitas
1042 1233 1211 1278 semper
1234 1231 1414 1261 manens
1432 1250 1443 1271 ‚

59 1301 103 1336 et
122 1307 290 1351 semper
309 1291 495 1335 coelestis
518 1291 563 1334 in
585 1305 707 1350 pace.

119 1365 192 1406 VI.
224 1381 244 1403 «
269 1361 464 1406 Gloriosa
485 1360 599 1405 dicta
621 1368 724 1404 sunt
740 1359 795 1403 de
816 1368 859 1402 te
878 1394 889 1414 ‚
915 1359 1058 1403 civitas
1078 1359 1167 1402 Dei.
1194 1377 1213 1399 »
1239 1358 1369 1411 Quasi
1387 1357 1449 1400 in-

62 1435 267 1479 tuebatur
289 1434 505 1479 civitatem
539 1432 661 1476 illam
684 1431 922 1476 Jerusalem
946 1431 992 1474 in
1013 1440 1141 1474 terra.
1166 1433 1274 1476 Nam
1306 1429 1450 1473 videte
1475 1473 1480 1479 ,

61 1521 195 1565 quam
216 1505 435 1549 civitatem
457 1504 564 1548 dicit
579 1539 589 1558 ⁷
615 1503 669 1547 de
693 1519 780 1563 qua
810 1502 926 1546 dicta
949 1511 1052 1546 sunt
1068 1502 1270 1561 quaedam
1289 1501 1450 1559 glorio-

64 1579 242 1624 sissima.
266 1580 375 1623 Nam
392 1577 465 1621 illa
487 1576 706 1620 destructa
729 1585 792 1619 est
813 1575 859 1619 in
880 1590 1006 1629 terra,
1030 1576 1174 1619 hostes
1196 1590 1318 1634 passa
1336 1574 1451 1618 ceci-

65 1648 130 1693 dit
146 1649 191 1692 in
214 1657 387 1703 terram⁷
402 1648 492 1708 jam
511 1663 599 1691 non
618 1655 682 1690 est
697 1647 818 1706 quod
842 1655 934 1689 erat
951 1665 959 1690 ε
977 1646 1181 1704 expressit
1199 1645 1449 1704 imaginem,

68 1719 263 1763 transivit
284 1719 453 1762 umbra.
476 1716 602 1762 Unde
618 1717 772 1776 igitur,
800 1736 819 1758 «
844 1715 1039 1761 Gloriosa
1062 1715 1177 1759 dicta
1196 1724 1299 1759 sunt
1321 1714 1375 1759 de
1393 1724 1450 1769 te,

72 1808 93 1831 »
127 1789 276 1834 civitas
298 1789 405 1833 Dei?
423 1807 443 1829 n
470 1787 586 1832 Audi
603 1786 720 1830 unde
739 1807 748 1831 ε
778 1789 985 1831 «Memor
1007 1801 1080 1829 ero
1104 1785 1225 1829 Raab
1247 1794 1290 1829 et
1309 1785 1456 1842 Baby-

73 1879 92 1902 »
127 1859 238 1904 lonis
253 1895 263 1915 ‚
284 1859 520 1904 scientibus
537 1860 648 1902 me3.
676 1876 697 1899 n
723 1861 775 1901 In
797 1857 871 1901 illa
893 1857 1088 1911 civitate,
1110 1857 1279 1917 inquit,
1299 1857 1389 1916 jam
1407 1871 1458 1899 ex.

71 1947 255 1992 persona
277 1932 355 1975 Dei
373 1967 385 1986 ‚
408 1946 576 1975 memor
597 1946 671 1974 ero
693 1929 838 1984 Raab,
859 1938 902 1973 et
922 1945 1089 1973 memor
1111 1945 1184 1972 ero
1206 1928 1455 1986 Babylonis.

73 2003 195 2047 Raab
228 2017 317 2046 non
356 2001 545 2061 pertinet
584 2000 640 2044 ad
678 1999 893 2059 populum
931 1999 1186 2043 Judaeorum
1215 2020 1225 2056 3
1264 1997 1461 2056 Babylon

74 2090 164 2118 non
193 2073 382 2133 pertinet
415 2071 470 2116 ad
504 2071 720 2132 populum
764 2070 1033 2116 Judaeorum.
1073 2073 1181 2115 Nam
1227 2070 1423 2130 sequitur
1450 2088 1459 2113 ε

78 2164 100 2188 «
132 2144 314 2188 Etenim
337 2143 589 2201 alienigenae
621 2152 664 2187 et
703 2145 842 2200 Tyrus
871 2151 914 2186 et
949 2141 1139 2202 populus
1172 2142 1458 2200 AEthiopum‚

79 2233 100 2258 »
134 2215 181 2259 hi
212 2213 394 2259 fuerunt
420 2214 497 2257 ibi.
526 2232 546 2255 »
570 2213 729 2258 Merito
745 2248 755 2268 ‚
787 2211 1022 2257 «Gloriosa
1049 2213 1164 2256 dicta
1193 2221 1294 2255 sunt
1315 2211 1370 2255 de
1393 2221 1435 2255 te
1453 2246 1463 2266 ,

82 2305 103 2329 υ
137 2287 286 2331 civitas
304 2286 409 2331 Dei:
437 2304 457 2327 »
484 2286 561 2329 ubi
581 2301 670 2329 non
693 2285 808 2329 solus
831 2294 894 2328 est
913 2283 987 2328 ille
1002 2284 1191 2344 populus
1215 2283 1468 2327 Judaeorum

81 2367 209 2402 natus
230 2373 283 2401 ex
306 2372 435 2401 carne
472 2356 681 2411 Abrahae,
716 2355 792 2399 sed
813 2355 875 2398 ibi
904 2369 1052 2398 omues
1083 2363 1256 2413 gentes,
1283 2369 1470 2413 quarum

83 2429 285 2490 quaedam
307 2429 542 2473 nominatae
565 2437 682 2483 sunt,
702 2436 753 2470 ut
771 2442 920 2471 omnes
937 2425 1252 2484 intelligantur.
1273 2429 1471 2470 «Memor

87 2517 109 2542 »
143 2515 238 2555 ero⁷
262 2499 429 2559 inquit,
449 2498 573 2542 Raab
596 2517 604 2542 ε
632 2516 652 2539 »
679 2513 778 2558 quae
800 2497 880 2541 ista
904 2506 967 2540 est
988 2497 1190 2540 meretrix
1206 2531 1216 2551 ‚
1239 2495 1310 2539 illa
1333 2497 1377 2540 in
1401 2499 1474 2540 Je—

85 2570 174 2616 rico
205 2569 432 2625 meretrix,
465 2585 565 2629 quae
585 2569 772 2628 suscepit
800 2568 977 2612 nuntios
995 2603 1006 2623 ,
1037 2576 1080 2611 et
1102 2567 1183 2611 alia
1219 2568 1288 2612 via
1310 2568 1464 2628 ejecit3

139 2663 147 2679 ¹
168 2655 284 2699 Ephes.
304 2666 340 2698 ιι,
354 2664 408 2688 20.
428 2671 470 2678 —
490 2661 503 2678 ²
520 2656 600 2687 Gen.
620 2665 723 2696 xxxn,
742 2653 797 2686 28.
818 2671 859 2677 —
875 2651 888 2676 3
909 2652 993 2686 Psal.
1012 2664 1141 2695 Lxxxw,
1160 2653 1192 2694 3,
1210 2652 1243 2695 4.
