<?xml version="1.0" encoding="UTF-8"?>
<!DOCTYPE html PUBLIC "-//W3C//DTD XHTML 1.0 Transitional//EN"
    "http://www.w3.org/TR/xhtml1/DTD/xhtml1-transitional.dtd">
<html xmlns="http://www.w3.org/1999/xhtml" xml:lang="en" lang="en">
 <head>
  <title>
</title>
<meta http-equiv="Content-Type" content="text/html;charset=utf-8" />
  <meta name='ocr-system' content='tesseract 3.04.00' />
  <meta name='ocr-capabilities' content='ocr_page ocr_carea ocr_par ocr_line ocrx_word'/>
</head>
<body>
  <div class='ocr_page' id='page_1' title='image "./operaomniaaccura10auguuoft_0548.png"; bbox 0 0 1926 3339; ppageno 0'>
   <div class='ocr_carea' id='block_1_1' title="bbox 457 268 1412 308">
    <p class='ocr_par' dir='ltr' id='par_1_1' title="bbox 457 268 1412 308">
     <span class='ocr_line' id='line_1_1' title="bbox 457 268 1412 308; baseline -0.008 0"><span class='ocrx_word' id='word_1_1' title='bbox 457 268 539 308; x_wconf 77' lang='lat'>448</span> <span class='ocrx_word' id='word_1_2' title='bbox 901 275 935 304; x_wconf 82' lang='lat' dir='ltr'>s.</span> <span class='ocrx_word' id='word_1_3' title='bbox 970 274 1201 303; x_wconf 76' lang='lat' dir='ltr'>AUGUSTINI</span> <span class='ocrx_word' id='word_1_4' title='bbox 1233 274 1412 302; x_wconf 70' lang='lat' dir='ltr'>nmscom</span> 
     </span>
    </p>
   </div>
   <div class='ocr_carea' id='block_1_2' title="bbox 453 338 1843 687">
    <p class='ocr_par' dir='ltr' id='par_1_2' title="bbox 453 338 1843 687">
     <span class='ocr_line' id='line_1_2' title="bbox 453 338 1837 401; baseline -0.006 -12"><span class='ocrx_word' id='word_1_5' title='bbox 453 345 570 390; x_wconf 90' lang='lat' dir='ltr'>missi</span> <span class='ocrx_word' id='word_1_6' title='bbox 591 359 681 388; x_wconf 91' lang='lat' dir='ltr'>non</span> <span class='ocrx_word' id='word_1_7' title='bbox 702 350 839 398; x_wconf 87' lang='lat' dir='ltr'>erant,</span> <span class='ocrx_word' id='word_1_8' title='bbox 860 340 1055 401; x_wconf 82' lang='lat' dir='ltr'>Apostoli</span> <span class='ocrx_word' id='word_1_9' title='bbox 1073 340 1188 384; x_wconf 87' lang='lat' dir='ltr'>missi</span> <span class='ocrx_word' id='word_1_10' title='bbox 1207 348 1320 384; x_wconf 90' lang='lat' dir='ltr'>sunt.</span> <span class='ocrx_word' id='word_1_11' title='bbox 1347 339 1520 393; x_wconf 81' lang='lat' dir='ltr'>Quaesiti</span> <span class='ocrx_word' id='word_1_12' title='bbox 1534 346 1636 383; x_wconf 89' lang='lat' dir='ltr'>sunt</span> <span class='ocrx_word' id='word_1_13' title='bbox 1653 338 1729 399; x_wconf 88' lang='lat' dir='ltr'>qui</span> <span class='ocrx_word' id='word_1_14' title='bbox 1747 353 1837 383; x_wconf 89' lang='lat' dir='ltr'>non</span> 
     </span>
     <span class='ocr_line' id='line_1_3' title="bbox 454 409 1840 477; baseline -0.006 -17"><span class='ocrx_word' id='word_1_15' title='bbox 454 415 735 477; x_wconf 72' lang='lat' dir='ltr'>quaesierant,</span> <span class='ocrx_word' id='word_1_16' title='bbox 766 413 930 457; x_wconf 86' lang='lat' dir='ltr'>inventi</span> <span class='ocrx_word' id='word_1_17' title='bbox 966 420 1066 455; x_wconf 84' lang='lat' dir='ltr'>sunt</span> <span class='ocrx_word' id='word_1_18' title='bbox 1099 411 1175 470; x_wconf 89' lang='lat' dir='ltr'>qui</span> <span class='ocrx_word' id='word_1_19' title='bbox 1209 409 1318 454; x_wconf 88' lang='lat' dir='ltr'>nihil</span> <span class='ocrx_word' id='word_1_20' title='bbox 1348 410 1633 469; x_wconf 79' lang='lat' dir='ltr'>expectabant</span> <span class='ocrx_word' id='word_1_21' title='bbox 1666 429 1674 454; x_wconf 90' lang='lat'>:</span> <span class='ocrx_word' id='word_1_22' title='bbox 1707 424 1840 469; x_wconf 87' lang='lat' dir='ltr'>quem</span> 
     </span>
     <span class='ocr_line' id='line_1_4' title="bbox 454 479 1841 541; baseline -0.005 -10"><span class='ocrx_word' id='word_1_23' title='bbox 454 503 544 531; x_wconf 90' lang='lat' dir='ltr'>non</span> <span class='ocrx_word' id='word_1_24' title='bbox 563 485 770 530; x_wconf 86' lang='lat' dir='ltr'>tenebant</span> <span class='ocrx_word' id='word_1_25' title='bbox 791 488 926 526; x_wconf 90' lang='lat' dir='ltr'>Deum</span> <span class='ocrx_word' id='word_1_26' title='bbox 945 481 1293 541; x_wconf 77' lang='lat' dir='ltr'>pollicitatorem,</span> <span class='ocrx_word' id='word_1_27' title='bbox 1315 481 1578 525; x_wconf 88' lang='lat' dir='ltr'>invenerunt</span> <span class='ocrx_word' id='word_1_28' title='bbox 1592 479 1841 539; x_wconf 89' lang='lat' dir='ltr'>redempto-</span> 
     </span>
     <span class='ocr_line' id='line_1_5' title="bbox 454 551 1837 610; baseline -0.006 -9"><span class='ocrx_word' id='word_1_29' title='bbox 454 572 561 601; x_wconf 87' lang='lat' dir='ltr'>rem.</span> <span class='ocrx_word' id='word_1_30' title='bbox 598 557 695 599; x_wconf 88' lang='lat' dir='ltr'>Jam</span> <span class='ocrx_word' id='word_1_31' title='bbox 726 553 841 596; x_wconf 90' lang='lat' dir='ltr'>enim</span> <span class='ocrx_word' id='word_1_32' title='bbox 880 551 1022 595; x_wconf 78' lang='lat' dir='ltr'>Judaei</span> <span class='ocrx_word' id='word_1_33' title='bbox 1055 551 1266 595; x_wconf 89' lang='lat' dir='ltr'>tenebant</span> <span class='ocrx_word' id='word_1_34' title='bbox 1299 554 1437 594; x_wconf 86' lang='lat' dir='ltr'>Deum</span> <span class='ocrx_word' id='word_1_35' title='bbox 1479 551 1837 610; x_wconf 81' lang='lat' dir='ltr'>pollicitatorem,</span> 
     </span>
     <span class='ocr_line' id='line_1_6' title="bbox 457 620 1843 687; baseline -0.005 -17"><span class='ocrx_word' id='word_1_36' title='bbox 457 627 560 687; x_wconf 81' lang='lat' dir='ltr'>quia</span> <span class='ocrx_word' id='word_1_37' title='bbox 576 624 636 668; x_wconf 85' lang='lat' dir='ltr'>ibi</span> <span class='ocrx_word' id='word_1_38' title='bbox 656 623 886 682; x_wconf 85' lang='lat' dir='ltr'>Prophetae</span> <span class='ocrx_word' id='word_1_39' title='bbox 907 622 1129 666; x_wconf 85' lang='lat' dir='ltr'>Christum</span> <span class='ocrx_word' id='word_1_40' title='bbox 1150 620 1511 680; x_wconf 71' lang='lat' dir='ltr'>praedicaverant,</span> <span class='ocrx_word' id='word_1_41' title='bbox 1536 621 1597 664; x_wconf 89' lang='lat' dir='ltr'>ibi</span> <span class='ocrx_word' id='word_1_42' title='bbox 1619 620 1843 665; x_wconf 86' lang='lat' dir='ltr'>Christum</span> 
     </span>
    </p>
   </div>
   <div class='ocr_carea' id='block_1_3' title="bbox 1905 55 1914 525">
    <p class='ocr_par' dir='ltr' id='par_1_3' title="bbox 1905 55 1914 525">
     <span class='ocr_line' id='line_1_7' title="bbox 1905 55 1914 525; textangle 90"><span class='ocrx_word' id='word_1_43' title='bbox 1910 516 1913 525; x_wconf 80' lang='grc'>..</span> <span class='ocrx_word' id='word_1_44' title='bbox 1909 474 1914 497; x_wconf 58' lang='lat'>1.-</span> <span class='ocrx_word' id='word_1_45' title='bbox 1907 330 1913 467; x_wconf 44' lang='grc' dir='ltr'><strong>,φ-.-.ύν-</strong></span> <span class='ocrx_word' id='word_1_46' title='bbox 1907 231 1912 322; x_wconf 32' lang='lat' dir='ltr'>...ow-</span> <span class='ocrx_word' id='word_1_47' title='bbox 1906 157 1911 197; x_wconf 46' lang='lat' dir='ltr'>w-</span> <span class='ocrx_word' id='word_1_48' title='bbox 1905 55 1913 151; x_wconf 46' lang='grc' dir='ltr'>...γα-ῃ,</span> 
     </span>
    </p>
   </div>
   <div class='ocr_carea' id='block_1_4' title="bbox 456 691 1916 824">
    <p class='ocr_par' dir='ltr' id='par_1_4' title="bbox 456 691 1916 824">
     <span class='ocr_line' id='line_1_8' title="bbox 456 691 1915 757; baseline -0.003 -17"><span class='ocrx_word' id='word_1_49' title='bbox 456 695 744 757; x_wconf 84' lang='lat' dir='ltr'>promiserant</span> <span class='ocrx_word' id='word_1_50' title='bbox 766 712 774 737; x_wconf 82' lang='lat' dir='ltr'>z</span> <span class='ocrx_word' id='word_1_51' title='bbox 800 693 876 737; x_wconf 90' lang='lat' dir='ltr'>sed</span> <span class='ocrx_word' id='word_1_52' title='bbox 891 708 1023 752; x_wconf 88' lang='lat' dir='ltr'>quem</span> <span class='ocrx_word' id='word_1_53' title='bbox 1042 691 1303 751; x_wconf 90' lang='lat' dir='ltr'>promissum</span> <span class='ocrx_word' id='word_1_54' title='bbox 1327 691 1568 745; x_wconf 80' lang='lat' dir='ltr'>audierant,</span> <span class='ocrx_word' id='word_1_55' title='bbox 1586 699 1846 750; x_wconf 69' lang='lat' dir='ltr'>praesentem</span> <span class='ocrx_word' id='word_1_56' title='bbox 1911 701 1915 736; x_wconf 71' lang='grc' dir='ltr'>ἒ</span> 
     </span>
     <span class='ocr_line' id='line_1_9' title="bbox 459 758 1916 824; baseline -0.007 -13"><span class='ocrx_word' id='word_1_57' title='bbox 459 782 550 811; x_wconf 91' lang='lat' dir='ltr'>non</span> <span class='ocrx_word' id='word_1_58' title='bbox 570 772 878 824; x_wconf 79' lang='lat' dir='ltr'>cognoverant.</span> <span class='ocrx_word' id='word_1_59' title='bbox 912 762 1001 806; x_wconf 92' lang='lat' dir='ltr'>Illis</span> <span class='ocrx_word' id='word_1_60' title='bbox 1023 771 1167 806; x_wconf 90' lang='lat' dir='ltr'>autem</span> <span class='ocrx_word' id='word_1_61' title='bbox 1198 761 1457 820; x_wconf 88' lang='lat' dir='ltr'>promissum</span> <span class='ocrx_word' id='word_1_62' title='bbox 1480 760 1589 804; x_wconf 87' lang='lat' dir='ltr'>nihil</span> <span class='ocrx_word' id='word_1_63' title='bbox 1613 770 1704 804; x_wconf 87' lang='lat' dir='ltr'>erat</span> <span class='ocrx_word' id='word_1_64' title='bbox 1729 779 1738 805; x_wconf 90' lang='lat'><strong>:</strong></span> <span class='ocrx_word' id='word_1_65' title='bbox 1770 758 1847 804; x_wconf 90' lang='lat' dir='ltr'>sed</span> <span class='ocrx_word' id='word_1_66' title='bbox 1912 758 1916 801; x_wconf 74' lang='grc' dir='ltr'><strong><em>ἓ</em></strong></span> 
     </span>
    </p>
   </div>
   <div class='ocr_carea' id='block_1_5' title="bbox 460 830 1848 966">
    <p class='ocr_par' dir='ltr' id='par_1_5' title="bbox 460 830 1848 966">
     <span class='ocr_line' id='line_1_10' title="bbox 460 830 1842 893; baseline -0.005 -12"><span class='ocrx_word' id='word_1_67' title='bbox 460 835 675 881; x_wconf 86' lang='lat' dir='ltr'>tamenin</span> <span class='ocrx_word' id='word_1_68' title='bbox 702 833 930 893; x_wconf 85' lang='lat' dir='ltr'>Prophetis</span> <span class='ocrx_word' id='word_1_69' title='bbox 958 833 1088 877; x_wconf 91' lang='lat' dir='ltr'>etiam</span> <span class='ocrx_word' id='word_1_70' title='bbox 1115 832 1169 876; x_wconf 88' lang='lat' dir='ltr'>de</span> <span class='ocrx_word' id='word_1_71' title='bbox 1196 831 1282 875; x_wconf 85' lang='lat' dir='ltr'>fide</span> <span class='ocrx_word' id='word_1_72' title='bbox 1311 832 1504 891; x_wconf 89' lang='lat' dir='ltr'>ipsorum</span> <span class='ocrx_word' id='word_1_73' title='bbox 1537 830 1705 875; x_wconf 89' lang='lat' dir='ltr'>dictum</span> <span class='ocrx_word' id='word_1_74' title='bbox 1737 839 1842 874; x_wconf 86' lang='lat' dir='ltr'>erat.</span> 
     </span>
     <span class='ocr_line' id='line_1_11' title="bbox 462 902 1848 966; baseline -0.006 -12"><span class='ocrx_word' id='word_1_75' title='bbox 462 912 560 955; x_wconf 91' lang='lat' dir='ltr'>Non</span> <span class='ocrx_word' id='word_1_76' title='bbox 584 908 748 952; x_wconf 89' lang='lat' dir='ltr'>dictum</span> <span class='ocrx_word' id='word_1_77' title='bbox 772 915 864 950; x_wconf 90' lang='lat' dir='ltr'>erat</span> <span class='ocrx_word' id='word_1_78' title='bbox 890 906 1007 966; x_wconf 86' lang='lat' dir='ltr'>ipsis,</span> <span class='ocrx_word' id='word_1_79' title='bbox 1038 904 1114 949; x_wconf 91' lang='lat' dir='ltr'>sed</span> <span class='ocrx_word' id='word_1_80' title='bbox 1142 904 1308 949; x_wconf 89' lang='lat' dir='ltr'>dictum</span> <span class='ocrx_word' id='word_1_81' title='bbox 1339 913 1430 947; x_wconf 84' lang='lat' dir='ltr'>erat</span> <span class='ocrx_word' id='word_1_82' title='bbox 1451 902 1505 947; x_wconf 86' lang='lat' dir='ltr'>de</span> <span class='ocrx_word' id='word_1_83' title='bbox 1527 903 1641 962; x_wconf 83' lang='lat' dir='ltr'>ipsis.</span> <span class='ocrx_word' id='word_1_84' title='bbox 1666 902 1848 947; x_wconf 88' lang='lat' dir='ltr'>Missum</span> 
     </span>
    </p>
   </div>
   <div class='ocr_carea' id='block_1_6' title="bbox 464 972 1867 1034">
    <p class='ocr_par' dir='ltr' id='par_1_6' title="bbox 464 971 1918 1034">
     <span class='ocr_line' id='line_1_12' title="bbox 464 972 1867 1034; baseline -0.006 -10"><span class='ocrx_word' id='word_1_85' title='bbox 464 989 528 1024; x_wconf 90' lang='lat' dir='ltr'>cst</span> <span class='ocrx_word' id='word_1_86' title='bbox 549 988 593 1023; x_wconf 89' lang='lat' dir='ltr'>et</span> <span class='ocrx_word' id='word_1_87' title='bbox 620 977 674 1022; x_wconf 87' lang='lat' dir='ltr'>ad</span> <span class='ocrx_word' id='word_1_88' title='bbox 694 977 791 1021; x_wconf 90' lang='lat' dir='ltr'>illos</span> <span class='ocrx_word' id='word_1_89' title='bbox 808 996 816 1021; x_wconf 94' lang='lat'>:</span> <span class='ocrx_word' id='word_1_90' title='bbox 838 986 881 1020; x_wconf 90' lang='lat' dir='ltr'>et</span> <span class='ocrx_word' id='word_1_91' title='bbox 899 975 1075 1020; x_wconf 88' lang='lat' dir='ltr'>audistis</span> <span class='ocrx_word' id='word_1_92' title='bbox 1092 991 1145 1018; x_wconf 83' lang='lat' dir='ltr'>ex</span> <span class='ocrx_word' id='word_1_93' title='bbox 1162 974 1481 1034; x_wconf 86' lang='lat' dir='ltr'>dispensatione</span> <span class='ocrx_word' id='word_1_94' title='bbox 1499 974 1599 1031; x_wconf 77' lang='lat' dir='ltr'>Dei3</span> <span class='ocrx_word' id='word_1_95' title='bbox 1624 974 1715 1033; x_wconf 90' lang='lat' dir='ltr'>ipsa</span> <span class='ocrx_word' id='word_1_96' title='bbox 1733 972 1867 1016; x_wconf 76' lang='lat' dir='ltr'>enim&#39;</span> 
     </span>
    </p>
   </div>
   <div class='ocr_carea' id='block_1_7' title="bbox 464 1044 1864 2588">
    <p class='ocr_par' dir='ltr' id='par_1_7' title="bbox 464 1044 1860 2093">
     <span class='ocr_line' id='line_1_13' title="bbox 464 1044 1851 1104; baseline -0.006 -10"><span class='ocrx_word' id='word_1_97' title='bbox 464 1048 594 1095; x_wconf 90' lang='lat' dir='ltr'>lectio</span> <span class='ocrx_word' id='word_1_98' title='bbox 614 1046 745 1092; x_wconf 87' lang='lat' dir='ltr'>modo</span> <span class='ocrx_word' id='word_1_99' title='bbox 767 1046 890 1091; x_wconf 86' lang='lat' dir='ltr'>vobis</span> <span class='ocrx_word' id='word_1_100' title='bbox 907 1046 1019 1090; x_wconf 88' lang='lat' dir='ltr'>lecta</span> <span class='ocrx_word' id='word_1_101' title='bbox 1038 1045 1163 1089; x_wconf 90' lang='lat' dir='ltr'>estin</span> <span class='ocrx_word' id='word_1_102' title='bbox 1184 1045 1366 1089; x_wconf 86' lang='lat' dir='ltr'>Actibus</span> <span class='ocrx_word' id='word_1_103' title='bbox 1384 1044 1710 1104; x_wconf 90' lang='lat' dir='ltr'>Apostolorum,</span> <span class='ocrx_word' id='word_1_104' title='bbox 1736 1057 1851 1102; x_wconf 92' lang='lat' dir='ltr'>quo-</span> 
     </span>
     <span class='ocr_line' id='line_1_14' title="bbox 468 1115 1853 1164; baseline -0.005 0"><span class='ocrx_word' id='word_1_105' title='bbox 468 1119 600 1164; x_wconf 89' lang='lat' dir='ltr'>modo</span> <span class='ocrx_word' id='word_1_106' title='bbox 625 1117 823 1162; x_wconf 91' lang='lat' dir='ltr'>centurio</span> <span class='ocrx_word' id='word_1_107' title='bbox 854 1115 1081 1161; x_wconf 86' lang='lat' dir='ltr'>Cornelius</span> <span class='ocrx_word' id='word_1_108' title='bbox 1109 1115 1307 1159; x_wconf 83' lang='lat' dir='ltr'>credidit.</span> <span class='ocrx_word' id='word_1_109' title='bbox 1336 1116 1562 1160; x_wconf 87' lang='lat' dir='ltr'>Cornelius</span> <span class='ocrx_word' id='word_1_110' title='bbox 1599 1116 1716 1159; x_wconf 81' lang='lat' dir='ltr'>‘enim</span> <span class='ocrx_word' id='word_1_111' title='bbox 1747 1129 1853 1158; x_wconf 88' lang='lat' dir='ltr'>cen-</span> 
     </span>
     <span class='ocr_line' id='line_1_15' title="bbox 469 1184 1849 1246; baseline -0.004 -13"><span class='ocrx_word' id='word_1_112' title='bbox 469 1189 582 1234; x_wconf 86' lang='lat' dir='ltr'>turio</span> <span class='ocrx_word' id='word_1_113' title='bbox 606 1203 694 1232; x_wconf 90' lang='lat' dir='ltr'>non</span> <span class='ocrx_word' id='word_1_114' title='bbox 717 1196 809 1231; x_wconf 87' lang='lat' dir='ltr'>erat</span> <span class='ocrx_word' id='word_1_115' title='bbox 830 1186 883 1230; x_wconf 89' lang='lat' dir='ltr'>de</span> <span class='ocrx_word' id='word_1_116' title='bbox 914 1195 1041 1245; x_wconf 80' lang='lat' dir='ltr'>gente</span> <span class='ocrx_word' id='word_1_117' title='bbox 1063 1188 1086 1229; x_wconf 86' lang='lat' dir='ltr'><strong>J</strong></span> <span class='ocrx_word' id='word_1_118' title='bbox 1095 1185 1318 1229; x_wconf 78' lang='lat' dir='ltr'>udaeorum</span> <span class='ocrx_word' id='word_1_119' title='bbox 1335 1188 1364 1230; x_wconf 75' lang='lat'>².</span> <span class='ocrx_word' id='word_1_120' title='bbox 1397 1186 1576 1240; x_wconf 83' lang='lat' dir='ltr'>Orabat,</span> <span class='ocrx_word' id='word_1_121' title='bbox 1597 1184 1849 1246; x_wconf 82' lang='lat' dir='ltr'>jejunabat,</span> 
     </span>
     <span class='ocr_line' id='line_1_16' title="bbox 471 1254 1855 1315; baseline -0.004 -12"><span class='ocrx_word' id='word_1_122' title='bbox 471 1259 765 1315; x_wconf 76' lang='lat' dir='ltr'>eleemosynas</span> <span class='ocrx_word' id='word_1_123' title='bbox 792 1255 994 1300; x_wconf 77' lang='lat' dir='ltr'>faciebat.</span> <span class='ocrx_word' id='word_1_124' title='bbox 1023 1259 1121 1301; x_wconf 89' lang='lat' dir='ltr'>Non</span> <span class='ocrx_word' id='word_1_125' title='bbox 1149 1256 1274 1300; x_wconf 89' lang='lat' dir='ltr'>illum</span> <span class='ocrx_word' id='word_1_126' title='bbox 1308 1257 1498 1300; x_wconf 88' lang='lat' dir='ltr'>deseruit</span> <span class='ocrx_word' id='word_1_127' title='bbox 1524 1260 1636 1300; x_wconf 91' lang='lat' dir='ltr'>Deus</span> <span class='ocrx_word' id='word_1_128' title='bbox 1658 1254 1855 1315; x_wconf 85' lang='lat' dir='ltr'>quamvis</span> 
     </span>
     <span class='ocr_line' id='line_1_17' title="bbox 468 1324 1854 1385; baseline -0.004 -12"><span class='ocrx_word' id='word_1_129' title='bbox 468 1330 514 1374; x_wconf 91' lang='lat' dir='ltr'>in</span> <span class='ocrx_word' id='word_1_130' title='bbox 527 1329 739 1373; x_wconf 86' lang='lat' dir='ltr'>Gentibus</span> <span class='ocrx_word' id='word_1_131' title='bbox 755 1328 1040 1372; x_wconf 87' lang='lat' dir='ltr'>constitutum</span> <span class='ocrx_word' id='word_1_132' title='bbox 1063 1347 1071 1371; x_wconf 90' lang='lat'>:</span> <span class='ocrx_word' id='word_1_133' title='bbox 1097 1336 1140 1371; x_wconf 86' lang='lat' dir='ltr'>et</span> <span class='ocrx_word' id='word_1_134' title='bbox 1161 1327 1313 1371; x_wconf 86' lang='lat' dir='ltr'>missus</span> <span class='ocrx_word' id='word_1_135' title='bbox 1330 1337 1393 1371; x_wconf 89' lang='lat' dir='ltr'>est</span> <span class='ocrx_word' id='word_1_136' title='bbox 1409 1328 1447 1371; x_wconf 91' lang='lat' dir='ltr'>ei</span> <span class='ocrx_word' id='word_1_137' title='bbox 1465 1326 1672 1385; x_wconf 77' lang='lat' dir='ltr'>Angelus,</span> <span class='ocrx_word' id='word_1_138' title='bbox 1698 1326 1775 1385; x_wconf 86' lang='lat' dir='ltr'>qui</span> <span class='ocrx_word' id='word_1_139' title='bbox 1792 1324 1854 1368; x_wconf 87' lang='lat' dir='ltr'>illi</span> 
     </span>
     <span class='ocr_line' id='line_1_18' title="bbox 470 1397 1855 1459; baseline -0.004 -15"><span class='ocrx_word' id='word_1_140' title='bbox 470 1400 706 1454; x_wconf 85' lang='lat' dir='ltr'>nuntiaret,</span> <span class='ocrx_word' id='word_1_141' title='bbox 735 1397 856 1459; x_wconf 87' lang='lat' dir='ltr'>quod</span> <span class='ocrx_word' id='word_1_142' title='bbox 879 1398 1165 1455; x_wconf 77' lang='lat' dir='ltr'>eleemosynae</span> <span class='ocrx_word' id='word_1_143' title='bbox 1194 1407 1236 1442; x_wconf 91' lang='lat' dir='ltr'>et</span> <span class='ocrx_word' id='word_1_144' title='bbox 1271 1397 1485 1442; x_wconf 83' lang='lat' dir='ltr'>orationes</span> <span class='ocrx_word' id='word_1_145' title='bbox 1513 1397 1643 1456; x_wconf 86' lang='lat' dir='ltr'>ipsius</span> <span class='ocrx_word' id='word_1_146' title='bbox 1667 1405 1855 1455; x_wconf 82' lang='lat' dir='ltr'>acceptae</span> 
     </span>
     <span class='ocr_line' id='line_1_19' title="bbox 470 1467 1858 1529; baseline -0.004 -14"><span class='ocrx_word' id='word_1_147' title='bbox 470 1470 634 1515; x_wconf 82' lang='lat' dir='ltr'>suerint</span> <span class='ocrx_word' id='word_1_148' title='bbox 657 1470 774 1529; x_wconf 89' lang='lat' dir='ltr'>apud</span> <span class='ocrx_word' id='word_1_149' title='bbox 796 1472 950 1513; x_wconf 88' lang='lat' dir='ltr'>Deum.</span> <span class='ocrx_word' id='word_1_150' title='bbox 973 1468 1169 1513; x_wconf 86' lang='lat' dir='ltr'>Credidit</span> <span class='ocrx_word' id='word_1_151' title='bbox 1191 1467 1402 1513; x_wconf 87' lang='lat' dir='ltr'>advocato</span> <span class='ocrx_word' id='word_1_152' title='bbox 1426 1468 1481 1511; x_wconf 91' lang='lat' dir='ltr'>ad</span> <span class='ocrx_word' id='word_1_153' title='bbox 1495 1483 1538 1511; x_wconf 88' lang='lat' dir='ltr'>se</span> <span class='ocrx_word' id='word_1_154' title='bbox 1560 1471 1702 1511; x_wconf 84' lang='lat' dir='ltr'>Petro.</span> <span class='ocrx_word' id='word_1_155' title='bbox 1724 1469 1858 1512; x_wconf 93' lang='lat' dir='ltr'>Num-</span> 
     </span>
     <span class='ocr_line' id='line_1_20' title="bbox 471 1536 1858 1602; baseline -0.004 -17"><span class='ocrx_word' id='word_1_156' title='bbox 471 1541 579 1602; x_wconf 85' lang='lat' dir='ltr'>quid</span> <span class='ocrx_word' id='word_1_157' title='bbox 604 1556 694 1585; x_wconf 90' lang='lat' dir='ltr'>non</span> <span class='ocrx_word' id='word_1_158' title='bbox 723 1539 849 1583; x_wconf 90' lang='lat' dir='ltr'>illum</span> <span class='ocrx_word' id='word_1_159' title='bbox 878 1548 1047 1599; x_wconf 84' lang='lat' dir='ltr'>poterat</span> <span class='ocrx_word' id='word_1_160' title='bbox 1081 1538 1236 1583; x_wconf 88' lang='lat' dir='ltr'>docere</span> <span class='ocrx_word' id='word_1_161' title='bbox 1263 1538 1487 1597; x_wconf 79' lang='lat' dir='ltr'>Angelus?</span> <span class='ocrx_word' id='word_1_162' title='bbox 1514 1538 1633 1582; x_wconf 87' lang='lat' dir='ltr'>Misit</span> <span class='ocrx_word' id='word_1_163' title='bbox 1657 1537 1779 1581; x_wconf 91' lang='lat' dir='ltr'>illum</span> <span class='ocrx_word' id='word_1_164' title='bbox 1803 1536 1858 1580; x_wconf 90' lang='lat' dir='ltr'>ad</span> 
     </span>
     <span class='ocr_line' id='line_1_21' title="bbox 473 1608 1860 1669; baseline -0.004 -13"><span class='ocrx_word' id='word_1_165' title='bbox 473 1617 668 1666; x_wconf 88' lang='lat' dir='ltr'>Petrum,</span> <span class='ocrx_word' id='word_1_166' title='bbox 690 1620 739 1654; x_wconf 95' lang='lat' dir='ltr'>ut</span> <span class='ocrx_word' id='word_1_167' title='bbox 760 1610 896 1669; x_wconf 83' lang='lat' dir='ltr'>magis</span> <span class='ocrx_word' id='word_1_168' title='bbox 915 1625 992 1669; x_wconf 85' lang='lat' dir='ltr'>pcr</span> <span class='ocrx_word' id='word_1_169' title='bbox 1013 1609 1238 1653; x_wconf 89' lang='lat' dir='ltr'>hominem</span> <span class='ocrx_word' id='word_1_170' title='bbox 1261 1609 1322 1653; x_wconf 88' lang='lat' dir='ltr'>illi</span> <span class='ocrx_word' id='word_1_171' title='bbox 1356 1608 1461 1652; x_wconf 89' lang='lat' dir='ltr'>fides</span> <span class='ocrx_word' id='word_1_172' title='bbox 1480 1609 1603 1652; x_wconf 88' lang='lat' dir='ltr'>fieret</span> <span class='ocrx_word' id='word_1_173' title='bbox 1625 1627 1633 1652; x_wconf 79' lang='lat' dir='ltr'><em>z</em></span> <span class='ocrx_word' id='word_1_174' title='bbox 1659 1608 1760 1667; x_wconf 84' lang='lat' dir='ltr'>quia</span> <span class='ocrx_word' id='word_1_175' title='bbox 1777 1608 1860 1651; x_wconf 87' lang='lat' dir='ltr'>ho-</span> 
     </span>
     <span class='ocr_line' id='line_1_22' title="bbox 472 1677 1860 1739; baseline -0.004 -13"><span class='ocrx_word' id='word_1_176' title='bbox 472 1684 610 1726; x_wconf 88' lang='lat' dir='ltr'>mines</span> <span class='ocrx_word' id='word_1_177' title='bbox 632 1681 834 1739; x_wconf 77' lang='lat' dir='ltr'>dignatus</span> <span class='ocrx_word' id='word_1_178' title='bbox 856 1689 947 1724; x_wconf 84' lang='lat' dir='ltr'>erat</span> <span class='ocrx_word' id='word_1_179' title='bbox 968 1680 1176 1724; x_wconf 87' lang='lat' dir='ltr'>Dominus</span> <span class='ocrx_word' id='word_1_180' title='bbox 1204 1679 1390 1723; x_wconf 86' lang='lat' dir='ltr'>visitare.</span> <span class='ocrx_word' id='word_1_181' title='bbox 1423 1681 1511 1723; x_wconf 90' lang='lat' dir='ltr'>Nec</span> <span class='ocrx_word' id='word_1_182' title='bbox 1540 1677 1860 1736; x_wconf 81' lang='lat' dir='ltr'>dedignabatur</span> 
     </span>
     <span class='ocr_line' id='line_1_23' title="bbox 474 1748 1860 1810; baseline -0.004 -14"><span class='ocrx_word' id='word_1_183' title='bbox 474 1752 629 1797; x_wconf 88' lang='lat' dir='ltr'>docere</span> <span class='ocrx_word' id='word_1_184' title='bbox 664 1767 741 1810; x_wconf 87' lang='lat' dir='ltr'>per</span> <span class='ocrx_word' id='word_1_185' title='bbox 773 1751 1023 1805; x_wconf 88' lang='lat' dir='ltr'>hominem,</span> <span class='ocrx_word' id='word_1_186' title='bbox 1048 1749 1123 1809; x_wconf 83' lang='lat' dir='ltr'>qui</span> <span class='ocrx_word' id='word_1_187' title='bbox 1151 1748 1354 1807; x_wconf 82' lang='lat' dir='ltr'>dignatus</span> <span class='ocrx_word' id='word_1_188' title='bbox 1392 1757 1455 1792; x_wconf 87' lang='lat' dir='ltr'>est</span> <span class='ocrx_word' id='word_1_189' title='bbox 1485 1764 1573 1792; x_wconf 88' lang='lat' dir='ltr'>esse</span> <span class='ocrx_word' id='word_1_190' title='bbox 1605 1749 1752 1792; x_wconf 88' lang='lat' dir='ltr'>homo.</span> <span class='ocrx_word' id='word_1_191' title='bbox 1792 1748 1860 1792; x_wconf 89' lang='lat' dir='ltr'>Sic</span> 
     </span>
     <span class='ocr_line' id='line_1_24' title="bbox 474 1819 1859 1882; baseline -0.004 -15"><span class='ocrx_word' id='word_1_192' title='bbox 474 1839 577 1882; x_wconf 82' lang='lat' dir='ltr'>ergo</span> <span class='ocrx_word' id='word_1_193' title='bbox 604 1842 625 1865; x_wconf 86' lang='lat'>«</span> <span class='ocrx_word' id='word_1_194' title='bbox 650 1822 865 1866; x_wconf 83' lang='lat' dir='ltr'>Restituta</span> <span class='ocrx_word' id='word_1_195' title='bbox 887 1830 950 1865; x_wconf 90' lang='lat' dir='ltr'>est</span> <span class='ocrx_word' id='word_1_196' title='bbox 972 1830 1084 1864; x_wconf 90' lang='lat' dir='ltr'>terra</span> <span class='ocrx_word' id='word_1_197' title='bbox 1108 1822 1250 1880; x_wconf 82' lang='lat' dir='ltr'>ejus,»</span> <span class='ocrx_word' id='word_1_198' title='bbox 1279 1835 1368 1864; x_wconf 92' lang='lat' dir='ltr'>uno</span> <span class='ocrx_word' id='word_1_199' title='bbox 1391 1819 1555 1879; x_wconf 88' lang='lat' dir='ltr'>pariete</span> <span class='ocrx_word' id='word_1_200' title='bbox 1576 1819 1776 1863; x_wconf 87' lang='lat' dir='ltr'>veniente</span> <span class='ocrx_word' id='word_1_201' title='bbox 1804 1819 1859 1862; x_wconf 86' lang='lat' dir='ltr'>de</span> 
     </span>
     <span class='ocr_line' id='line_1_25' title="bbox 473 1889 1860 1951; baseline -0.004 -14"><span class='ocrx_word' id='word_1_202' title='bbox 473 1892 651 1947; x_wconf 80' lang='lat' dir='ltr'>Judaeis,</span> <span class='ocrx_word' id='word_1_203' title='bbox 673 1892 807 1936; x_wconf 87' lang='lat' dir='ltr'>altero</span> <span class='ocrx_word' id='word_1_204' title='bbox 830 1892 992 1951; x_wconf 89' lang='lat' dir='ltr'>pariete</span> <span class='ocrx_word' id='word_1_205' title='bbox 1010 1892 1212 1935; x_wconf 82' lang='lat' dir='ltr'>veniente</span> <span class='ocrx_word' id='word_1_206' title='bbox 1230 1889 1284 1934; x_wconf 91' lang='lat' dir='ltr'>de</span> <span class='ocrx_word' id='word_1_207' title='bbox 1307 1891 1518 1934; x_wconf 86' lang='lat' dir='ltr'>Gentibus</span> <span class='ocrx_word' id='word_1_208' title='bbox 1546 1910 1554 1935; x_wconf 91' lang='lat'>:</span> <span class='ocrx_word' id='word_1_209' title='bbox 1575 1890 1732 1950; x_wconf 82' lang='lat' dir='ltr'>quibus</span> <span class='ocrx_word' id='word_1_210' title='bbox 1749 1890 1860 1933; x_wconf 90' lang='lat' dir='ltr'>duo-</span> 
     </span>
     <span class='ocr_line' id='line_1_26' title="bbox 473 1960 1860 2023; baseline -0.004 -15"><span class='ocrx_word' id='word_1_211' title='bbox 473 1965 556 2008; x_wconf 89' lang='lat' dir='ltr'>bus</span> <span class='ocrx_word' id='word_1_212' title='bbox 579 1962 815 2023; x_wconf 89' lang='lat' dir='ltr'>parietibus</span> <span class='ocrx_word' id='word_1_213' title='bbox 837 1963 892 2006; x_wconf 90' lang='lat' dir='ltr'>de</span> <span class='ocrx_word' id='word_1_214' title='bbox 913 1961 1081 2006; x_wconf 91' lang='lat' dir='ltr'>diverso</span> <span class='ocrx_word' id='word_1_215' title='bbox 1103 1960 1378 2005; x_wconf 87' lang='lat' dir='ltr'>venientibus</span> <span class='ocrx_word' id='word_1_216' title='bbox 1403 1970 1512 2005; x_wconf 88' lang='lat' dir='ltr'>esset</span> <span class='ocrx_word' id='word_1_217' title='bbox 1537 1961 1628 2020; x_wconf 89' lang='lat' dir='ltr'>ipse</span> <span class='ocrx_word' id='word_1_218' title='bbox 1648 1960 1755 2020; x_wconf 87' lang='lat' dir='ltr'>lapis</span> <span class='ocrx_word' id='word_1_219' title='bbox 1782 1975 1860 2004; x_wconf 89' lang='lat' dir='ltr'>an-</span> 
     </span>
     <span class='ocr_line' id='line_1_27' title="bbox 475 2032 1287 2093; baseline -0.004 -15"><span class='ocrx_word' id='word_1_220' title='bbox 475 2034 648 2093; x_wconf 84' lang='lat' dir='ltr'>gularis,</span> <span class='ocrx_word' id='word_1_221' title='bbox 676 2034 754 2077; x_wconf 90' lang='lat' dir='ltr'>ubi</span> <span class='ocrx_word' id='word_1_222' title='bbox 776 2034 906 2078; x_wconf 86' lang='lat' dir='ltr'>ambo</span> <span class='ocrx_word' id='word_1_223' title='bbox 928 2032 1239 2092; x_wconf 86' lang='lat' dir='ltr'>copularentur</span> <span class='ocrx_word' id='word_1_224' title='bbox 1255 2033 1287 2075; x_wconf 79' lang='lat'>².</span> 
     </span>
    </p>

    <p class='ocr_par' dir='ltr' id='par_1_8' title="bbox 476 2102 1864 2588">
     <span class='ocr_line' id='line_1_28' title="bbox 536 2102 1862 2164; baseline -0.003 -15"><span class='ocrx_word' id='word_1_225' title='bbox 536 2109 617 2149; x_wconf 84' lang='grc' dir='ltr'><strong>ΙΙΙ.</strong></span> <span class='ocrx_word' id='word_1_226' title='bbox 638 2107 799 2148; x_wconf 88' lang='lat' dir='ltr'>Iterum</span> <span class='ocrx_word' id='word_1_227' title='bbox 828 2102 1050 2164; x_wconf 85' lang='lat' dir='ltr'>quomodo</span> <span class='ocrx_word' id='word_1_228' title='bbox 1073 2103 1306 2162; x_wconf 89' lang='lat' dir='ltr'>accipimus</span> <span class='ocrx_word' id='word_1_229' title='bbox 1322 2137 1332 2157; x_wconf 88' lang='lat'>,</span> <span class='ocrx_word' id='word_1_230' title='bbox 1357 2121 1377 2145; x_wconf 70' lang='grc' dir='ltr'>α</span> <span class='ocrx_word' id='word_1_231' title='bbox 1398 2104 1509 2147; x_wconf 85' lang='lat' dir='ltr'>Cum</span> <span class='ocrx_word' id='word_1_232' title='bbox 1530 2111 1641 2146; x_wconf 86' lang='lat' dir='ltr'>terra</span> <span class='ocrx_word' id='word_1_233' title='bbox 1664 2102 1752 2162; x_wconf 86' lang='lat' dir='ltr'>ejus</span> <span class='ocrx_word' id='word_1_234' title='bbox 1773 2116 1862 2146; x_wconf 91' lang='lat' dir='ltr'>res-</span> 
     </span>
     <span class='ocr_line' id='line_1_29' title="bbox 479 2172 1862 2234; baseline -0.001 -17"><span class='ocrx_word' id='word_1_235' title='bbox 479 2194 499 2217; x_wconf 84' lang='lat'>»</span> <span class='ocrx_word' id='word_1_236' title='bbox 535 2176 795 2220; x_wconf 77' lang='lat' dir='ltr'>titueretur?</span> <span class='ocrx_word' id='word_1_237' title='bbox 831 2176 944 2219; x_wconf 89' lang='lat' dir='ltr'>Cum</span> <span class='ocrx_word' id='word_1_238' title='bbox 967 2189 1066 2218; x_wconf 87' lang='lat' dir='ltr'>caro</span> <span class='ocrx_word' id='word_1_239' title='bbox 1094 2175 1186 2234; x_wconf 88' lang='lat' dir='ltr'>ejus</span> <span class='ocrx_word' id='word_1_240' title='bbox 1215 2173 1555 2217; x_wconf 83' lang='lat' dir='ltr'>resuscitaretur.</span> <span class='ocrx_word' id='word_1_241' title='bbox 1589 2172 1711 2217; x_wconf 88' lang='lat' dir='ltr'>Alius</span> <span class='ocrx_word' id='word_1_242' title='bbox 1744 2173 1862 2216; x_wconf 90' lang='lat' dir='ltr'>enim</span> 
     </span>
     <span class='ocr_line' id='line_1_30' title="bbox 476 2243 1861 2303; baseline -0.002 -13"><span class='ocrx_word' id='word_1_243' title='bbox 476 2246 738 2301; x_wconf 88' lang='lat' dir='ltr'>intellectus,</span> <span class='ocrx_word' id='word_1_244' title='bbox 770 2254 916 2288; x_wconf 85' lang='lat' dir='ltr'>tamen</span> <span class='ocrx_word' id='word_1_245' title='bbox 942 2261 966 2288; x_wconf 85' lang='lat' dir='ltr'>a</span> <span class='ocrx_word' id='word_1_246' title='bbox 988 2244 1159 2288; x_wconf 89' lang='lat' dir='ltr'>Christo</span> <span class='ocrx_word' id='word_1_247' title='bbox 1183 2259 1272 2288; x_wconf 90' lang='lat' dir='ltr'>non</span> <span class='ocrx_word' id='word_1_248' title='bbox 1295 2246 1517 2299; x_wconf 88' lang='lat' dir='ltr'>recedens,</span> <span class='ocrx_word' id='word_1_249' title='bbox 1542 2243 1602 2288; x_wconf 90' lang='lat' dir='ltr'>sic</span> <span class='ocrx_word' id='word_1_250' title='bbox 1622 2252 1764 2303; x_wconf 85' lang='lat' dir='ltr'>potest</span> <span class='ocrx_word' id='word_1_251' title='bbox 1779 2259 1861 2287; x_wconf 92' lang='lat' dir='ltr'>no-</span> 
     </span>
     <span class='ocr_line' id='line_1_31' title="bbox 476 2314 1863 2369; baseline -0.001 -9"><span class='ocrx_word' id='word_1_252' title='bbox 476 2317 541 2360; x_wconf 90' lang='lat' dir='ltr'>bis</span> <span class='ocrx_word' id='word_1_253' title='bbox 572 2331 797 2360; x_wconf 89' lang='lat' dir='ltr'>occurrere</span> <span class='ocrx_word' id='word_1_254' title='bbox 825 2333 834 2359; x_wconf 90' lang='lat'>:</span> <span class='ocrx_word' id='word_1_255' title='bbox 860 2324 972 2358; x_wconf 89' lang='lat' dir='ltr'>terra</span> <span class='ocrx_word' id='word_1_256' title='bbox 1000 2314 1225 2369; x_wconf 88' lang='lat' dir='ltr'>restituta,</span> <span class='ocrx_word' id='word_1_257' title='bbox 1251 2330 1351 2358; x_wconf 88' lang='lat' dir='ltr'>caro</span> <span class='ocrx_word' id='word_1_258' title='bbox 1378 2315 1643 2358; x_wconf 87' lang='lat' dir='ltr'>resuscitata.</span> <span class='ocrx_word' id='word_1_259' title='bbox 1671 2318 1774 2358; x_wconf 90' lang='lat' dir='ltr'>Post</span> <span class='ocrx_word' id='word_1_260' title='bbox 1793 2329 1863 2357; x_wconf 86' lang='lat' dir='ltr'>re-</span> 
     </span>
     <span class='ocr_line' id='line_1_32' title="bbox 478 2383 1864 2444; baseline -0.002 -14"><span class='ocrx_word' id='word_1_261' title='bbox 478 2388 790 2431; x_wconf 89' lang='lat' dir='ltr'>surrectionem</span> <span class='ocrx_word' id='word_1_262' title='bbox 815 2384 929 2428; x_wconf 87' lang='lat' dir='ltr'>cnim</span> <span class='ocrx_word' id='word_1_263' title='bbox 945 2383 1076 2444; x_wconf 90' lang='lat' dir='ltr'>ipsius</span> <span class='ocrx_word' id='word_1_264' title='bbox 1100 2383 1212 2427; x_wconf 89' lang='lat' dir='ltr'>facta</span> <span class='ocrx_word' id='word_1_265' title='bbox 1235 2393 1336 2427; x_wconf 89' lang='lat' dir='ltr'>sunt</span> <span class='ocrx_word' id='word_1_266' title='bbox 1357 2385 1436 2429; x_wconf 87' lang='lat' dir='ltr'>ista</span> <span class='ocrx_word' id='word_1_267' title='bbox 1459 2384 1622 2439; x_wconf 83' lang='lat' dir='ltr'>omnia,</span> <span class='ocrx_word' id='word_1_268' title='bbox 1643 2400 1741 2444; x_wconf 63' lang='lat' dir='ltr'>quae</span> <span class='ocrx_word' id='word_1_269' title='bbox 1764 2400 1864 2429; x_wconf 86' lang='lat' dir='ltr'>can-</span> 
     </span>
     <span class='ocr_line' id='line_1_33' title="bbox 477 2454 1864 2514; baseline -0.002 -13"><span class='ocrx_word' id='word_1_270' title='bbox 477 2467 627 2502; x_wconf 84' lang='lat' dir='ltr'>tantur</span> <span class='ocrx_word' id='word_1_271' title='bbox 656 2457 702 2500; x_wconf 86' lang='lat' dir='ltr'>in</span> <span class='ocrx_word' id='word_1_272' title='bbox 735 2454 919 2500; x_wconf 87' lang='lat' dir='ltr'>Psalmo.</span> <span class='ocrx_word' id='word_1_273' title='bbox 953 2455 1192 2499; x_wconf 86' lang='lat' dir='ltr'>Audiamus</span> <span class='ocrx_word' id='word_1_274' title='bbox 1216 2456 1305 2514; x_wconf 82' lang='lat' dir='ltr'>jain</span> <span class='ocrx_word' id='word_1_275' title='bbox 1340 2454 1394 2499; x_wconf 89' lang='lat' dir='ltr'>de</span> <span class='ocrx_word' id='word_1_276' title='bbox 1427 2465 1552 2500; x_wconf 82' lang='lat' dir='ltr'>terrae</span> <span class='ocrx_word' id='word_1_277' title='bbox 1593 2455 1864 2511; x_wconf 81' lang='lat' dir='ltr'>restitutione</span> 
     </span>
     <span class='ocr_line' id='line_1_34' title="bbox 477 2515 1863 2588; baseline -0.003 -14"><span class='ocrx_word' id='word_1_278' title='bbox 477 2529 698 2575; x_wconf 86' lang='lat' dir='ltr'>Psalmum</span> <span class='ocrx_word' id='word_1_279' title='bbox 726 2528 906 2588; x_wconf 89' lang='lat' dir='ltr'>plenum</span> <span class='ocrx_word' id='word_1_280' title='bbox 941 2526 1113 2586; x_wconf 79' lang='lat' dir='ltr'>gaudio.</span> <span class='ocrx_word' id='word_1_281' title='bbox 1154 2527 1321 2572; x_wconf 78' lang='lat' dir='ltr'>Excitet</span> <span class='ocrx_word' id='word_1_282' title='bbox 1362 2527 1488 2572; x_wconf 90' lang='lat' dir='ltr'>nobis</span> <span class='ocrx_word' id='word_1_283' title='bbox 1529 2515 1624 2587; x_wconf 24' lang='lat' dir='ltr'>ipse·</span> <span class='ocrx_word' id='word_1_284' title='bbox 1653 2526 1863 2572; x_wconf 89' lang='lat' dir='ltr'>Dominus</span> 
     </span>
    </p>
   </div>
   <div class='ocr_carea' id='block_1_8' title="bbox 529 2613 1187 2659">
    <p class='ocr_par' dir='ltr' id='par_1_9' title="bbox 529 2613 1187 2659">
     <span class='ocr_line' id='line_1_35' title="bbox 529 2613 1187 2659; baseline -0.005 -11"><span class='ocrx_word' id='word_1_285' title='bbox 529 2622 537 2638; x_wconf 95' lang='lat'>¹</span> <span class='ocrx_word' id='word_1_286' title='bbox 564 2618 636 2648; x_wconf 78' lang='lat' dir='ltr'>Act.</span> <span class='ocrx_word' id='word_1_287' title='bbox 657 2626 689 2658; x_wconf 80' lang='lat' dir='ltr'>x,</span> <span class='ocrx_word' id='word_1_288' title='bbox 713 2626 742 2659; x_wconf 62' lang='grc' dir='ltr'>ι,</span> <span class='ocrx_word' id='word_1_289' title='bbox 764 2618 828 2648; x_wconf 83' lang='lat' dir='ltr'>etc.</span> <span class='ocrx_word' id='word_1_290' title='bbox 850 2631 890 2637; x_wconf 92' lang='lat'>—-</span> <span class='ocrx_word' id='word_1_291' title='bbox 911 2619 924 2638; x_wconf 79' lang='lat'>²</span> <span class='ocrx_word' id='word_1_292' title='bbox 943 2613 1058 2656; x_wconf 76' lang='lat' dir='ltr'>Ephes.</span> <span class='ocrx_word' id='word_1_293' title='bbox 1078 2624 1112 2656; x_wconf 86' lang='lat' dir='ltr'>u,</span> <span class='ocrx_word' id='word_1_294' title='bbox 1133 2622 1187 2646; x_wconf 84' lang='lat'>20.</span> 
     </span>
    </p>
   </div>
  </div>
 </body>
</html>
