1926 3339
480 285 534 321 36
907 293 940 318 s.
976 288 1202 316 AUGUSTffll
1240 288 1419 313 Ei‘iscom

478 359 615 404 futuri
635 364 773 401 essent
808 354 1025 399 novissimi
1059 351 1135 411 qui
1157 359 1278 393 erant
1303 350 1456 408 primi,
1487 358 1533 393 et
1564 349 1690 408 primi
1719 347 1858 391 futuri

478 436 615 472 essent
636 429 709 486 qui
730 433 855 470 erant
876 421 1118 467 novissimi1
1139 454 1150 475 ,
1170 434 1246 479 per
1263 419 1493 464 Salvatoris
1510 418 1765 472 adventum,
1785 416 1858 461 de-

477 512 566 557 quo
588 496 752 539 dictum
773 502 837 537 est
850 527 861 548 ,
882 511 903 534 «
917 491 1001 545 Qui
1015 498 1111 550 post
1125 504 1194 532 me
1211 489 1344 544 venit,
1365 497 1464 532 ante
1485 504 1555 532 me
1566 488 1706 533 factus
1720 489 1855 531 est2.»

481 567 549 611 Sic
571 564 679 609 Abel
705 564 845 622 justus
878 560 1030 620 majori
1055 557 1258 618 praelatus
1287 567 1351 602 est
1380 557 1555 612 fratriss,
1595 557 1656 601 sic
1689 553 1860 601 Ismaeli

479 640 595 681 Isaac
609 637 647 689 4,
671 634 730 677 sic
752 633 866 677 Esaii
903 629 1159 688 congemino
1181 643 1260 673 suo
1276 663 1287 683 ,
1321 628 1398 672 sed
1419 637 1565 672 tamen
1586 628 1706 688 prius
1726 635 1830 671 nato
1844 660 1856 681 ,

476 706 566 764 ipse
582 703 714 748 Jacob
733 704 747 728 ⁵
777 721 786 745 :
811 702 870 745 sic
890 701 1047 744 Phares
1068 707 1111 742 et
1146 698 1237 757 ipse
1259 698 1567 756 congeminum
1598 712 1749 752 suum,
1783 697 1860 757 qui

476 774 593 834 prius
615 786 795 816 manum
816 785 867 814 ex
888 779 1013 814 utero
1039 767 1240 822 miserat,
1272 776 1316 811 et
1344 776 1536 826 coeperat
1565 767 1704 821 nasci,
1730 766 1861 810 etiam

477 842 694 888 nascendo
707 841 957 902 praecessit⁶3
968 839 1026 884 sic
1039 838 1178 883 David
1190 837 1426 897 majoribus
1435 836 1638 896 praelatus
1651 834 1863 895 estfratri-

477 915 559 959 bus
575 915 589 939 ⁷
615 932 624 957 ε
646 922 690 957 et
710 921 886 972 propter
903 910 1023 971 quod
1040 909 1131 953 istae
1143 923 1292 953 omnes
1310 917 1441 968 atque
1458 906 1552 951 aliae
1572 906 1729 950 similes
1741 941 1753 962 ,
1770 922 1862 952 non

477 984 618 1029 solum
636 983 851 1027 dictorum
868 1016 879 1037 ,
900 979 976 1025 sed
998 979 1124 1023 etiam
1150 976 1365 1022 factorum
1390 976 1609 1037 parabolae
1630 991 1861 1036 praecesse—

477 1070 583 1099 runr
599 1089 609 1108 ,
631 1054 688 1098 sic
711 1051 877 1112 populo
908 1049 1162 1095 Judaeorum
1191 1047 1396 1107 praelatus
1423 1056 1489 1091 est
1516 1045 1704 1107 populus
1726 1047 1864 1091 chris-

478 1126 641 1181 tianus,
661 1139 739 1182 pro
761 1138 849 1182 quo
871 1119 1126 1165 redimendo
1142 1116 1516 1179 quemadmodum
1531 1116 1642 1162 Abel
1655 1134 1677 1161 a
1699 1118 1834 1162 Ca'l'n8
1847 1153 1859 1171 ,

475 1196 534 1238 sic
553 1212 574 1238 a
598 1193 760 1237 Judaeis
784 1192 948 1236 occisus
978 1198 1040 1233 est
1063 1189 1274 1234 Christus.
1314 1190 1407 1232 Hoc
1442 1187 1770 1247 praefiguratum
1799 1197 1864 1232 est

477 1266 591 1308 enim
605 1265 732 1308 etiam
748 1278 848 1306 cum
865 1261 999 1305 Jacob
1021 1259 1277 1304 decussatim
1291 1259 1499 1318 porrectis
1517 1259 1737 1313 manibus,
1757 1257 1865 1302 dex-

478 1345 565 1378 tera
590 1334 731 1391 tetigit
764 1333 969 1390 Ephraem
1002 1330 1057 1373 ad
1093 1330 1306 1374 sinistram
1334 1329 1642 1386 constitutum,
1675 1344 1864 1389 eumque

476 1404 712 1463 praeposuit
728 1405 922 1446 manasse
940 1401 997 1445 ad
1017 1401 1239 1444 dexteram
1259 1401 1495 1444 constituto
1511 1435 1521 1455 ,
1548 1414 1680 1459 quem
1697 1400 1865 1444 sinistra

477 1475 566 1533 ipse
598 1472 818 1530 tangebat.
850 1474 960 1517 Nam
995 1470 1237 1514 secundum
1267 1485 1443 1514 carnem
1479 1489 1499 1512 «
1533 1473 1565 1513 F
1570 1467 1632 1513 ‘itii
1658 1470 1865 1529 Ephraem

481 1563 501 1586 »
536 1542 810 1586 intendentes
832 1549 875 1584 et
910 1540 1131 1584 mittentes
1172 1555 1316 1595 arcus,
1360 1539 1557 1585 conversi
1589 1549 1692 1584 sunt
1726 1539 1774 1583 in
1795 1538 1865 1584 die

482 1633 502 1656 n
539 1613 656 1657 belli.
686 1631 706 1653 >›

537 1685 592 1727 X.
620 1681 732 1735 Quid
765 1681 819 1725 sit
845 1689 990 1725 autem
1021 1680 1140 1740 quod
1162 1680 1222 1724 ait
1249 1700 1257 1725 ε
1293 1700 1309 1720 «
1346 1681 1555 1726 Conversi
1583 1689 1686 1725 sunt
1718 1679 1765 1724 in
1795 1680 1866 1724 die

484 1775 501 1795 »
538 1751 666 1805 belli,
708 1771 725 1792 »
758 1750 1067 1810 consequentia
1104 1750 1291 1805 docent,
1327 1750 1488 1809 quibus
1519 1749 1565 1794 id
1598 1750 1866 1810 apertissime

479 1822 674 1883 exposuit
696 1840 705 1865 ε
735 1840 751 1861 «
778 1823 876 1866 Non
898 1820 1215 1875 custodierunt,
1241 1821 1385 1879 inquit
1402 1855 1412 1874 ,
1435 1829 1744 1864 testamentum
1761 1819 1862 1875 Dei,

486 1914 504 1935 »
539 1902 583 1937 et
602 1893 648 1935 in
670 1892 762 1949 lege
785 1891 875 1950 ejus
898 1890 1137 1935 noluerunt
1159 1890 1382 1934 ambulare
1402 1890 1434 1933 9.
1465 1911 1482 1931 »
1502 1893 1616 1935 Ecce
1641 1889 1750 1950 quid
1770 1899 1835 1935 est
1850 1925 1862 1946 ,

484 1985 502 2005 (ι
539 1962 745 2008 Conversi
768 1970 870 2005 sunt
898 1961 945 2004 in
967 1959 1037 2004 die
1055 1960 1187 2004 belli:
1219 1980 1236 2002 »
1262 1976 1353 2005 non
1375 1960 1714 2005 observaverunt
1734 1970 1865 2006 testa-

480 2043 676 2078 mentum
711 2032 802 2076 Dei.
842 2030 928 2075 Ubi
961 2045 1085 2074 arcus
1122 2029 1352 2073 tendentes
1382 2038 1425 2072 et
1462 2029 1708 2085 mittentes,
1733 2031 1866 2075 etiam

479 2103 771 2166 promissionis
800 2102 1132 2162 promptissimae
1159 2100 1291 2144 verba
1313 2099 1618 2159 protulerunt,
1638 2099 1831 2146 dicentes
1852 2120 1862 2146 ε

484 2195 504 2217 «
538 2178 836 2232 Quaecumque
871 2172 1044 2216 locutus
1065 2180 1130 2215 est
1156 2170 1367 2215 Dominus
1396 2173 1511 2214 Deus
1539 2179 1708 2227 noster,
1733 2170 1865 2216 facie-

483 2263 504 2287 »
540 2261 635 2288 mus
652 2253 696 2288 et
712 2242 936 2287 audiemus
950 2243 1000 2285 10.
1037 2240 1245 2286 Conversi
1272 2249 1373 2285 sunt
1393 2241 1439 2284 in
1466 2239 1537 2284 die
1558 2241 1691 2287 belli:
1717 2261 1737 2283 »
1764 2244 1867 2303 quia

480 2315 805 2375 promissionem
827 2312 1087 2357 obedientiae
1103 2347 1114 2367 ,
1134 2328 1224 2356 non
1244 2311 1433 2367 auditio,
1459 2311 1534 2356 sed
1558 2314 1739 2358 tentatio
1759 2330 1865 2373 pro—

483 2387 572 2430 bat,
600 2385 733 2444 Cujus
755 2393 819 2428 est
849 2393 995 2427 autem
1016 2397 1116 2426 cum
1139 2385 1230 2427 Deo
1253 2382 1427 2442 spiritus
1454 2382 1664 2439 creditus,
1690 2384 1866 2429 fidelem

532 2504 540 2520 ¹
561 2497 673 2529 matth.
694 2508 760 2538 xx,
785 2497 835 2529 16.
863 2514 904 2519 —
929 2503 941 2519 ²
959 2497 1049 2528 Joan.
1072 2507 1100 2537 1,
1117 2505 1169 2538 2‘).
1191 2513 1231 2519 —
1252 2493 1264 2519 ³
1284 2499 1362 2530 Gen.
1384 2508 1427 2535 iv,
1450 2496 1480 2538 4.
1507 2514 1546 2520 -
1562 2495 1639 2529 4Ιά.
1663 2509 1732 2539 κη,
1756 2509 1806 2530 12.
1823 2516 1866 2523 —-
1924 2516 1926 2520 <

481 2554 556 2586 ⁵1‹l.
577 2565 655 2594 xxv,
674 2555 727 2585 23.
749 2571 790 2576 —-
808 2552 823 2573 ⁶
840 2553 886 2585 Id.
907 2564 1040 2593 xxxviii,
1059 2561 1113 2594 29.
1128 2570 1167 2575 —
1186 2560 1200 2586 7
1224 2564 1237 2585 1
1259 2556 1334 2594 ch.
1363 2564 1428 2594 xvi,
1451 2562 1502 2585 12.
1523 2552 1594 2576 -8
1613 2556 1691 2586 Gen.
1709 2565 1754 2595 iv,
1777 2555 1864 2586 8.—
1925 2564 1926 2570 ¹

483 2619 497 2642 ἱ)
514 2609 592 2641 psal.
611 2619 729 2649 mxvii,
758 2619 806 2640 io.
826 2624 866 2630 —-
889 2615 918 2630 ¹0
937 2608 1032 2639 Exod.
1053 2619 1115 2648 xix,
1133 2608 1162 2638 ὃ.
