1926 3339
447 342 688 370 ENARRATIO
719 343 764 370 nv·
797 342 999 370 PsALMvM
1032 344 1116 370 xm.
1365 335 1448 375 345

67 424 166 453 mox
189 418 240 454 ut
261 424 305 453 se
327 408 510 454 moverit
530 443 540 463 ,
576 406 768 467 colaphis
799 406 982 451 caeditur
999 442 1010 462 ,
1031 407 1293 466 flagellatur.
1326 410 1450 455 Unde

64 478 138 524 ille
155 480 412 534 dimittitur,
428 478 501 522 ille
522 477 718 533 caeditur,
744 478 824 521 nisi
847 477 947 538 quia
969 477 1072 522 huic
1090 494 1200 522 caeso
1219 479 1449 525 haereditas

0 546 3 613 l
47 559 274 605 servatur,
298 549 372 593 ille
399 558 543 593 autem
561 547 757 592 dimissus
774 547 1069 592 exhaeredatus
1088 551 1178 593 est?
1199 548 1331 594 Videt
1348 565 1449 594 eum

0 672 1 676 Ἰ
63 637 153 667 non
184 622 347 666 habere
379 636 528 681 spem,
555 630 599 665 et
627 619 809 665 dimittit
830 635 931 665 eum
966 630 1017 665 ut
1038 620 1169 665 faciat
1191 620 1313 682 quod
1334 620 1445 666 vult.

63 695 177 737 Puer
195 701 340 736 autem
362 692 437 752 qui
466 691 739 751 ssag,cllatur
765 691 799 736 si
820 707 895 736 cor
916 707 1006 737 non
1030 692 1259 748 habuerit,
1296 701 1340 737 et
1367 693 1452 736 im-

62 764 252 824 prudens
278 762 410 807 fuerit
442 772 485 807 et
522 761 680 807 stultus
697 798 707 818 ‚
744 761 986 821 gratulatur
1020 762 1140 807 fratri
1162 779 1240 807 suo
1262 763 1339 824 qui
1360 779 1450 807 non

60 833 264 893 vapulat,
291 843 333 878 et
356 834 492 893 gemit
512 833 567 878 de
587 849 647 888 se,
663 842 706 877 et
723 834 828 878 dicit
844 834 891 877 in
908 832 1038 878 corde
1060 849 1162 878 suo:
1183 837 1318 878 Tanta
1335 834 1450 878 mala

60 902 163 948 facit
197 902 330 948 frater
353 919 499 959 meus,
536 902 751 964 quidquid
775 903 870 947 vult
906 902 1011 948 facit
1047 912 1198 947 contra
1231 913 1450 963 praecepta

58 975 193 1034 patris
219 975 332 1030 mei,
367 983 411 1018 et
448 989 577 1018 nemo
610 973 674 1017 illi
695 974 800 1018 facit
822 974 1004 1018 verbum
1028 973 1189 1018 durum
1208 1009 1219 1029 ,
1245 989 1325 1033 ego
1348 989 1450 1017 mox

58 1054 109 1090 ut
128 1060 197 1089 me
219 1060 413 1100 movero,
431 1043 589 1089 eaedor.
616 1044 784 1089 Stultus
809 1053 887 1099 est,
912 1043 1167 1104 imprudens
1189 1053 1252 1088 est
1273 1063 1281 1089 :
1308 1052 1450 1088 atten-

58 1114 124 1160 dit
144 1115 252 1175 quid
273 1116 460 1175 patitur,
481 1131 572 1159 non
595 1114 781 1159 attendit
803 1114 912 1175 quid
929 1114 992 1159 illi
1013 1124 1224 1160 servatur.

118 1188 194 1230 IX.
229 1185 334 1230 Ideo
356 1185 530 1230 dixisset
554 1205 563 1230 :
606 1205 626 1227 «
662 1186 797 1231 Nimis
827 1184 1060 1246 profundae
1088 1186 1216 1230 factae
1245 1194 1347 1230 sunt
1375 1201 1450 1229 co-

61 1276 80 1299 »
116 1257 343 1316 gitationes
366 1267 454 1301 tuae
477 1277 484 1302 ε
507 1276 526 1298 »
549 1257 730 1316 subjecit
747 1258 891 1302 statim
907 1294 918 1312 ,
941 1278 960 1300 «
986 1258 1063 1301 Vir
1083 1257 1338 1318 imprudens
1361 1273 1451 1302 non

59 1345 80 1369 »
116 1337 374 1386 cognoscet,
411 1337 454 1372 et
489 1327 647 1372 stultus
681 1344 771 1372 non
801 1328 1015 1387 intelliget
1048 1331 1137 1373 eal.
1168 1348 1188 1369 »
1223 1333 1326 1381 Quae
1349 1338 1450 1372 sunt

56 1415 155 1460 quae
177 1416 267 1444 non
288 1400 502 1458 intelliget
523 1400 706 1456 stultus,
730 1410 773 1445 et
795 1417 894 1461 quae
917 1417 1006 1445 non
1025 1410 1258 1460 cognoscet
1278 1402 1449 1460 impru-

54 1470 274 1531 prudens?
302 1491 321 1513 ι(
347 1474 460 1516 Cum
494 1472 748 1516 exoriuntur
778 1483 1026 1531 peccatores
1050 1473 1161 1517 sicut
1184 1471 1395 1516 soenum2.
1424 1491 1444 1513 »

55 1542 172 1595 Quid
190 1551 273 1598 est,
298 1561 320 1585 «
357 1543 477 1588 Sicut
506 1541 708 1586 foenum?
735 1561 753 1583 »
779 1543 936 1587 Virent
959 1558 1059 1587 cum
1082 1544 1235 1600 hyems
1259 1552 1322 1586 est
1344 1562 1351 1586 :
1374 1542 1450 1586 sed

55 1623 249 1657 arescent
266 1622 427 1657 aestate.
452 1612 653 1657 Attendis
666 1613 819 1657 florem
842 1612 964 1657 freni.
983 1612 1100 1666 Quid
1123 1613 1249 1657 citius
1271 1613 1450 1656 transit?

54 1684 161 1745 quid
170 1684 384 1729 lucidius?
397 1684 505 1745 quid
516 1683 696 1728 viridius
705 1687 721 1728 Ρ
730 1687 827 1729 Non
840 1693 881 1729 te
893 1684 1080 1728 delectet
1092 1683 1284 1728 viriditas
1298 1684 1446 1743 ipsius,

53 1755 128 1800 sed
150 1756 254 1799 time
277 1755 521 1800 ariditatem
544 1756 693 1815 ipsius.
719 1755 891 1800 Audisti
916 1775 932 1795 «
961 1758 1213 1799 Peccatores
1236 1756 1348 1799 sicut
1368 1754 1453 1798 soe-

56 1844 77 1867 »
111 1842 219 1869 num
235 1861 245 1881 ,
276 1844 296 1867 »
322 1825 420 1870 audi
446 1836 488 1870 et
505 1828 642 1886 justos
670 1846 678 1871 :
711 1846 730 1868 κ
755 1826 975 1879 Quoniam
1000 1841 1115 1870 ecce.
1145 1844 1164 1866 »
1189 1826 1370 1869 Interim
1391 1826 1450 1869 vi-

53 1895 152 1941 dete
171 1905 440 1956 peccatores,
465 1897 575 1941 sicut
597 1895 767 1940 foenum
786 1897 945 1940 florent
961 1932 971 1950 ,
994 1896 1107 1940 bene
1133 1916 1141 1940 :
1161 1896 1235 1940 sed
1253 1896 1328 1956 qui
1347 1905 1449 1940 sunt

53 1967 128 2028 qui
147 1983 238 2012 non
268 1970 568 2026 cognoscunt?
594 1967 723 2013 Stulti
753 1977 794 2012 et
816 1968 1130 2027 imprudentes.
1161 1987 1181 2009 «
1206 1969 1319 2012 Cum
1343 1982 1447 2011 exo-

54 2056 75 2080 »
111 2039 285 2083 riuntur
308 2048 554 2098 peccatores
577 2039 688 2084 sicut
710 2037 903 2092 foenum,
927 2047 970 2082 et
981 2040 1280 2098 prospexerint
1298 2053 1448 2082 omnes

55 2127 76 2150 »
110 2111 187 2170 qui
210 2120 446 2170 operantur
467 2110 786 2171 iniquitatemss.
819 2130 835 2150 »
861 2112 1022 2154 Omnes
1045 2110 1120 2169 qui
1142 2109 1188 2152 in
1216 2108 1346 2153 corde
1368 2124 1447 2153 suo

50 2195 140 2224 non
161 2189 278 2224 recta
302 2181 497 2224 sentiunt
514 2179 568 2224 de
592 2184 683 2225 Deo
699 2216 710 2235 ,
738 2190 1052 2240 prospexerunt
1071 2189 1318 2240 peccatores
1341 2194 1446 2223 exo-

55 2251 212 2295 rientes
240 2251 350 2295 sicut
373 2250 568 2305 foenum,
593 2250 639 2295 id
664 2260 754 2306 est,
779 2251 985 2295 florentes
1007 2251 1063 2295 ad
1087 2260 1272 2309 tempus.
1301 2252 1445 2303 Quare

50 2319 146 2365 illos
163 2321 463 2381 prospiciunt?
485 2341 504 2363 «
528 2323 585 2366 Ut
604 2321 821 2365 intereant
841 2321 886 2364 in
908 2320 1119 2365 saeculum
1142 2319 1303 2364 saeculi.
1326 2323 1447 2364 Atte-

50 2390 163 2436 dunt
185 2393 300 2436 enim
323 2393 476 2436 florem
505 2393 699 2452 ipsorum
729 2392 1034 2452 temporalem,
1060 2391 1289 2436 imitantur
1318 2390 1413 2435 illos
1431 2426 1442 2446 ,

52 2471 94 2507 et
108 2462 302 2507 volentes
325 2478 423 2507 cum
442 2463 524 2507 illis
553 2464 708 2507 florere
730 2462 784 2507 ad
802 2472 974 2523 tempus
990 2498 1000 2517 ,
1018 2463 1240 2506 intereunt
1252 2462 1298 2505 in
1315 2470 1444 2506 aeter-

52 2548 160 2577 num
186 2553 194 2578 :
220 2533 304 2578 hoc
329 2543 414 2585 est,
446 2553 464 2575 «
486 2536 543 2577 [t
564 2533 780 2577 intereant
801 2533 847 2576 in
870 2533 1078 2577 saeeulum
1101 2533 1264 2578 saeculi.

111 2605 167 2646 X.
200 2622 217 2643 «
248 2606 312 2647 Tu
340 2613 487 2647 autem
517 2602 760 2648 Altissimus
782 2604 830 2648 in
853 2614 1067 2649 aeternum
1090 2620 1166 2660 es,
1195 2603 1395 2649 Domine,
1423 2619 1462 2654 »-

101 2694 107 2709 1
132 2688 347 2729 Psat.xc1‚7.
372 2705 411 2710 -
434 2688 545 2720 ²1bid.
571 2691 602 2718 a.
630 2705 670 2711 -
692 2686 804 2721 ³1bid.
837 2699 887 2720 ιο.
1496 2665 1498 2667 ’
