1926 3339
477 366 559 405 400
902 379 934 405 s.
972 376 1201 405 Aucus'nm
1235 378 1415 404 Emscom

473 441 581 486 dixit
606 461 615 487 z
646 460 666 484 «
689 442 732 487 Si
759 440 957 486 dicebam
986 460 994 485 :
1021 444 1166 486 Motus
1188 450 1251 486 est
1275 456 1350 501 pes
1373 455 1494 484 meus
1522 459 1530 484 :
1566 440 1856 485 misericordia

476 531 497 554 »
534 522 624 567 tua,
652 512 834 556 Domine
849 547 860 567 ,
881 510 1116 571 adjuvabat
1133 526 1202 555 me
1224 530 1234 556 ε
1255 530 1274 552 »
1307 509 1446 555 dulcis
1467 508 1529 553 illi
1549 509 1700 570 utique
1717 508 1857 554 factus

472 593 537 628 est
558 583 784 637 Dominus,
807 582 990 642 eripiens
1011 581 1137 625 illum
1160 598 1184 626 a
1205 580 1406 641 periculis
1429 600 1437 625 :
1455 590 1499 625 et
1518 580 1617 625 ideo
1639 595 1858 640 exponens
1924 615 1926 618 ι

472 655 607 714 ipsam
629 652 907 698 dulcedinem
929 652 1126 707 Domini,
1153 651 1364 696 exclamat
1388 651 1534 696 dicens
1563 670 1572 696 ;
1604 670 1624 693 «
1648 650 1854 707 Domine,
1924 696 1926 711 Ι

476 743 496 766 »
530 723 772 768 secundum
809 721 1138 766 multitudinem
1174 721 1376 766 dolorum
1419 737 1616 766 meorum
1648 721 1694 765 in
1727 720 1859 766 corde
1924 730 1926 734 '

476 813 496 836 »
532 793 970 849 meo,exbortationes
982 791 1432 853 tuaejucundaverunt
1446 792 1634 835 animam
1647 793 1855 836 meam³.»
1924 783 1926 785 ¹

472 863 602 909 Multi
623 863 810 918 dolores,
835 862 911 906 sed
937 861 1088 906 multae
1109 861 1426 907 consolationes
1449 881 1457 907 :
1483 877 1626 906 amara
1647 861 1828 906 vulnera
1843 895 1855 917 ‚
1922 899 1923 902 ,

472 933 549 980 sed
566 934 713 979 suavia
735 932 1069 977 medicamenta.
1920 988 1922 991 v

531 1007 700 1050 XXIII.
730 1023 751 1047 «
777 1002 1003 1064 Numquid
1033 1004 1227 1048 adhaeret
1250 1003 1329 1048 tibi
1351 1002 1471 1048 sedes
1493 1003 1732 1065 iniquitatis
1750 1038 1761 1059 ‚
1783 1003 1860 1063 qui

476 1095 496 1120 n
531 1078 657 1136 fingis
685 1075 880 1121 dolorem
902 1076 948 1119 in
976 1077 1247 1136 praecept02i‘
1272 1094 1292 1117 »
1319 1079 1411 1120 Hoc
1433 1075 1560 1120 dixit:
1585 1078 1723 1121 Nemo
1739 1074 1860 1119 sedet
1919 1112 1921 1117 .

472 1157 618 1192 tecum
642 1147 834 1207 iniquus,
856 1162 936 1190 nec
958 1155 1005 1190 tu
1028 1145 1175 1189 sedem
1193 1145 1432 1205 iniquitatis
1447 1145 1643 1189 habebis.
1670 1148 1728 1189 Et
1743 1143 1861 1189 unde
1918 1183 1919 1189 ,

472 1220 555 1262 hoc
577 1217 803 1275 intelligat,
830 1215 974 1260 reddit
996 1216 1207 1260 rationem
1235 1235 1243 1260 :
1268 1235 1288 1257 «
1313 1217 1399 1269 Qui
1420 1216 1570 1274 fingis,
1595 1215 1754 1275 inquit,
1779 1215 1861 1260 do-

475 1308 495 1330 »
530 1289 668 1334 lorem
687 1288 734 1331 in
755 1297 989 1348 praecepto.
1021 1306 1040 1328 »
1067 1289 1131 1330 Ex
1154 1287 1236 1331 hoc
1263 1287 1379 1330 enim
1409 1286 1605 1345 intelligo
1625 1286 1745 1346 quod
1772 1302 1861 1331 non

473 1359 550 1403 tibi
571 1359 765 1403 adhaeret
786 1357 908 1402 sedes
935 1356 1189 1417 iniquitatis,
1217 1356 1318 1417 quia
1352 1372 1432 1400 nec
1458 1356 1583 1400 nobis
1611 1356 1857 1416 pepercisti.
1914 1346 1926 1416 3³

473 1430 616 1475 Habes
634 1431 716 1475 hoc
740 1430 786 1473 in
807 1428 1000 1489 Epistola
1025 1427 1208 1487 apostoli
1233 1427 1370 1483 Petri,
1401 1437 1445 1471 et
1466 1427 1520 1472 ad
1545 1428 1627 1472 hoc
1662 1428 1861 1472 testimo-
1913 1470 1915 1473 ,

472 1501 594 1545 nium
622 1501 767 1560 posuit
785 1500 840 1544 de
867 1499 1088 1558 Scriptura
1113 1518 1122 1544 2
1149 1502 1337 1558 Tempus
1356 1507 1447 1554 est,
1469 1498 1554 1553 ait,
1574 1497 1862 1543 inchoationis
1901 1487 1926 1548 J

475 1590 495 1613 u
516 1572 671 1632 judicii
693 1588 742 1615 ex
760 1572 891 1615 domo
909 1570 1127 1625 Domini‚»
1143 1568 1189 1613 id
1203 1579 1282 1625 est,
1299 1578 1470 1628 tempus
1488 1577 1551 1612 est
1573 1577 1622 1612 ut
1643 1567 1775 1613 modo
1785 1569 1862 1629 ju-
1910 1579 1914 1602 i

472 1642 673 1686 dicentur
691 1642 766 1702 qui
788 1641 1008 1701 pertinent
1032 1640 1087 1684 ad
1109 1639 1290 1684 domum
1314 1639 1502 1683 Domini.
1525 1639 1566 1682 Si
1585 1637 1862 1697 flagellantur
1910 1644 1912 1646 ’

471 1712 562 1768 filii,
586 1713 694 1773 quid
715 1713 879 1756 debent
900 1726 1069 1771 sperare
1085 1710 1194 1754 servi
1217 1709 1497 1770 nequissimi?
1522 1709 1713 1770 Ideoque
1735 1708 1863 1753 addi-
1908 1724 1911 1771 j

471 1784 556 1841 dit,
582 1804 599 1825 «
621 1785 663 1829 Si
683 1794 827 1828 autem
847 1783 1021 1827 initium
1045 1799 1068 1826 a
1095 1782 1236 1836 nobis,
1261 1781 1356 1840 quis
1375 1780 1472 1824 finis
1499 1796 1651 1824 eorum
1679 1781 1755 1840 qui
1772 1797 1862 1826 non
1907 1773 1910 1826 f

474 1873 494 1896 »
530 1855 715 1899 credunt
738 1854 814 1899 Dei
839 1852 1131 1911 Evangelioss?
1154 1872 1170 1893 »
1195 1850 1360 1895 Deinde
1387 1850 1582 1911 adjungit
1607 1850 1717 1895 illud
1739 1853 1861 1896 testi·

470 1927 669 1970 monium
691 1946 700 1971 2
721 1946 740 1967 «
766 1929 823 1969 Et
843 1924 875 1968 si
889 1925 1031 1985 justus
1052 1923 1121 1967 vix
1139 1922 1391 1977 salvabitur,
1416 1931 1618 1981 peccator
1639 1932 1682 1967 et
1702 1923 1861 1983 impius
1905 1922 1908 1966 ἒ

473 2015 494 2038 »
529 1998 608 2041 ubi
631 1997 909 2057 parebunt4?
936 2015 956 2036 »
982 1994 1215 2048 Quomodo
1243 2008 1344 2051 ergo
1374 2003 1504 2037 erunt
1526 2002 1672 2038 tecum
1692 1993 1857 2054 iniqui,
1904 2015 1907 2036 1

471 2068 648 2128 quando
681 2083 760 2111 nec
782 2067 866 2111 tuis
892 2065 1095 2110 fidelibus
1128 2065 1286 2124 parcis,
1323 2073 1373 2108 ut
1398 2079 1591 2109 exerceas
1615 2074 1659 2109 et
1690 2064 1861 2110 erudias
1903 2081 1905 2097 ¹

471 2142 576 2183 eos?
602 2138 686 2183 Sed
707 2138 808 2198 quia
838 2145 1015 2196 propter
1045 2136 1129 2180 hoc
1156 2151 1245 2180 non
1268 2135 1431 2194 parcit,
1459 2143 1509 2179 ut
1534 2135 1706 2179 erudiat
1727 2156 1738 2194 3
1763 2135 1862 2180 ideo
1902 2142 1905 2186 ,ἐ

471 2211 577 2255 dixit
610 2230 619 2255 z
659 2230 679 2252 «
705 2210 790 2262 Qui
821 2208 947 2267 fingis
979 2206 1174 2251 dolorem
1206 2207 1252 2250 in
1282 2222 1420 2266 praeev:
1444 2216 1516 2250 sto.
1550 2207 1666 2265 Figis
1693 2227 1710 2248 »
1745 2206 1863 2251 enim
1900 2219 1903 2259 ζ

471 2293 550 2338 est,
569 2282 707 2336 Facis,
730 2279 905 2334 formas,
928 2279 1133 2339 plasmas,
1150 2279 1267 2322 unde
1285 2289 1327 2321 et
1342 2278 1465 2335 figwssi
1483 2277 1706 2333 dicuntur,
1731 2287 1775 2323 et
1789 2293 1862 2323 vas

470 2353 602 2399 fictile
630 2353 790 2397 dicitur
827 2371 835 2396 ε
872 2367 960 2395 non
993 2351 1144 2394 fictum
1176 2348 1286 2392 illud
1313 2349 1435 2408 qued
1469 2348 1745 2394 mendacium
1770 2358 1860 2408 est3
1900 2354 1902 2397 ζ

470 2424 545 2469 sed
565 2423 685 2484 quod
708 2421 921 2467 formatur
944 2429 994 2464 ut
1020 2420 1098 2474 sit,
1132 2429 1174 2463 et
1194 2419 1352 2463 habeat
1372 2418 1562 2479 aliquam
1583 2418 1783 2473 formam,
1809 2419 1863 2464 si·

470 2504 545 2539 cut
561 2493 823 2554 jamdudum
845 2491 953 2536 dixit
979 2510 986 2534 :
1019 2510 1038 2532 «
1064 2490 1150 2543 Qui
1172 2490 1296 2533 finxit
1319 2489 1495 2534 oculum
1512 2505 1602 2534 non
1619 2490 1814 2535 videbit?
1837 2508 1856 2531 »
1873 2487 1897 2541 ,j

468 2565 716 2625 Numquid,
745 2584 764 2606 «
785 2562 932 2607 Finxit
952 2560 1148 2615 oculum,
1167 2579 1186 2602 η
1211 2559 1488 2604 mendacium
1511 2561 1603 2604 est?
1626 2560 1711 2605 Sed
1730 2560 1862 2605 intel·-
1893 2600 1897 2607 ⁴

469 2635 640 2695 ligitur,
677 2634 909 2680 Plasmavit
934 2632 1111 2677 oculum
1129 2667 1140 2687 ,
1177 2631 1281 2677 fecit
1309 2630 1502 2676 oculum.
1527 2634 1682 2677 Nonne
1702 2631 1860 2690 figulus

508 2723 815 2764 ¹1³sa1.xc111‚19.—
827 2720 1034 2752 ⁷1bid.2o.-
1047 2717 1149 2751 31bid.
1173 2721 1269 2750 18.-—
1282 2717 1294 2745 6.
1306 2720 1397 2750 Prov.
1414 2728 1457 2758 xi,
1469 2717 1504 2750 31
1518 2718 1855 2760 e11Peti·.1v,17‚18.
1893 2694 1896 2705 Ι
