1926 3339
473 307 557 346 216
910 319 943 348 S.
979 321 1207 350 Arcusnm
1239 323 1418 350 Emscom

471 394 616 429 cantat
638 385 766 430 corde
785 406 792 430 2
812 387 887 446 qui
911 397 1052 431 autem
1077 404 1164 432 non
1187 387 1417 442 desiderat,
1444 388 1640 448 quolibet
1661 388 1847 434 clamore
1897 398 1921 431 1

473 472 595 500 aures
630 456 855 500 hominum
885 456 1035 512 serint,
1072 467 1217 503 mutus
1240 468 1302 502 cst
1327 464 1423 503 Deo.
1450 459 1605 502 Videte
1627 459 1847 518 quomodo

470 536 592 570 erant
614 537 824 570 amatores
842 528 968 587 hujus
992 528 1174 571 civitatis
1198 528 1419 582 ardentes,
1452 528 1512 571 illi
1538 530 1614 587 ipsi
1638 544 1714 587 per
1740 544 1848 588 quos
1899 533 1901 545 ¹

470 598 563 640 haec
591 595 704 640 dicta
729 605 852 651 sunt,
889 613 966 655 per
997 613 1104 657 quos
1130 598 1224 642 haec
1246 598 1371 641 nobis
1393 597 1694 642 commendata
1719 607 1819 642 sunt
1835 634 1845 654 ,

470 675 635 725 quanto
657 681 732 725 per
755 682 825 709 eos
850 666 1011 710 affectu
1032 667 1111 710 ista
1135 676 1307 711 cantata
1332 675 1449 710 sunt.
1477 667 1696 711 Affectum
1719 669 1850 712 istum
1901 680 1926 716 με

471 736 705 794 generabat
732 736 775 778 in
809 736 867 779 eis
899 752 1019 780 amor
1047 737 1255 792 civitatis,
1281 752 1472 780 amorem
1503 746 1647 780 autem
1668 738 1851 782 civitatis
1902 757 1915 798 2<

470 805 689 850 infuderat
715 807 894 866 Spiritus
915 808 1008 852 Dei.
1035 808 1294 863 «Charitas,
1321 808 1490 868 inquit,
1516 808 1593 852 Dei
1610 807 1767 852 diffusa
1788 818 1852 854 est
1902 806 1926 853 ²1

474 895 493 917 »
529 876 573 919 in
608 876 812 922 cordibus
847 879 1002 922 nostris
1025 894 1101 937 per
1131 878 1338 937 Spiritum
1359 888 1582 933 sanctum,
1612 879 1687 938 qui
1725 878 1851 923 datus

473 964 494 986 »
529 955 592 990 est
608 946 732 991 nobis
748 949 778 990 ¹.
809 966 827 988 »
850 951 944 992 Hoc
961 963 1062 1007 ergo
1085 949 1248 1009 Spiritu
1271 946 1484 993 ferventes
1507 947 1731 993 audiamus
1753 964 1852 1009 quae

471 1015 585 1060 dicta
608 1027 710 1061 sunt
733 1018 787 1061 de
808 1018 888 1062 hac
911 1019 1099 1063 civitate.

530 1090 586 1131 II.
613 1107 632 1129 «
653 1087 955 1134 Fundamenta
977 1091 1066 1149 ejus
1087 1091 1132 1133 in
1154 1089 1374 1134 montibus
1396 1090 1551 1134 sanctis
1566 1090 1598 1134 ².
1624 1087 1776 1134 »Nihil
1800 1087 1853 1133 de
1906 1095 1907 1098 ’

473 1157 546 1201 illa
569 1157 713 1202 adhuc
744 1159 909 1204 dixerat
931 1159 1151 1204 Psalmus:
1176 1160 1279 1203 hinc
1303 1160 1478 1219 incipit,
1504 1169 1547 1203 et
1569 1160 1627 1204 ait
1655 1179 1663 1204 :
1692 1178 1711 1200 «
1733 1161 1856 1203 Fun·
1915 1187 1922 1194 -

475 1246 495 1268 »
518 1227 719 1271 damenta
743 1229 834 1288 ejus
856 1229 900 1273 in
923 1230 1145 1274 montibus
1164 1230 1366 1273 sanetis.»
1382 1231 1518 1290 Cujus
1542 1229 1855 1275 fundamenta?
1915 1238 1919 1247 '

472 1300 570 1342 Non
592 1298 774 1341 dubium
796 1308 883 1353 est,
904 1300 1005 1358 quia
1027 1298 1311 1343 fundamenta
1328 1334 1338 1354 ‚
1363 1300 1603 1359 praesertim
1624 1301 1668 1343 in
1691 1300 1855 1344 monti-
1918 1326 1926 1335 -

470 1367 576 1421 bus,
609 1367 790 1412 civitatis
814 1367 996 1429 alicujus
1018 1378 1134 1414 sunt.
1161 1368 1371 1429 Repletus
1393 1385 1494 1428 ergo
1525 1370 1687 1429 Spiritu
1707 1379 1856 1415 sancto
1908 1361 1910 1364 ‚

470 1437 573 1481 civis
595 1437 674 1481 iste
689 1473 700 1492 ,
731 1447 774 1482 et
796 1438 934 1483 multa
955 1439 1010 1483 de
1044 1454 1189 1484 amore
1211 1448 1254 1483 et
1286 1439 1498 1485 desiderio
1521 1440 1704 1484 civitatis
1728 1441 1857 1500 hujus
1898 1479 1911 1484 ,,

469 1507 647 1553 volvens
666 1524 812 1553 secum
829 1545 839 1564 ‚
864 1519 1073 1570 tanquam
1102 1510 1227 1571 plura
1245 1511 1362 1555 intus
1390 1511 1508 1570 apud
1529 1527 1572 1555 se
1592 1511 1825 1555 meditatus
1840 1546 1852 1567 ‚

471 1580 615 1639 erupit
635 1580 680 1623 in
702 1581 785 1625 hoc
801 1616 811 1634 ,
851 1600 870 1622 «
896 1582 1200 1625 Fundamenta
1224 1583 1316 1641 ejus
1344 1582 1389 1626 in
1420 1582 1642 1626 montibus
1665 1582 1820 1626 sanctis
1843 1601 1853 1626 :
1910 1579 1913 1614 ἶ

470 1651 592 1710 quasi
624 1653 714 1710 jam
736 1651 790 1694 de
816 1650 890 1695 illa
928 1651 1082 1696 dixerit
1108 1651 1288 1712 aliquid.
1315 1652 1547 1705 Quomodo
1570 1652 1625 1696 de
1646 1651 1717 1696 illa
1748 1650 1857 1696 nihil
1910 1676 1926 1694 «4

472 1720 663 1775 dixerat,
699 1722 773 1780 qui
794 1737 1019 1781 nunquam
1043 1721 1097 1765 de
1124 1721 1197 1766 illa
1228 1722 1358 1766 corde
1386 1724 1608 1766 tacuerat?
1626 1721 1857 1775 Quomodo
1911 1749 1926 1768 »1

472 1792 587 1834 enim
610 1790 768 1834 dicitur
786 1793 937 1851 «Ejus,
953 1792 1040 1835 »de
1061 1808 1148 1852 qua
1170 1792 1279 1836 nihil
1301 1792 1467 1836 dictum
1485 1793 1579 1837 est?
1600 1793 1685 1837 Sed
1699 1792 1854 1848 multa,

469 1871 519 1906 ut
540 1860 626 1905 dixi
644 1897 654 1916 ,
680 1877 826 1906 secum
849 1863 893 1906 in
915 1862 1086 1907 silentio
1109 1862 1163 1907 de
1185 1861 1260 1908 illa
1281 1864 1454 1908 civitate
1471 1864 1714 1923 parturiens
1729 1899 1741 1919 ,
1765 1863 1856 1908 cla·
1913 1904 1915 1918 ,

470 1948 589 1976 mans
612 1932 666 1976 ad
689 1935 827 1976 Deum
847 1968 858 1987 ,
878 1934 1022 1993 erupit
1044 1934 1173 1978 etiam
1192 1934 1237 1977 in
1260 1950 1384 1978 aures
1406 1934 1632 1979 hominum
1656 1953 1666 1980 ε
1695 1953 1716 1976 «
1735 1937 1858 1978 Fun·
1914 1941 1915 1970 ἒ

473 2021 493 2043 »
530 2003 732 2046 (lamenta
755 2003 843 2062 ejus
865 2003 910 2046 in
930 2004 1153 2047 montibus
1173 2004 1343 2048 sanctis.
1378 2023 1397 2045 »
1423 2007 1480 2048 Et
1509 2005 1631 2064 quasi
1658 2004 1856 2049 homines
1914 1996 1915 2017 ³

469 2071 694 2116 audientes
726 2083 986 2132 quaererent.
1017 2075 1151 2134 Cujus
1185 2094 1205 2115 «
1238 2074 1406 2132 Diligit,
1434 2074 1606 2135 inquit,
1646 2075 1856 2119 Dominus

473 2162 492 2183 υ
529 2151 673 2202 portas
711 2144 827 2187 Sion.
865 2162 884 2184 »
922 2147 1034 2188 Ecce
1073 2145 1196 2204 cujus
1229 2143 1516 2189 fundamenta
1552 2145 1598 2188 in
1633 2145 1856 2190 montibus

469 2214 648 2268 sanctis,
689 2213 915 2273 cujusdam
946 2215 1130 2259 civitatis
1167 2217 1294 2270 Sion,
1321 2217 1442 2275 cujus
1465 2216 1675 2260 Dominus
1711 2225 1856 2276 portas
1915 2252 1917 2259 Α

469 2283 634 2342 diligit,
655 2284 765 2328 sicut
788 2294 1104 2344 consequenter
1126 2285 1257 2330 dicit:
1284 2305 1303 2327 «
1327 2288 1464 2345 Super
1481 2287 1627 2330 omnia
1650 2286 1855 2331 taberna-

472 2373 491 2396 »
528 2354 625 2398 cula
661 2355 841 2398 Jacob³.
872 2374 890 2396 »
920 2355 1003 2399 Sed
1035 2355 1140 2415 quid
1175 2365 1259 2409 est,
1299 2375 1316 2397 «
1351 2355 1654 2401 Fundamenta
1689 2359 1781 2417 ejus
1810 2357 1856 2401 in

471 2443 491 2466 »
527 2425 748 2468 montibus
767 2425 921 2469 sanctis
936 2428 953 2468 Ξ)
971 2445 988 2466 »
1006 2426 1089 2479 Qui
1109 2435 1211 2470 sunt
1234 2436 1402 2471 montes
1420 2428 1572 2482 sancti,
1598 2443 1728 2487 super
1743 2442 1852 2488 quos

472 2493 653 2538 fundata
686 2504 749 2538 est
774 2495 851 2538 ista
884 2496 1056 2539 civitas?
1093 2496 1214 2539 Alter
1242 2497 1420 2556 quidam
1442 2498 1544 2541 civis
1575 2497 1747 2557 planius
1769 2499 1852 2543 hoc

468 2563 600 2618 dixit,
624 2564 843 2623 apostolus
878 2566 1053 2609 Paulus.
1087 2566 1199 2610 Civis
1232 2566 1334 2610 inde
1364 2568 1600 2624 Propheta,
1628 2567 1729 2611 civis
1750 2566 1854 2612 inde
1918 2557 1920 2562 ’

518 2655 526 2671 ¹
549 2649 642 2680 Rom.
664 2660 693 2687 ν,
714 2650 743 2680 ς’)
764 2666 804 2671 --
821 2657 832 2671 ²
856 2650 930 2681 psat
949 2661 1076 2686 ’,κι-ινι.
1107 2662 1132 2681 ι.
1157 2667 1196 2673 --
1225 2650 1236 2672 3
1258 2651 1324 2682 ibid
1359 2660 1389 2682 2.
