1926 3339
381 267 623 296 ENARRATIO
655 269 699 296 IN
732 266 934 296 PsALMUM
968 269 1151 295 LXXVIII.
1386 259 1438 297 85

55 335 100 377 in
124 333 277 393 impios
309 333 497 378 vindicta
530 335 836 394 prophetatur,
869 341 920 376 ut
951 330 1241 390 intelligamus
1272 344 1441 379 sanctos

54 403 250 448 homines
264 404 341 447 Dei
362 420 460 447 suos
484 405 678 450 inimicos
697 403 909 457 dilexisse,
933 418 1013 446 nec
1035 403 1239 462 cuiquam
1256 403 1442 447 voluisse

53 473 134 517 nisi
157 473 344 528 bonum,
370 474 491 534 quod
511 483 573 518 est
594 475 729 534 pietas
759 474 805 517 in
835 474 918 517 hoc
942 472 1102 517 sfeculo
1119 509 1128 526 ,
1156 474 1372 517 :eternitas
1395 474 1441 516 in

52 543 203 587 futuro
225 563 234 587 z
255 543 300 586 in
326 545 466 603 poenis
489 554 633 588 autem
653 544 866 588 malorum
885 579 895 599 ,
917 559 1004 588 non
1027 544 1148 587 malis
1170 559 1337 598 corum,
1366 543 1442 586 sed

53 614 130 658 Dei
167 613 291 657 bonis
320 613 492 673 judiciis
531 614 660 659 fuisse
698 615 961 673 delectatos,
1004 624 1048 658 et
1089 613 1358 673 ubicumque
1396 614 1441 656 in

53 683 283 743 Scripturis
303 685 459 729 sanctis
487 685 692 743 leguntur
719 686 763 729 in
786 685 982 729 homines
1013 684 1109 728 odia
1133 699 1283 729 eorum
1303 719 1313 738 ,
1341 682 1440 727 odia

51 753 181 798 fuisse
210 754 441 810 vitiorum,
470 772 569 816 quae
601 757 691 816 ipse
719 757 849 800 etiam
877 754 1178 814 unusquisque
1210 754 1440 798 hominum

55 823 196 869 oderit
217 834 388 884 oportet
410 827 452 870 in
469 842 514 871 se
529 862 540 882 ,
567 827 601 871 si
623 826 765 886 diligit
787 841 845 870 se.

112 897 209 939 XV.
236 898 437 941 Jamvero
463 897 582 957 quod
597 898 812 957 sequitur,
840 916 859 938 «
882 899 1018 941 Intret
1036 905 1136 940 ante
1157 905 1441 955 conspectum

51 984 72 1007 »
107 974 258 1021 tuum,
283 966 352 1011 vel
374 967 488 1012 sicut
511 968 582 1012 alii
609 967 781 1012 codices
799 968 986 1022 habent,
1019 967 1063 1010 in
1097 976 1335 1027 conspectu
1364 976 1441 1010 tuo

51 1056 72 1079 »
111 1039 296 1096 gemitus
314 1039 664 1099 compeditorum
679 1042 692 1066 1
721 1059 729 1084 :
752 1059 771 1081 >›
794 1055 882 1084 non
897 1039 1022 1083 facile
1037 1039 1266 1099 quisquam
1283 1038 1442 1097 reperit

50 1110 275 1169 conjectos
297 1111 343 1154 in
367 1110 599 1170 compedes
621 1127 643 1154 a
665 1110 1016 1170 persecutoribus
1038 1119 1234 1166 sanctos,
1258 1118 1301 1152 et
1323 1109 1355 1152 si
1371 1123 1443 1152 ac-

49 1180 153 1224 cidit
174 1181 219 1223 in
240 1189 326 1224 tam
357 1197 515 1240 magna
538 1191 668 1242 atque
690 1181 922 1241 multiplici
945 1181 1151 1225 varietate
1183 1195 1438 1239 poenarum,

48 1259 136 1294 tam
153 1266 249 1295 raro
274 1252 428 1296 accidit
447 1288 457 1307 ,
484 1262 533 1296 ut
556 1268 645 1296 non
665 1253 717 1296 sit
739 1251 1008 1296 credendum
1036 1251 1120 1294 hoc
1142 1251 1186 1293 in
1209 1251 1290 1294 isto
1316 1265 1440 1294 versu

48 1320 169 1381 quod
187 1331 546 1366 commemoraret
564 1324 833 1382 potissimum
856 1321 1032 1380 elegisse
1050 1321 1326 1380 Prophetam.
1357 1320 1442 1364 Sed

47 1393 252 1436 nimirum
275 1392 504 1452 compedes
528 1403 629 1436 sunt
646 1393 893 1446 infirmitas,
920 1402 963 1436 et
986 1392 1326 1450 corruptibilitas
1339 1407 1437 1434 cor·-

46 1463 182 1523 poris,
215 1478 313 1522 quae
349 1473 586 1521 aggravant
611 1463 815 1507 animam.
849 1467 930 1507 Per
963 1464 1052 1522 ejus
1082 1463 1196 1506 enim
1228 1461 1439 1519 fragilita-

47 1543 157 1589 tem,
188 1533 309 1577 velut
333 1533 624 1593 quorumdam
653 1532 856 1577 dolorum
891 1533 1276 1592 molestiarumque
1301 1541 1440 1591 mate-

45 1605 177 1659 riam,
206 1604 260 1648 ad
288 1605 554 1664 impietatem
588 1614 759 1665 poterat
794 1604 1055 1664 compellere
1083 1613 1348 1664 persecutor.
1372 1603 1440 1646 Ab

45 1675 110 1719 his
133 1674 417 1734 compedibus
447 1676 784 1736 concupiscebat
818 1675 992 1720 dissolvi
1015 1674 1270 1734 Apostolus,
1294 1683 1337 1717 et
1352 1688 1441 1717 esse

45 1761 145 1790 cum
168 1745 340 1790 Christo
356 1749 393 1803 ¹3
425 1762 601 1790 manere
631 1756 776 1790 autem
799 1747 844 1790 in
867 1762 996 1790 carne
1024 1746 1312 1790 necessarium
1336 1761 1441 1804 pro-

44 1825 141 1876 pter
171 1815 289 1870 illos,
322 1817 481 1876 quibus
511 1817 800 1876 Evangelium
830 1818 1137 1861 ministrabat'2.
1166 1820 1312 1860 Donec
1341 1830 1442 1873 crgo

46 1887 327 1947 corruptibile
350 1889 434 1932 hoc
459 1888 614 1933 induat
644 1889 1016 1948 incorruptionem
1035 1924 1045 1944 ,
1070 1898 1114 1932 et
1147 1888 1329 1932 mortale
1357 1887 1441 1931 hoc

45 1957 198 2001 induat
220 1958 591 2002 immortalitatem
608 1961 623 1984 3
640 1994 652 2014 ,
676 1959 798 2003 velut
825 1959 1107 2018 compedibus
1134 1974 1233 2002 caro
1268 1958 1440 2001 infirma

46 2036 299 2088 promptum
335 2028 519 2088 impedit
556 2030 771 2088 spiritum.
816 2032 902 2073 Has
937 2045 1040 2087 ergo
1083 2028 1315 2088 compedes
1352 2043 1440 2072 non

46 2100 269 2154 sentiunt,
304 2100 385 2143 nisi
418 2101 492 2160 qui
518 2101 564 2143 in
603 2101 841 2159 semetipsis
871 2100 1161 2159 ingemiscunt
1197 2099 1361 2157 gravati
1385 2100 1400 2123 4
1427 2133 1438 2153 ,

46 2169 345 2214 habitaculum
381 2172 501 2231 quod
536 2171 591 2214 de
624 2171 739 2215 coelo
777 2180 841 2214 est
874 2169 1128 2229 superindui
1171 2170 1394 2229 cupientes
1429 2188 1437 2213 :

48 2242 150 2302 quia
173 2251 216 2286 et
238 2257 353 2286 mors
375 2243 543 2287 horrori
557 2251 619 2286 est
635 2278 645 2297 ,
664 2252 706 2286 et
718 2242 895 2286 moerori
919 2242 1008 2286 vita
1023 2241 1231 2285 mortalis.
1260 2244 1342 2285 Pro
1376 2241 1442 2285 his

49 2314 266 2372 Propheta
311 2314 584 2372 gementibus
628 2314 812 2373 ingemit
838 2349 849 2368 ,
885 2323 935 2357 ut
972 2314 1018 2356 in
1060 2314 1193 2357 intret
1232 2313 1277 2356 in
1317 2328 1443 2357 cons-

47 2392 180 2442 pectu
197 2384 274 2427 Dei
293 2384 478 2442 gemitus
505 2399 672 2428 eorum.
699 2388 885 2428 Possunt
903 2393 945 2427 et
968 2383 1030 2427 illi
1056 2383 1242 2442 intelligi
1267 2399 1443 2443 compe-

50 2451 154 2509 diti,
177 2454 254 2513 qui
277 2455 506 2514 praeceptis
535 2455 758 2514 sapientiae
779 2454 969 2512 colligati
995 2464 1096 2498 sunt
1113 2490 1123 2510 ,
1149 2470 1249 2515 quae
1280 2455 1446 2513 patien-

50 2532 116 2568 ter
132 2526 430 2570 sustentatam
448 2535 704 2570 ornamenta
721 2535 954 2570 vertuntur
973 2545 981 2570 :
998 2525 1116 2570 unde
1134 2526 1343 2585 scriptum
1363 2532 1442 2580 est,

99 2615 108 2632 ¹
126 2609 210 2642 Psal.
229 2620 360 2652 Lxxvni,
378 2621 435 2644 xi.
455 2627 495 2634 ν-
519 2618 532 2633 ²
552 2610 663 2653 Philip.
685 2621 708 2652 i,
727 2610 780 2643 23.
805 2627 845 2634 —
864 2608 900 2641 31
925 2612 996 2643 Cor.
1015 2621 1070 2650 xv,
1090 2610 1142 2643 53.
1163 2609 1340 2642 -42C0r.
1361 2620 1390 2651 v,
1411 2608 1442 2650 4.
