1926 3339
438 280 522 318 260
868 287 901 312 s.
937 282 1168 310 Aueus'rim
1202 280 1384 307 EPISCOPl

434 364 498 398 est
520 354 674 398 veritas
701 352 747 395 in
769 349 955 395 circuitu
977 357 1053 392 tuo
1071 366 1080 392 :
1109 365 1129 388 «
1155 347 1245 389 Tua
1262 352 1326 387 est
1350 352 1486 395 terra,
1502 358 1521 381 »
1535 354 1633 399 quae
1650 336 1817 396 excepit

435 423 660 470 veritatem
680 423 725 466 in
747 419 932 465 circuitu
949 427 1040 462 tuo.
1057 415 1254 474 Denique
1275 413 1383 474 quid
1403 411 1458 455 de
1476 409 1548 454 illa
1564 408 1710 468 pluvia
1728 406 1820 451 sac-

436 504 531 538 tum
553 495 649 537 est?
671 513 691 535 «
715 492 875 535 Orbem
899 499 1111 533 terrarum
1134 495 1176 529 et
1194 482 1510 544 plenitudinem
1531 480 1621 539 ejus
1644 487 1693 521 tu
1716 476 1820 520 fun-

441 583 461 606 »
496 564 628 621 dasti3
648 561 909 622 Aquilonem
928 567 970 601 et
990 556 1123 601 maria
1143 564 1191 598 tu
1212 553 1363 598 creasti
1384 555 1413 596 ¹.
1445 570 1463 592 »
1489 552 1588 595 Non
1608 548 1723 593 enim
1742 546 1822 591 ali-

438 633 544 694 quid
566 641 716 677 eontra
739 641 781 674 te
803 629 943 682 valet,
968 635 1119 671 contra
1140 626 1392 669 Creatorem
1413 636 1556 665 suum.
1583 622 1640 662 Et
1659 616 1822 661 malitia

438 702 617 763 quidem
634 716 710 745 sua
726 735 737 756 ,
762 714 839 759 per
860 713 948 741 suae
965 695 1200 740 voluntatis
1222 691 1548 753 perversitatem
1569 687 1718 732 saevire
1740 701 1823 746 po-

439 783 521 819 test
542 771 734 816 mundus
759 790 768 814 :
789 766 1008 828 numquid
1030 776 1176 809 tamen
1201 762 1368 807 excedit
1386 760 1566 805 modum
1588 758 1778 818 positum
1800 771 1824 801 a

440 846 642 889 Creatore
656 877 667 897 ‚
689 841 764 902 qui
793 839 898 884 feeit
919 836 1094 882 omnia?
1117 834 1234 888 Quid
1255 848 1357 891 ergo
1381 832 1512 875 timeo
1529 826 1825 888 Aquilonem?

440 912 550 974 quid
565 913 698 957 timeo
716 910 879 954 maria?
898 911 974 953 Est
991 907 1170 968 quidem
1191 905 1237 947 in
1260 901 1477 963 Aquilone
1495 898 1695 944 diabolus
1711 932 1722 953 ‚
1749 896 1826 957 qui

441 984 551 1030 dixit
572 1002 582 1028 2
605 1002 625 1024 «
645 986 809 1027 Ponam
827 979 973 1024 sedem
996 991 1138 1021 meam
1160 975 1205 1018 in
1222 972 1501 1034 Aquilonem,
1527 979 1570 1015 et
1588 985 1661 1014 ero
1678 967 1826 1012 similjs

444 1074 465 1097 »
502 1053 752 1098 Altissimo2
777 1070 786 1096 ;
815 1068 835 1090 »
859 1049 934 1093 sed
963 1045 1201 1092 humiliasti
1231 1045 1341 1089 sieut
1373 1042 1649 1087 vulneratum
1673 1053 1826 1098 super-

442 1127 564 1170 bum.
591 1127 707 1181 Ergo
729 1120 848 1182 quod
864 1120 909 1162 in
930 1118 1012 1162 illis
1032 1127 1079 1161 tu
1100 1115 1263 1170 fecisti,
1290 1113 1388 1174 plus
1410 1112 1526 1157 valet
1555 1110 1611 1155 ad
1628 1108 1829 1154 domina·

444 1197 608 1241 tionem
631 1203 751 1237 tuam
766 1227 777 1247 ,
802 1205 934 1252 quam
963 1187 1138 1232 illorum
1159 1184 1361 1230 voluntas
1385 1182 1440 1227 ad
1459 1180 1665 1227 malitiam
1686 1193 1825 1224 suam.

446 1288 467 1311 «
503 1265 766 1327 Aquilonem
788 1273 831 1306 et
849 1260 982 1305 maria
1003 1268 1053 1303 tu
1074 1256 1242 1302 creasti.
1265 1274 1286 1298 »

500 1338 624 1380 XIII.
647 1354 667 1376 «
689 1333 864 1378 Thabor
885 1340 929 1374 et
944 1332 1139 1374 Hermon
1158 1327 1205 1370 in
1223 1325 1400 1370 nomine
1421 1333 1499 1368 tuo
1521 1321 1826 1366 exultabunt.»

442 1411 615 1454 Montes
638 1405 709 1450 isti
733 1402 1061 1461 intelliguntur,
1086 1398 1164 1444 sed
1198 1395 1364 1458 aliquid
1385 1395 1645 1455 significant.
1671 1411 1691 1434 «
1713 1391 1831 1435 Tha-

446 1499 468 1522 »
504 1480 584 1523 bor
605 1487 649 1521 et
671 1479 866 1521 Hermon
883 1474 929 1517 in
950 1471 1127 1517 nomine
1146 1479 1223 1514 tuo
1243 1466 1519 1513 exultabunt.
1539 1485 1556 1506 »
1575 1463 1750 1508 Thabor
1768 1461 1834 1505 in-

446 1549 676 1610 terpretari
703 1547 861 1591 dieitur
881 1544 1071 1589 Veniens
1093 1542 1260 1586 lumen.
1288 1538 1372 1585 Sed
1393 1537 1511 1582 unde
1542 1535 1662 1581 venit
1682 1534 1832 1578 lumen

448 1621 503 1667 de
525 1636 614 1681 quo
636 1619 803 1663 dietum
826 1626 890 1661 est
910 1635 918 1661 :
948 1634 969 1657 «
992 1616 1080 1658 Vos
1102 1613 1200 1656 estis
1220 1611 1370 1656 lumen
1392 1607 1547 1652 mundi
1561 1609 1575 1632 3
1595 1625 1605 1650 :
1633 1624 1653 1647 »
1679 1605 1760 1649 nisi
1777 1604 1833 1649 ab

450 1692 525 1737 illo
547 1692 601 1736 de
619 1706 707 1751 quo
729 1689 898 1733 dictum
920 1695 1008 1731 est:
1038 1704 1059 1726 «
1086 1686 1192 1728 Erat
1211 1681 1361 1726 lumen
1384 1693 1535 1723 verum
1556 1712 1567 1733 ‚
1588 1674 1708 1737 quod
1728 1674 1834 1719 illu-

452 1785 473 1808 »
493 1764 630 1808 minat
643 1776 819 1807 omnem
831 1758 1055 1804 hominem
1071 1755 1320 1800 venientem
1334 1752 1379 1795 in
1395 1752 1515 1795 hune
1531 1747 1800 1792 mundum4?
1811 1764 1831 1787 ι»

451 1835 569 1880 Illud
591 1849 694 1892 ergo
716 1831 864 1876 lumen
891 1827 1012 1889 quod
1036 1835 1100 1871 est
1127 1825 1278 1870 lumen
1295 1821 1471 1875 mundi,
1497 1820 1552 1864 ab
1574 1819 1649 1863 illo
1670 1817 1836 1861 lumine

450 1906 571 1951 venit
591 1902 713 1965 quod
739 1918 830 1946 non
862 1899 1038 1944 aliunde
1060 1895 1312 1942 accenditur
1327 1928 1340 1949 ‚
1365 1902 1414 1936 ut
1436 1888 1680 1935 timendum
1701 1889 1754 1932 sit
1781 1902 1837 1930 ne

453 1979 745 2035 extinguatur.
770 1978 887 2032 Ergo
908 1971 1029 2016 venit
1055 1969 1207 2014 lumen
1229 1967 1285 2011 ab
1311 1965 1409 2020 illo⁷
1434 1963 1613 2007 lucerna
1634 1959 1708 2004 illa
1739 1974 1839 2019 quae

454 2066 543 2094 non
570 2047 747 2108 ponitur
765 2045 846 2089 sub
869 2042 1033 2097 modio,
1059 2039 1133 2084 sed
1156 2053 1284 2098 super
1306 2033 1636 2086 candelabrum,
1662 2029 1840 2074 veniens
1855 2048 1866 2058 ·

452 2122 603 2166 lumen
633 2117 820 2163 Thabor.
858 2118 1053 2159 Hermon
1076 2120 1222 2155 autem
1258 2109 1567 2165 interpretatur
1598 2101 1841 2146 Anathema

455 2194 559 2253 ejus.
600 2189 756 2234 Merito
791 2186 912 2230 venit
938 2184 1088 2228 lumen
1121 2189 1164 2225 et
1184 2179 1351 2224 factum
1379 2184 1444 2219 est
1469 2173 1700 2217 anathema
1730 2171 1838 2231 ejus.

458 2264 608 2322 Cujus,
630 2259 711 2303 nisi
734 2255 914 2310 diaboli,
937 2250 1169 2305 vulnerati⁷
1185 2247 1394 2308 superbi?
1417 2247 1474 2289 Ut
1495 2259 1597 2302 ergo
1619 2240 1842 2285 illumina-

459 2348 629 2387 remur,
656 2330 731 2373 abs
761 2337 803 2371 te
826 2326 978 2370 datum
1000 2333 1063 2367 est
1090 2341 1098 2367 :
1125 2330 1176 2364 ut
1203 2319 1432 2364 anathema
1456 2315 1582 2359 nobis
1604 2321 1741 2367 esset,
1767 2310 1844 2371 qui

459 2420 538 2449 nos
560 2404 604 2446 in
627 2417 705 2446 suo
739 2414 883 2443 errore
919 2405 960 2440 et
994 2392 1196 2454 superbia
1217 2388 1465 2442 detinebat,
1494 2402 1517 2430 a
1542 2395 1586 2429 te
1613 2384 1739 2428 nobis
1762 2391 1840 2426 est.

462 2479 577 2533 Ergo
603 2493 623 2515 «
644 2472 819 2517 Thabor
841 2479 884 2513 et
906 2470 1100 2512 Hermon
1122 2465 1169 2508 in
1195 2461 1371 2506 nomine
1394 2468 1468 2502 tuo
1491 2455 1750 2501 exultabunt
1778 2472 1788 2498 :
1820 2470 1841 2493 »

461 2562 552 2591 non
572 2545 616 2587 in
638 2541 799 2586 meritis
822 2539 931 2594 suis,
956 2537 1031 2581 sed
1046 2571 1057 2592 ,
1088 2554 1107 2577 «
1125 2537 1177 2578 In
1194 2532 1370 2576 nomine
1389 2538 1480 2572 tuo.
1509 2546 1529 2568 »
1551 2527 1707 2571 Dicent
1728 2523 1845 2567 enim

512 2638 520 2652 ¹
543 2628 622 2661 Psal.
644 2636 798 2667 Lxxxvm,
820 2625 870 2656 23.
892 2640 933 2645 -—
952 2629 966 2645 2
984 2622 1055 2652 lsai.
1082 2629 1147 2660 ιη’,
1166 2618 1217 2650 13.
1234 2633 1275 2639 —
1292 2614 1304 2638 3
1320 2613 1433 2646 matth.
1450 2625 1483 2655 v,
1506 2611 1557 2654 14.
1574 2628 1616 2634 --
1633 2605 1649 2636 ⁴
1665 2611 1756 2642 Joan.
1772 2619 1794 2649 1,
1809 2617 1842 2649 9.
