1926 3339
342 331 584 361 ENAnuArio
616 334 661 360 nv
693 331 896 361 rsALMUM
928 334 1116 361 Lxxxm.
1341 326 1423 364 153

41 397 231 457 gradus?
253 401 305 443 In
327 398 471 443 corde.
490 401 664 451 Quanto
681 414 784 458 ergo
806 397 903 458 plus
925 399 1133 443 amaveris
1152 434 1163 454 ,
1186 407 1308 445 tanto
1325 401 1424 460 plus

42 467 259 514 ascendes.
296 487 317 510 «
339 471 571 523 Ascensus,
597 469 761 528 inquit,
786 468 833 512 in
865 469 994 513 corde
1018 470 1108 529 ejus
1138 467 1364 528 disposuit.
1400 488 1419 511 »

41 539 176 593 Quis?
197 539 284 592 Qui
318 540 505 600 suscepit
526 555 652 584 eum:
681 560 700 582 «
721 542 877 584 Beatus
900 541 1037 595 enim,
1069 541 1192 600 cujus
1229 550 1292 584 est
1328 556 1423 585 sus-

43 629 64 652 »
99 610 241 670 ceptio
258 611 347 670 ejus
381 610 456 654 abs
493 620 535 654 te
551 645 561 665 ,
586 611 786 655 Domine.
817 631 834 652 »
852 611 962 664 Quia
978 626 1055 670 per
1077 626 1121 655 se
1140 626 1231 655 non
1252 620 1421 670 potest,

41 697 149 741 opus
172 691 235 725 est
248 690 296 725 ut
319 682 453 741 gratia
476 691 549 726 tua
574 682 789 742 suscipiat.
810 684 866 725 Et
894 682 999 742 quid
1028 680 1130 726 facit
1153 682 1286 741 gratia
1318 684 1425 726 tua?

39 752 443 812 Disponitascensus
459 752 504 796 in
516 751 752 797 corde.Ubi
765 752 1204 812 disponitascensus?«
1214 756 1264 796 In
1274 751 1420 807 corde,

43 841 63 863 »
90 823 135 866 in
147 821 342 866 convalle
357 822 771 882 plorationis.»Eccc
786 823 952 866 habetis
974 822 1164 866 torcular
1180 821 1423 867 convallem

39 891 292 952 plorationis
309 912 317 937 ε
337 893 439 952 ipsae
459 893 664 950 lacrymae
685 892 768 952 piae
791 892 1183 937 contribulatorum
1203 926 1213 947 ,
1231 902 1424 936 mustum

40 972 141 1007 sunt
162 963 416 1007 amantium.
446 982 463 1002 «
490 966 702 1007 Ascensus
723 963 769 1005 in
790 962 921 1007 corde
938 964 1028 1022 ejus
1047 963 1272 1023 disposuit.
1293 981 1313 1003 »
1341 962 1423 1007 Ubi

40 1048 142 1092 ergo
164 1031 399 1092 disposuit?
417 1053 433 1073 α
449 1036 499 1077 In
514 1032 711 1077 convalle
725 1032 991 1092 plorationis.
1008 1053 1026 1074 »
1049 1033 1129 1077 Hic
1144 1032 1261 1077 enim
1281 1032 1423 1092 dispo-

39 1103 124 1147 suit
147 1119 344 1148 ascensus
367 1123 374 1148 :
406 1123 425 1146 «
453 1107 503 1147 In
520 1102 718 1148 convalle
734 1103 999 1163 plorationis.
1014 1104 1128 1148 »Hic
1146 1103 1259 1147 enim
1274 1103 1423 1163 plora-

39 1183 125 1228 tur,
150 1174 226 1218 ubi
250 1176 500 1218 seminatur.
531 1193 551 1216 ι(
576 1177 741 1219 Euntes
757 1210 767 1229 ,
792 1174 957 1235 inquit,
989 1174 1115 1218 ibant
1146 1183 1189 1218 et
1224 1174 1390 1218 flebant
1409 1209 1420 1230 ,

42 1262 62 1285 »
97 1244 316 1288 mittentes
353 1245 513 1289 semina
543 1249 660 1289 sua2.
683 1266 700 1286 >›
726 1247 843 1304 Ergo
875 1260 1072 1289 ascensus
1099 1245 1145 1289 in
1178 1244 1308 1289 corde
1345 1254 1423 1289 tuo

38 1315 124 1360 sint
144 1315 338 1375 dispositi
361 1333 383 1360 a
406 1319 494 1360 Deo
516 1332 594 1376 per
617 1317 796 1374 gratiam
817 1316 965 1376 ipsius,
997 1316 1197 1361 Amando
1220 1317 1419 1361 ascende.

40 1385 149 1430 Inde
171 1395 370 1430 cantatur
399 1387 627 1431 Canticum
651 1386 882 1446 graduum.
918 1390 976 1432 Et
1007 1388 1083 1431 ubi
1108 1386 1189 1431 tibi
1212 1386 1425 1446 disposuit

38 1457 116 1502 hos
150 1460 375 1502 ascensus?
401 1478 420 1500 «
456 1462 507 1502 In
530 1457 687 1513 corde,
716 1458 761 1502 in
784 1458 980 1502 convalle
1004 1458 1271 1517 plorationis.
1299 1477 1320 1499 »
1346 1459 1423 1503 Di-

38 1528 125 1583 xit,
151 1528 229 1571 ubi
259 1528 604 1588 disposuit?quo
626 1527 863 1587 disposuit?
888 1529 1002 1581 Quid
1029 1529 1271 1588 disposuit?
1298 1548 1318 1571 «
1342 1532 1424 1573 As-

44 1618 62 1640 »
97 1614 263 1643 census.
297 1617 318 1639 >›
346 1599 460 1643 Ubi?
479 1602 601 1643 Intus
629 1618 645 1639 «
674 1602 726 1643 In
747 1598 893 1643 corde.
929 1618 948 1640 »
976 1602 1027 1643 In
1050 1616 1137 1659 qua
1158 1600 1356 1657 regione,
1382 1608 1425 1643 et

40 1669 161 1730 quasi
190 1669 468 1714 habitationis
497 1670 624 1714 loco?
658 1689 678 1711 «
710 1673 763 1714 In
793 1669 991 1714 convalle
1022 1670 1290 1730 plorationis.
1320 1688 1340 1711 »
1368 1672 1426 1714 Ut

39 1757 128 1801 quo
153 1741 437 1785 ascendatur?
465 1761 484 1782 «
511 1744 563 1785 In
584 1740 734 1786 locum
765 1757 895 1802 quem
920 1741 1186 1800 disposuit.»
1213 1741 1330 1794 Quid
1362 1751 1427 1786 est

41 1813 122 1856 hoc
137 1847 148 1867 ,
176 1810 348 1866 fratres,
379 1832 397 1853 «
420 1815 470 1856 Iu
484 1811 629 1856 locum
650 1828 780 1872 quem
804 1812 1044 1872 disposuit?
1075 1833 1092 1853 »
1114 1815 1255 1865 Quem
1278 1812 1425 1856 locum

40 1883 224 1938 diceret,
255 1899 386 1943 quem
414 1883 648 1943 disposuit,
675 1883 709 1926 si
739 1883 826 1928 dici
847 1885 1016 1943 posset?
1037 1884 1211 1928 Dictum
1235 1884 1312 1927 tibi
1335 1893 1398 1927 est
1413 1919 1423 1939 ,

45 1972 62 1994 «
93 1958 308 1998 Ascensus
334 1953 544 2013 disposuit
564 1954 609 1998 in
632 1953 762 1998 corde
778 1989 788 2009 ,
819 1954 865 1997 in
884 1953 1081 1998 convalle
1102 1954 1371 2013 plorationis.
1405 1974 1422 1995 »

42 2024 204 2077 Quaeris
227 2025 342 2084 quo?
364 2023 479 2077 Quid
508 2024 588 2067 tibi
612 2023 808 2068 dicturus
831 2026 923 2067 cst?
956 2043 974 2065 «
1000 2025 1126 2076 Quod
1155 2023 1308 2068 oculus
1338 2039 1428 2067 non

45 2114 64 2137 n
97 2093 228 2149 vidit,
254 2109 334 2138 nec
355 2094 467 2138 auris
489 2094 681 2149 audivit,
703 2110 782 2138 nec
800 2094 845 2137 in
863 2110 937 2139 cor
953 2094 1140 2138 hominis
1159 2092 1352 2138 ascendit
1367 2096 1382 2119 ³
1407 2114 1423 2133 »

42 2164 173 2210 Collis
191 2173 275 2219 est,
305 2180 428 2208 mons
451 2173 535 2218 cst,
568 2173 680 2208 terra
703 2174 791 2218 est,
818 2173 992 2223 pratum
1015 2174 1100 2222 est3
1129 2179 1263 2224 prope
1284 2163 1429 2208 omnia

42 2235 121 2279 ista
144 2234 284 2279 dictus
306 2245 370 2279 est
396 2234 517 2279 locus
538 2233 625 2278 ille.
665 2235 748 2279 Sed
781 2233 889 2295 quid
911 2234 964 2278 sit
995 2250 1068 2294 per
1090 2235 1426 2294 proprietatem,

43 2322 132 2350 non
154 2322 232 2366 per
252 2305 604 2360 similitudinem,
637 2304 870 2362 (Videmus
891 2305 1007 2348 enim
1029 2321 1148 2348 nunc
1171 2320 1249 2364 per
1272 2319 1430 2364 specu-

42 2375 134 2420 lum
156 2377 200 2419 in
217 2377 447 2435 aenigmate
469 2375 576 2436 quid
597 2376 652 2419 sit
667 2375 739 2418 ille
760 2375 902 2429 locus,
923 2384 1029 2418 tunc
1053 2374 1299 2418 videbimus
1323 2374 1432 2418 facie

46 2446 100 2490 ad
121 2446 275 2490 faciem
288 2447 304 2471 4
322 2466 329 2490 :
347 2451 360 2502 )
379 2445 474 2506 quis
495 2446 704 2504 explicet?
718 2444 815 2490 Noli
829 2460 932 2504 ergo
955 2460 1151 2505 quaerere
1168 2460 1256 2505 quo
1281 2444 1432 2503 dispo—

46 2517 151 2572 suit,
182 2537 200 2558 «
226 2520 277 2560 In
298 2516 444 2561 locum
477 2532 607 2576 quem
631 2515 858 2575 disposuit.
892 2535 911 2556 »
943 2520 1038 2575 Ipse
1060 2516 1181 2560 novit
1203 2531 1315 2576 quo,
1342 2516 1432 2574 ipse

46 2589 167 2634 novit
186 2588 261 2648 qui
277 2587 488 2647 disposuit
505 2603 592 2648 quo
612 2597 652 2631 te
675 2587 833 2642 ducat,
858 2589 982 2648 cujus
1006 2603 1208 2631 ascensus
1230 2587 1277 2630 in
1300 2585 1431 2631 corde

95 2679 103 2694 ¹
126 2672 204 2704 Psal.
228 2683 357 2709 Lxxxui,
379 2683 409 2713 ς.
435 2690 475 2694 -
495 2679 506 2693 ²
527 2673 573 2703 Id.
600 2683 690 2712 cxxv,
708 2671 741 2702 6.
767 2689 807 2693 -
825 2669 838 2693 3
862 2683 871 2703 1
894 2673 965 2703 Cor.
987 2682 1021 2712 11,
1038 2682 1070 2713 9.
1090 2670 1220 2703 —61d.
1241 2681 1308 2711 xm,
1328 2679 1379 2702 12.
