1926 3339
474 280 554 318 160
891 289 924 316 s.
960 288 1190 316 Areusnm
1223 288 1403 314 Emscom

464 343 703 387 veritatem.
739 341 862 387 Unde
892 350 1034 385 servat
1062 341 1318 385 veritatem?
1345 359 1363 381 «
1390 343 1526 391 Quam
1557 337 1711 381 reddet
1738 339 1847 382 mihi

468 433 488 456 »
524 414 732 459 Dominus
754 413 799 457 in
818 412 894 456 illo
916 413 986 457 die
1003 414 1144 473 justus
1165 411 1298 472 judex
1313 414 1341 453 ¹.
1372 429 1391 450 »
1415 407 1738 467 Indulgentiam
1769 408 1849 453 do-

465 484 585 528 navit
600 519 610 539 ‚
631 498 837 528 coronam
858 481 1033 527 reddet:
1056 481 1241 526 donator
1259 490 1323 524 est
1343 478 1628 538 indulgentiae
1641 513 1652 533 ,
1677 477 1850 523 debitor

465 571 652 599 coronae.
680 553 805 598 Unde
828 553 1028 597 debitor?
1044 552 1209 610 accepit
1225 550 1416 611 aliquid?
1429 546 1512 595 Cui
1533 549 1664 593 debet
1685 547 1851 609 aliquid

465 626 610 669 Deus?
633 627 745 668 Ecce
766 623 963 668 videmus
985 622 1087 682 quia
1119 630 1239 665 tenet
1265 636 1365 664 eum
1391 620 1631 664 debitorem
1661 618 1848 676 Paulus,

467 703 724 739 consecutus
751 692 1087 737 misericordiam
1103 727 1114 747 ,
1146 692 1318 749 exigens
1347 692 1572 736 veritatem
1597 705 1606 731 :
1636 709 1654 731 «
1680 689 1852 736 Reddet

466 766 598 819 mihi,
623 764 790 825 inquit,
815 763 1024 809 Dominus
1042 763 1086 806 in
1104 761 1178 806 illo
1197 760 1282 805 die.
1303 779 1324 803 »
1342 761 1460 814 Quid
1476 760 1555 804 tibi
1568 759 1721 804 reddet
1736 795 1747 815 ,
1771 760 1854 805 nisi

467 835 587 895 quod
610 835 688 879 tibi
715 835 875 879 debet?
897 834 1023 879 Unde
1045 833 1125 877 tibi
1153 832 1314 876 debet?
1339 830 1447 892 quid
1473 830 1512 874 ei
1540 829 1726 875 dedisti?
1747 831 1854 884 Quis

467 907 585 966 prior
610 906 733 951 dedit
763 906 853 962 illi,
889 915 933 950 et
959 905 1225 949 retribuetur
1247 902 1345 946 ei2?
1374 902 1623 946 Debitorem
1642 901 1854 946 Dominus

468 978 558 1036 ipse
579 992 623 1021 se
648 976 775 1030 fecit,
813 992 904 1021 non
930 973 1205 1034 accipiendo,
1241 973 1316 1018 sed
1344 971 1655 1032 promittendo.
1685 975 1783 1018 Non
1815 972 1856 1016 ei
1898 992 1903 1022 «,

470 1047 629 1091 dicitur
650 1066 660 1092 :
685 1045 839 1091 Redde
861 1045 982 1106 quod
1005 1044 1227 1104 accepisti:
1253 1043 1348 1099 sed,
1373 1042 1525 1087 Redde
1547 1043 1668 1103 quod
1688 1042 1855 1102 promi·
1899 1052 1918 1085 .’

470 1117 574 1161 sisti.
600 1116 941 1161 Misericordiam
962 1116 1068 1160 mihi
1092 1115 1309 1174 erogavit,
1333 1114 1500 1174 inquit,
1532 1123 1583 1158 ut
1602 1113 1764 1158 faceret
1786 1128 1856 1157 me

470 1187 771 1230 innocentem:
795 1201 895 1229 nam
912 1186 1032 1245 prius
1054 1184 1119 1229 fui
1141 1184 1419 1244 blasphemus
1441 1193 1484 1227 et
1500 1183 1757 1243 injuriosus;
1781 1182 1856 1227 sed

471 1272 521 1299 ex
544 1255 658 1300 illius
680 1256 813 1314 gratia
835 1255 974 1300 factus
998 1272 1092 1299 sum
1121 1255 1347 1298 innocens.
1374 1253 1454 1297 Ille
1477 1263 1620 1297 autem
1645 1253 1720 1312 qui
1741 1268 1856 1312 prae·
1900 1267 1903 1284 2

471 1327 638 1384 rogavit
664 1325 1025 1378 misericordiam,
1050 1340 1207 1384 negare
1224 1325 1383 1383 poterit
1404 1323 1636 1367 debitum?
1663 1342 1683 1364 «
1707 1321 1859 1381 Diligit

474 1415 493 1436 »
530 1395 866 1440 misericordiam
889 1405 931 1439 et
947 1396 1188 1440 veritatem.
1215 1394 1406 1439 Gratiam
1425 1403 1468 1437 et
1485 1393 1665 1451 gloriam
1680 1392 1815 1436 dabit.
1835 1411 1855 1434 »

472 1468 612 1519 Quam
633 1466 830 1523 gratiam,
852 1466 931 1510 nisi
949 1467 1003 1510 de
1025 1466 1212 1526 quaipse
1231 1465 1337 1509 dixit
1355 1484 1363 1509 :
1381 1464 1526 1508 Gratia
1537 1463 1614 1508 Dei
1627 1478 1723 1507 sum
1740 1462 1861 1523 quod

472 1538 593 1579 sum?
618 1539 758 1589 Quam
782 1537 984 1593 gloriam,
1009 1537 1092 1580 nisi
1107 1536 1161 1580 de
1179 1552 1266 1596 qua
1283 1536 1374 1595 ipse
1395 1534 1519 1589 dixit,
1544 1542 1739 1594 superest
1754 1533 1861 1577 mihi

473 1622 630 1650 corona
651 1606 855 1665 justitiae?

530 1680 674 1721 XVII.
712 1677 833 1731 Ideo,
868 1697 888 1719 «
924 1677 1158 1732 Dominus,
1194 1676 1338 1736 inquit
1353 1711 1363 1730 ,
1405 1690 1495 1719 non
1517 1673 1706 1734 privabit
1738 1673 1862 1718 bonis

477 1766 497 1789 »
533 1746 805 1791 ambulantes
826 1747 872 1790 in
893 1747 1183 1791 innocentiass.
1212 1765 1232 1788 )›
1259 1749 1403 1799 Quare
1428 1760 1531 1803 ergo
1553 1744 1750 1788 homines
1772 1759 1864 1788 non

474 1817 605 1862 vultis
641 1826 787 1860 tenere
818 1817 1137 1872 innocentiam,
1170 1817 1252 1860 nisi
1284 1826 1333 1860 ut
1362 1815 1557 1859 habeatis
1590 1815 1737 1859 bona?
1765 1817 1864 1859 Non

474 1887 569 1932 vult
591 1896 737 1930 tenere
759 1887 1053 1932 innocentiam
1074 1922 1084 1942 ,
1110 1896 1160 1931 ut
1177 1902 1266 1931 non
1289 1885 1442 1930 reddat
1460 1884 1578 1946 quod
1599 1884 1662 1928 illi
1683 1885 1865 1942 assigna·

475 1968 547 2002 tur
580 1977 588 2001 :
617 1972 772 2001 aurum
803 1957 899 2001 vult
932 1958 1120 2011 babere,
1159 1967 1202 2002 et
1243 1957 1387 2017 perdit
1406 1955 1714 2000 innocentiam.
1749 1953 1866 2008 Quid

474 2027 698 2072 lucratur?
720 2027 828 2086 quid
845 2027 1181 2071 damnificatur?
1205 2027 1349 2071 Habet
1366 2026 1539 2070 lucrum
1566 2026 1681 2081 auri,
1717 2039 1865 2084 passus

475 2107 539 2142 est
555 2097 765 2142 damnum
783 2098 1059 2142 innocentiae.
1076 2101 1151 2141 Est
1168 2097 1331 2157 aliquid
1344 2097 1572 2157 pretiosius
1590 2096 1867 2140 innocentia?

478 2168 563 2213 Sed
583 2169 617 2212 si
638 2168 933 2213 innocentiam
952 2169 1149 2212 retinebo
1163 2203 1174 2222 ‚
1199 2167 1365 2227 inquit,
1391 2182 1556 2226 pauper
1572 2182 1661 2211 ero.
1694 2169 1867 2210 Parvae-

475 2254 530 2282 ne
553 2238 714 2283 divitiae
736 2239 827 2298 ipsa
849 2238 1125 2283 innocentia?
1149 2238 1192 2283 Si
1210 2252 1352 2282 arcam
1368 2237 1542 2296 plenam
1566 2252 1672 2281 auro
1699 2236 1869 2280 habue-

476 2310 555 2365 ris,
579 2309 696 2354 dives
719 2310 799 2354 eris
822 2329 831 2354 :
858 2311 893 2354 si
915 2326 989 2354 cor
1008 2309 1211 2353 habueris
1228 2344 1239 2364 ,
1260 2309 1439 2368 plenum
1459 2309 1729 2359 innocentia,
1753 2324 1868 2368 pau-

475 2395 553 2439 per
571 2380 684 2424 eris?
710 2379 793 2425 Sed
815 2396 915 2425 ecce
944 2380 1060 2425 bona
1093 2379 1363 2434 desiderans,
1401 2379 1533 2424 modo
1567 2380 1613 2423 in
1649 2388 1864 2437 egestate,
1903 2416 1909 2443 ἱ

476 2451 521 2493 in
544 2450 824 2495 tribulatione
843 2486 854 2506 ,
887 2451 934 2495 in
955 2449 1152 2495 convalle
1181 2450 1461 2510 plorationis,
1497 2450 1544 2494 in
1571 2465 1794 2509 pressura,
1821 2449 1868 2493 in

476 2520 810 2576 tentationibus,
836 2536 957 2566 serva
985 2520 1294 2565 innocentiam.
1321 2521 1415 2564 Erit
1434 2520 1549 2563 enim
1570 2529 1719 2579 postea
1737 2518 1867 2563 etiam
1902 2571 1907 2584 .·

529 2605 538 2622 ¹
565 2613 584 2637 2
603 2604 686 2637 Tim.
701 2616 750 2647 ιν,
771 2615 804 2647 7,
825 2604 857 2638 8.
877 2621 919 2628 -
941 2610 954 2628 ²
978 2607 1069 2638 Rom.
1087 2616 1131 2646 xi,
1151 2603 1205 2636 35.
1226 2620 1268 2627 —
1288 2601 1300 2626 ³
1321 2603 1403 2637 Psal.
1423 2614 1549 2645 Lxxnn,
1571 2604 1622 2635 13.
