1926 3339
408 314 651 344 ENARRATIO
683 317 730 344 m
761 314 962 344 PsALMUM
996 317 1115 344 xcm.
1382 307 1466 346 373

81 379 268 440 quitates
292 380 528 434 malorum,
554 396 654 442 quae
675 396 764 425 non
789 380 834 424 in
855 381 968 440 ipsos
996 381 1109 425 fiunt
1135 400 1144 426 :
1165 381 1240 426 sed
1270 382 1382 427 sicut
1403 382 1468 427 fe-

81 460 185 494 runt
208 467 308 511 quae
325 452 371 495 in
390 450 494 496 alios
518 452 632 496 fiunt
648 486 659 506 ,
685 451 744 495 sic
770 449 912 495 ferant
931 460 974 496 et
996 468 1096 513 quae
1126 452 1171 496 in
1192 453 1305 511 ipsos
1334 454 1462 497 fiunt.

78 522 176 565 Non
191 521 306 565 enim
328 531 556 582 propterea
575 521 740 566 debent
760 521 873 566 ferre
886 531 928 566 et
943 521 1150 578 tolerare,
1171 523 1274 583 quia
1297 523 1342 566 in
1362 523 1467 567 alios

77 592 191 636 fiunt
212 611 220 636 :
246 593 325 637 etsi
345 592 391 636 in
417 608 460 637 se
486 593 614 649 fiant,
655 608 744 637 non
775 592 940 637 debent
970 593 1151 653 perdere
1175 593 1462 638 tolerantiam.

77 665 187 709 Nam
222 665 299 725 qui
325 664 563 725 perdiderit
590 664 887 721 tolerantiam,
922 665 1079 710 cecidit
1113 665 1168 710 de
1201 666 1316 711 coelo
1348 682 1358 708 x
1389 666 1468 726 qui

76 744 223 780 autem
256 737 390 781 fixum
424 737 558 781 habet
579 737 720 782 corin
753 737 892 793 coelo,
912 747 1026 783 terra
1059 738 1192 797 ipsius
1222 737 1394 782 laborat
1419 738 1466 782 in

74 815 202 852 terra.
222 812 391 862 Quanta
414 818 456 852 et
473 808 527 853 de
548 809 648 868 ipsis
671 809 960 854 luminaribus
982 810 1157 868 fingunt
1177 810 1396 863 homines,
1423 818 1467 854 et

73 878 288 939 patienter
325 879 501 924 ferunt?
543 880 766 939 quomodo
793 881 899 941 justi
922 881 1138 941 patienter
1161 880 1324 925 debent
1353 881 1467 925 ferre

74 965 224 994 omnes
246 950 376 994 etiam
400 951 454 994 de
477 966 521 994 se
550 950 678 995 falsas
695 951 1030 996 criminationes.
1061 954 1154 995 Hoc
1177 951 1319 1010 ipsum
1343 950 1465 1010 quod

67 1021 158 1081 jam
176 1019 346 1065 dudum
369 1021 483 1076 dixi,
505 1021 607 1082 quia
621 1020 694 1066 illa
712 1020 837 1066 stella
852 1021 1056 1066 Mercurii
1074 1031 1158 1076 est,
1179 1030 1222 1065 et
1244 1020 1317 1064 illa
1343 1020 1465 1065 stella

75 1093 248 1137 Saturni
271 1102 355 1147 est,
377 1102 420 1136 et
451 1092 525 1137 illa
558 1092 681 1137 stella
708 1093 824 1137 Jovis
853 1102 940 1147 est,
967 1093 1159 1138 convicia
1180 1093 1294 1136 fiunt
1314 1091 1461 1136 stellis.

71 1164 210 1219 Quid,
237 1164 323 1208 illae
342 1180 441 1209 cum
465 1165 652 1210 audiunt
668 1174 787 1209 tanta
804 1165 1018 1220 convicia,
1046 1163 1263 1225 numquid
1285 1179 1468 1208 moven-

70 1243 169 1290 tur,
189 1244 265 1280 aut
287 1252 377 1280 non
406 1246 605 1280 exercent
638 1252 788 1280 cursus
814 1237 948 1280 suos?
975 1236 1042 1281 Sic
1065 1245 1108 1280 et
1127 1237 1261 1280 homo
1277 1271 1287 1290 ‚
1313 1235 1389 1295 qui
1420 1235 1465 1278 in

70 1307 246 1352 natione
264 1324 462 1368 perversa
480 1317 523 1352 et
546 1318 740 1353 tortuosa
761 1308 894 1352 habet
921 1308 1107 1352 verbum
1129 1308 1232 1361 Dei,
1267 1307 1379 1351 sicut
1394 1305 1466 1350 lu-

68 1379 235 1424 minare
256 1389 320 1425 est
347 1379 521 1439 fulgens
543 1381 587 1423 in
611 1379 738 1424 coelo.
765 1380 928 1433 Quanti
950 1380 1027 1440 qui
1058 1379 1138 1423 sibi
1159 1378 1365 1424 videntur
1381 1379 1467 1422 ho-

68 1465 225 1494 norare
251 1449 408 1505 solem,
445 1450 499 1494 de
525 1449 602 1495 illo
626 1451 933 1494 mentiuntur?
961 1450 1047 1503 Qui
1071 1448 1246 1503 dicunt,
1271 1449 1467 1493 Christus

68 1530 132 1564 est
163 1521 254 1576 sol,
292 1521 568 1565 mentiuntur
600 1520 655 1564 de
682 1520 771 1565 sole
797 1541 805 1565 :
831 1520 961 1566 Novit
984 1520 1048 1565 sol
1080 1520 1314 1564 Dominum
1338 1535 1465 1563 suum

67 1606 157 1635 esse
178 1591 402 1637 Christum
424 1601 467 1635 et
496 1593 747 1636 Creatorem
771 1607 915 1635 suum.
941 1594 998 1635 Et
1015 1591 1048 1635 si
1066 1591 1283 1650 indignari
1305 1600 1463 1649 potest,

68 1662 265 1707 acerbius
287 1662 546 1721 indignatur
568 1671 719 1707 contra
742 1661 850 1707 falso
868 1663 1157 1707 honorantem
1178 1697 1188 1717 ‚
1205 1676 1339 1722 quain
1361 1677 1468 1705 con-

67 1742 133 1778 tra
167 1733 553 1777 contumeliosum.
585 1736 717 1777 Servo
740 1734 856 1777 enim
889 1733 1008 1777 bono
1039 1735 1179 1793 major
1201 1731 1467 1776 contumelia

67 1813 131 1848 est
151 1804 312 1864 injuria
336 1805 526 1848 Domini.
550 1807 724 1858 Quanta
739 1802 844 1847 falsa
868 1804 923 1848 de
940 1803 1042 1863 ipsis
1064 1803 1352 1847 luminaribus
1375 1804 1471 1863 qui-

68 1874 168 1918 dam
187 1874 370 1918 dicunt?
383 1883 426 1918 et
452 1873 621 1928 ferunt,
640 1874 852 1930 tolerant,
870 1884 912 1918 et
927 1890 1015 1918 non
1034 1883 1281 1918 moventur.
1302 1876 1469 1927 Quare?

67 1945 180 1998 Quia
201 1944 247 2008 in
270 1944 384 1988 coelo
403 1955 519 1989 sunt.
541 1944 715 1990 Coelum
739 1954 885 1989 autem
905 1945 1012 2005 quid
1030 1947 1122 1990 est?
1143 1947 1231 1989 Nec
1253 1945 1337 1988 hoc
1355 1960 1469 2004 prze-

67 2017 358 2061 tei-mittamus
375 2037 383 2061 :
402 2026 566 2078 quanta
587 2017 863 2060 mentiuntur
875 2017 1075 2061 homines
1090 2053 1100 2072 ‚
1123 2016 1302 2077 quando
1319 2015 1471 2061 vident

69 2087 290 2132 obscurari
313 2087 480 2142 lunam,
499 2097 541 2130 et
558 2086 712 2130 dicunt
729 2104 737 2129 :
756 2086 941 2132 Malefici
963 2086 1081 2131 illam
1099 2085 1354 2146 deponunt?
1367 2102 1468 2130 cum

69 2159 195 2202 certis
218 2159 488 2217 temporibus
523 2157 748 2201 defectum
778 2174 906 2201 suum
941 2158 1102 2202 habeat
1128 2156 1368 2201 secundum
1394 2160 1470 2200 Dei

70 2228 414 2289 dispositionem.
441 2232 539 2274 Non
574 2238 699 2272 curat
720 2238 867 2272 tamen
890 2229 969 2272 ista
992 2228 1121 2271 verba
1144 2227 1374 2271 hominum
1396 2227 1470 2271 illa

70 2317 170 2361 quae
190 2301 236 2344 in
258 2300 373 2345 coelo
408 2310 486 2345 est.
517 2300 601 2345 Sed
632 2301 740 2360 quid
769 2309 832 2344 est
849 2335 859 2353 ,
886 2300 930 2343 in
953 2291 1097 2344 coelo?
1120 2303 1171 2343 In
1193 2299 1470 2343 firmamento

71 2371 173 2416 coeli
196 2381 273 2416 est.
305 2373 440 2432 Cujus
464 2387 568 2431 ergo
590 2387 665 2416 cor
685 2372 731 2416 in
759 2372 1035 2415 firmamento
1057 2370 1158 2414 libri
1177 2371 1252 2415 Dei
1271 2379 1335 2414 est
1354 2405 1365 2425 ,
1390 2369 1467 2413 ista

71 2460 162 2489 non
179 2453 318 2489 curat.

129 2518 206 2560 VI.
231 2519 341 2561 Nam
360 2515 521 2560 coelum
538 2551 549 2571 ,
567 2514 612 2559 id
629 2524 694 2560 est
708 2551 719 2572 ‚
744 2515 1069 2559 firmamentum
1087 2550 1097 2569 ‚
1118 2512 1377 2572 intelligitur
1392 2528 1448 2572 pe

72 2586 257 2645 figuram
276 2587 407 2632 Liber
429 2587 570 2646 Legis.
597 2585 702 2633 Ideo
723 2585 917 2647 quodam
934 2584 1033 2630 loco
1054 2584 1238 2630 dicitur:
1259 2603 1279 2625 «
1304 2586 1443 2627 Exten
1462 2614 1469 2618 -
