1926 3339
384 295 625 324 ENARRATIO
659 300 700 324 ΙΝ
737 298 939 324 PsALMUM
974 297 1146 323 LXXXMI.
1364 289 1440 326 16].

60 361 223 405 bonum
244 369 366 404 tuum
388 395 398 414 ‚
424 360 544 420 quod
577 361 793 407 desideras
815 397 824 416 ‚
856 360 1024 422 requies
1045 396 1055 416 ,
1089 362 1330 417 aeternitas,
1364 363 1446 406 im-

59 429 294 475 mortalitas
311 465 322 485 ,
347 430 668 490 impassibilitas
687 432 767 476 erit
785 442 931 492 postea
953 452 960 476 :
980 432 1070 492 ipsa
1092 441 1194 476 sunt
1209 432 1321 476 bona
1346 448 1445 492 quae

60 510 199 545 servat
221 504 335 544 Deus
348 501 473 561 justis
489 502 591 545 suis.
613 504 722 546 Nam
740 503 854 546 bona
872 519 970 562 quae
988 502 1120 546 modo
1139 501 1356 546 desideras
1369 518 1449 561 pro

58 586 215 629 magno
232 606 242 625 ‚
269 580 447 630 propter
471 588 570 631 quae
591 572 654 615 vis
682 587 772 616 esse
800 588 961 617 nocens
976 608 986 627 ‚
1019 581 1062 616 et
1085 588 1175 617 non
1212 573 1419 617 innocens
1434 607 1446 627 ,

57 640 233 684 attende
255 639 326 684 illa
348 642 422 700 qui
444 641 610 685 habent
626 677 637 697 ,
670 643 746 702 qui
768 642 925 686 talibus
956 642 1198 687 abundant.
1225 643 1357 687 Vides
1384 642 1450 686 di-

56 710 180 755 vitias
201 710 318 770 apud
340 710 528 755 latrones
543 746 554 766 ‚
575 711 693 771 apud
714 712 890 772 impios,
918 713 1034 772 apud
1055 713 1282 757 sceleratos
1297 748 1307 768 ,
1329 711 1448 772 apud

56 790 202 841 turpes
220 816 230 835 ,
255 781 373 840 apud
402 781 636 840 flagitiosos
659 793 702 826 ct
718 783 982 827 facinorosos
1003 783 1122 827 vides
1145 783 1314 827 divitias
1337 802 1345 827 z
1373 782 1449 826 dat

55 851 137 897 illis
169 855 283 896 Deus
322 852 401 896 ista
438 863 615 912 propter
652 854 1006 898 communionem
1038 854 1203 910 generis
1234 854 1442 907 humani,

55 931 232 982 propter
264 923 563 967 abundantem
596 924 864 967 affluentiam
900 924 1104 967 bonitatis
1145 939 1234 968 suae
1252 945 1262 981 3
1307 943 1327 965 «
1363 924 1446 976 Qui

58 1011 78 1035 »
113 994 242 1037 etiam
264 992 398 1037 solem
422 1008 548 1036 suum
568 994 670 1038 oriri
699 993 804 1037 facit
826 1009 955 1053 super
978 994 1118 1038 bonos
1148 1003 1191 1037 et
1216 993 1352 1037 malos
1369 1028 1379 1047 ‚
1406 1003 1449 1037 et

59 1081 78 1105 »
112 1063 223 1123 pluit
238 1064 512 1123 Stiperjustos
525 1064 796 1124 etinjustos¹.
817 1083 836 1104 n
857 1067 993 1107 Tanta
1011 1063 1139 1108 datet
1154 1064 1293 1118 malis,
1315 1063 1448 1107 ettibi

55 1133 162 1179 nihil
183 1136 347 1178 servat?
372 1133 548 1178 Falsum
567 1144 630 1178 est
662 1134 783 1195 quod
805 1134 887 1178 tibi
909 1135 1137 1194 promisit?
1172 1137 1345 1189 Servat,
1382 1149 1448 1178 se-

55 1220 183 1250 curus
204 1214 310 1249 esto.
328 1205 413 1258 Qui
426 1205 624 1249 misertus
638 1215 701 1249 est
719 1205 805 1261 tui,
827 1221 927 1249 cum
946 1220 1054 1249 esses
1079 1205 1239 1265 impius
1256 1241 1266 1260 ‚
1287 1205 1446 1250 descrit

54 1285 122 1331 te,
148 1291 249 1320 cum
282 1273 422 1320 sactus
445 1291 488 1319 es
525 1276 655 1336 pius?
688 1276 774 1329 Qui
802 1275 1020 1335 peccatori
1047 1275 1225 1320 donavit
1259 1285 1445 1321 mortem

55 1346 152 1391 Filii
169 1346 256 1401 sui,
273 1345 380 1406 quid
392 1355 531 1390 servat
552 1346 715 1391 salvato
735 1361 812 1406 per
825 1356 1010 1391 mortem
1031 1346 1130 1390 Filii
1152 1347 1245 1390 sui'?
1261 1349 1447 1392 Securus

54 1431 156 1475 ergo
177 1425 283 1461 esto.
314 1419 429 1460 Tene
459 1415 702 1460 debitorem
723 1452 733 1471 ‚
760 1418 862 1476 quia
892 1415 1112 1460 credidisti
1141 1416 1187 1460 in
1214 1417 1448 1476 promisso-

38 1480 159 1531 iem.
191 1487 437 1531 «Dominus
460 1502 550 1530 non
573 1486 761 1545 privabit
790 1487 915 1531 honis
947 1486 1220 1531 ambulantes
1252 1487 1299 1531 in
1320 1487 1449 1531 inno-

57 1576 77 1599 »
111 1558 266 1602 centia.
298 1578 315 1599 »
343 1560 460 1617 Ergo
487 1557 594 1617 quid
629 1557 755 1601 nobis
790 1557 860 1601 hic
897 1566 1027 1601 restat
1058 1557 1104 1601 in
1138 1557 1374 1611 torculari,
1400 1557 1447 1601 in

53 1629 314 1682 afflictione,
346 1627 392 1671 in
432 1643 477 1672 re
507 1626 643 1681 dura,
684 1628 729 1671 in
769 1628 998 1686 praesentia
1035 1628 1136 1672 vitae
1168 1627 1450 1686 periculosae?

54 1697 162 1759 quid
182 1697 307 1743 nobis
334 1707 491 1752 restat,
517 1706 567 1741 ut
588 1696 692 1741 illuc
718 1697 1047 1756 perveniamus?
1071 1716 1091 1739 «
1124 1698 1310 1742 Domine
1332 1700 1447 1741 Deus

59 1788 79 1810 n
112 1770 326 1815 virtutum
342 1805 352 1825 ,
380 1769 530 1813 beatus
552 1769 685 1813 homo
707 1769 783 1829 qui
810 1777 953 1828 sperat
976 1768 1021 1812 in
1044 1777 1103 1812 tc.
1131 1790 1148 1810 »

102 1876 111 1893 ¹
139 1869 254 1902 Matth.
272 1880 305 1910 v,
325 1867 379 1911 45.

196 2680 335 2711 cxvu.
1134 2669 1177 2705 11
