1926 3339
409 348 648 375 EivAnnA'rro
680 347 722 373 m
758 347 959 373 PSALMUM
994 348 1092 371 1011.
1351 336 1433 373 355

56 412 180 470 bilis,
204 428 294 456 non
314 413 501 472 pertines
524 412 578 455 ad
604 431 624 453 «
647 411 807 455 Orbem
831 419 1044 453 terrarum
1061 445 1071 464 ,
1102 409 1178 469 qui
1203 425 1293 452 non
1316 426 1438 454 com-

58 501 78 524 »
113 483 372 527 movebitur.
402 482 552 526 Induit
573 482 784 527 Dominus
803 479 1106 525 fortitudinem
1127 515 1138 535 ,
1162 488 1206 523 ct
1228 480 1439 538 praecinc-

57 571 78 596 »
112 561 182 596 tus
203 562 280 596 est.
316 572 336 593 »
369 555 430 597 De
461 553 554 612 ipso
589 552 745 596 decore
773 553 816 595 et
848 550 1103 595 fortitudine
1136 551 1270 594 habet
1306 550 1438 594 alium

54 623 201 668 locum
224 622 443 682 apostolus
472 622 630 666 Paulus
657 642 665 666 :
698 642 717 664 «
749 625 830 666 Per
857 637 975 665 arma
993 621 1170 681 justitiae
1199 620 1376 665 dextera
1398 629 1442 664 et

58 712 79 735 »
114 694 298 738 sinistra.
328 712 347 735 1)
373 693 482 737 Vide
505 693 581 737 ubi
600 693 823 747 decorem,
855 693 931 736 ubi
957 691 1258 737 fortitudinem
1281 711 1290 736 ε
1321 711 1341 733 «
1362 695 1443 735 Per

57 782 78 805 »
115 763 296 822 gloriam
316 772 360 808 et
381 763 700 822 ignobilitatem
718 766 747 807 ¹.
767 781 786 804 »
811 766 861 807 In
875 762 1007 820 gloria
1026 763 1209 807 decorus
1225 798 1235 816 ,
1254 762 1299 805 in
1315 762 1444 820 igno-
1480 756 1483 759 ’

55 834 223 878 bilitate
256 833 393 878 fortis.
425 833 555 894 Apud
584 833 689 877 alios
717 833 926 891 gloriosus
956 833 1301 893 praedicabatur,
1327 831 1445 892 apud

57 904 161 949 alios
182 904 384 963 ignobilis
402 905 780 948 contemnebatur.
803 907 1009 948 Decorem
1037 903 1246 947 afferebat
1269 903 1326 946 eis
1345 903 1445 963 qui-
1478 903 1482 906 ’

57 976 138 1020 bus
150 975 346 1035 placebat
361 1010 371 1028 ,
398 974 702 1019 fortitudinem
725 974 927 1018 adversus
952 990 1023 1018 eos
1047 976 1205 1034 quibus
1228 972 1431 1032 displice-

58 1047 148 1091 bat.
173 1049 230 1090 Et
263 1046 322 1090 sic
353 1055 580 1089 enumerat
606 1045 751 1089 omnia
783 1060 922 1105 usque
956 1046 1001 1088 in
1023 1045 1176 1098 finem,
1202 1044 1279 1087 ubi
1306 1042 1411 1087 dicit
1434 1062 1443 1088 ;

63 1138 82 1160 α
115 1117 244 1170 Quasi
257 1116 364 1160 nihil
377 1117 584 1160 habentes
600 1151 610 1169 ,
631 1126 674 1159 et
692 1115 836 1160 omnia
856 1114 1197 1174 possidentes2.»
1221 1116 1335 1159 Cum
1348 1129 1446 1158 om-

59 1189 130 1232 nia
158 1187 377 1247 possidet,
413 1186 595 1230 decorus
625 1197 714 1243 cst,
745 1201 846 1230 cum
876 1185 985 1229 nihil
1016 1185 1176 1233 habet.
1212 1184 1335 1229 fortis
1367 1194 1445 1229 est.

58 1261 157 1303 Non
185 1274 288 1317 ergo
311 1258 471 1301 mirum
488 1293 498 1312 ,
523 1257 558 1301 si
579 1257 776 1316 sequitur
793 1292 802 1310 ,
828 1276 848 1298 «
874 1256 1048 1300 Etenim
1077 1255 1351 1299 confirmavit
1377 1271 1450 1299 or-

63 1345 83 1371 »
102 1329 204 1373 bem
224 1338 366 1383 terrae,
382 1328 458 1388 qui
478 1343 567 1371 non
582 1328 972 1371 commovebitur.»
986 1326 1214 1379 Quomodo
1230 1327 1345 1369 enim
1359 1342 1448 1370 non

61 1401 408 1446 commovebitur
427 1400 542 1444 orbis
573 1401 813 1443 terrarum?
828 1401 940 1443 Cum
958 1398 1144 1442 creduut
1171 1398 1215 1441 in
1232 1398 1454 1442 Christum

62 1485 212 1517 omnes
229 1470 400 1526 fideles,
425 1480 468 1515 et
485 1470 621 1530 parati
643 1480 745 1514 sunt
768 1470 823 1513 ad
849 1479 1108 1529 utrumque,
1140 1468 1328 1528 gaudere
1351 1484 1452 1512 cum

62 1542 344 1588 laudantibus
359 1578 370 1597 ,
396 1541 527 1586 fortes
550 1557 638 1586 esse
655 1541 858 1585 adversus
881 1541 1203 1599 vituperantes3
1229 1556 1319 1584 11011
1339 1540 1454 1583 11101-

64 1613 224 1659 lescere
245 1613 404 1672 linguis
419 1610 693 1657 laudantium
715 1647 726 1667 ,
752 1627 831 1656 nec
857 1611 993 1669 frangi
1017 1611 1176 1670 linguis
1202 1611 1458 1670 vituperan-

67 1685 193 1730 tium.

125 1759 208 1801 111.
227 1758 360 1800 Forte
372 1770 618 1815 quaeramus
635 1763 678 1797 et
695 1753 842 1798 dehoc
854 1753 1004 1807 verbo,
1019 1768 1154 1813 quare
1168 1751 1298 1797 dixit:
1319 1755 1459 1795 «Prae-

66 1850 86 1872 »
100 1830 268 1874 cinctus
278 1836 356 1872 est.
374 1847 392 1867 »
412 1827 586 1872 Cinctio
599 1841 729 1886 opera
743 1826 970 1885 significat.
999 1828 1121 1869 Tunc
1140 1825 1314 1868 enim-se
1336 1825 1457 1883 quis-

65 1917 152 1962 que
178 1899 336 1958 cingit,
372 1913 475 1942 cum
509 1907 765 1956 operaturus
799 1905 873 1940 est⁴
914 1896 998 1941 Sed
1034 1912 1168 1955 quare
1205 1911 1294 1939 non
1318 1895 1452 1949 dixit,

65 1974 244 2017 Cinctus
267 1979 353 2026 est,
388 1967 484 2023 sed,
515 1967 815 2011 «Praecinctus
837 1969 967 2010 est?»
1011 1966 1120 2010 Dicit
1142 1967 1258 2009 enim
1289 1966 1334 2008 in
1369 1965 1453 2008 alio

68 2042 263 2088 Psalmo:
290 2039 558 2096 «Accingere
581 2038 775 2097 gladium
799 2047 925 2081 tuum
943 2038 1054 2081 circa
1077 2036 1219 2080 femur
1242 2037 1456 2096 potentis-

73 2135 90 2155 »
116 2115 221 2158 sime
247 2130 256 2156 :
280 2110 431 2171 populi
452 2110 533 2153 sub
557 2118 600 2152 te
629 2108 786 2153 cadent
801 2110 832 2151 ³.
859 2127 877 2148 »
897 2111 984 2153 Nec
1007 2108 1069 2151 ibi
1090 2107 1196 2151 dixit
1212 2127 1221 2152 ι
1240 2108 1426 2166 Cingere
1441 2142 1452 2160 ,

69 2199 211 2244 neque
226 2218 236 2237 ,
279 2180 567 2240 praecingere,
601 2178 704 2233 sed,
748 2198 769 2220 (ι
787 2179 1023 2236 Accingere.
1044 2176 1239 2236 gladium
1262 2186 1404 2220 tuum.
1431 2194 1450 2216 »

70 2252 316 2311 Accingeris
347 2251 464 2293 enim
491 2248 668 2309 quando
700 2248 864 2308 aliquid
890 2247 1089 2306 adjungis
1119 2246 1242 2289 lateri
1279 2256 1353 2290 tuo
1378 2261 1456 2304 per

70 2324 346 2370 cinctionem.
374 2319 500 2373 Ideo,
541 2321 816 2377 «Accingere
840 2317 1031 2376 gladium
1066 2326 1207 2360 tuum.
1228 2335 1246 2357 »
1275 2316 1454 2360 Gladius

71 2395 243 2442 Domini
257 2393 375 2436 unde
388 2390 623 2434 debellavit
635 2390 787 2434 orbem
803 2399 1030 2441 terrarum,
1047 2387 1286 2432 occidendo
1299 2388 1454 2447 nequi-

71 2468 198 2521 tiam,
227 2464 409 2524 Spiritus
432 2463 509 2506 Dei
527 2463 651 2505 estin
664 2461 844 2506 veritate
859 2460 1066 2503 sermonis
1084 2459 1170 2502 Dei.
1192 2463 1331 2512 Quare
1345 2459 1457 2502 circa

74 2540 216 2583 femur
248 2534 470 2591 accingere
502 2533 660 2576 dicitur
688 2530 917 2589 gladium?
939 2530 1070 2574 Aliud
1100 2529 1278 2590 quidem
1301 2545 1353 2573 ex
1375 2529 1459 2572 alio

74 2609 129 2653 de
151 2607 234 2651 alio
260 2602 430 2649 Psalmo
461 2602 519 2646 ad·
545 2602 806 2646 cinctionem
829 2601 1041 2645 diximus:
1069 2600 1144 2644 sed
1178 2609 1325 2643 tamen
1356 2601 1479 2659 quia,

129 2700 137 2715 ¹
161 2700 182 2723 2
199 2693 391 2723 Coi·.v1.—-
412 2693 424 2708 ²
439 2686 523 2718 Ibid.
542 2698 592 2718 10.
616 2702 657 2707 —·
674 2683 687 2706 3
712 2684 790 2716 Psal.
815 2695 898 2723 uzv,
925 2682 957 2725 4,
973 2683 1005 2715 6.
