1926 3339
402 275 644 305 ENARRATm
676 278 722 304 IN
750 276 953 305 PsALMUM
982 277 1113 306 Lxxx.
1365 273 1441 309 101

63 441 272 456 ΜννὶἢΛΜῶΙῐΛ-νῗ
276 440 414 456 mmmmm
418 439 1194 456 wutvvvtmvumvummmmmmwmwmmmm
1199 441 1405 457 mumma-‘¹
1409 442 1447 458 w

561 572 947 624 ENARRATio

442 736 502 774 IN
551 736 853 776 PSALMUM
890 737 1074 776 Lxxx.

325 894 473 937 Sermo
508 890 562 936 ad
587 892 760 952 plebem
786 891 1179 951 carthaginensem.

118 1041 153 1083 Ι.
190 1041 329 1091 Loom
355 1037 410 1082 ad
432 1054 507 1083 vos
534 1037 589 1082 de
606 1039 807 1098 praesenti
824 1037 994 1083 Psalmo
1018 1039 1305 1098 suscepimus¹
1336 1056 1343 1082 :
1366 1037 1446 1081 ad-

53 1109 178 1169 jttvet
198 1125 350 1153 vocem
373 1119 564 1153 nostram
586 1109 708 1169 quies
741 1118 905 1167 vestr33
942 1110 1102 1153 etenim
1139 1108 1363 1169 aliquanto
1386 1117 1451 1152 est

57 1179 284 1224 obtunsior
305 1199 314 1224 ε
335 1179 458 1223 dabit
480 1180 516 1223 ci
535 1180 645 1224 vires
665 1180 849 1224 intentio
878 1179 1150 1224 audientium
1165 1217 1176 1235 ‚
1205 1190 1247 1224 et
1276 1179 1450 1239 adjuto-

57 1250 170 1294 rium
198 1250 393 1311 jubentis
424 1260 475 1295 ut
512 1250 681 1311 loquar.
713 1250 908 1295 Titulum
932 1251 1066 1295 habet
1103 1250 1297 1295 Psalmus
1325 1251 1402 1294 iste
1439 1270 1448 1294 :

60 1341 78 1364 «
115 1325 168 1366 In
191 1322 322 1365 finem
357 1338 435 1381 pro
471 1322 793 1377 torcularibusg
826 1323 978 1383 quinta
1016 1322 1216 1377 sabbati,
1254 1321 1450 1366 Psalmus

59 1410 80 1433 »
114 1392 195 1452 ipsi
231 1393 394 1451 Asaph.
422 1413 438 1433 »
468 1395 518 1436 In
541 1408 679 1436 unum
714 1392 892 1436 titulum
933 1392 1071 1436 multa
1106 1401 1209 1436 sunt
1245 1401 1449 1451 congesta

56 1463 282 1521 mysteria,
318 1464 377 1507 ita
414 1473 560 1507 tamen
596 1472 645 1506 ut
673 1463 807 1506 limen
837 1463 994 1507 Psalmi
1028 1463 1191 1507 indicet
1223 1463 1444 1507 interiora.

56 1536 168 1579 Cum
183 1533 237 1578 dc
260 1534 551 1578 torcularibus
572 1533 762 1578 locuturi
786 1549 933 1578 sumus
949 1569 959 1588 ‚
996 1548 1125 1578 nemo
1149 1542 1341 1578 vestrum
1367 1533 1448 1577 ali-

55 1603 163 1664 quid
188 1613 386 1663 expectet
419 1620 497 1648 nos
534 1604 726 1649 dicturos
755 1620 844 1648 esse
881 1603 935 1647 dc
971 1603 1098 1660 lacu,
1128 1603 1182 1647 de
1214 1603 1360 1663 prelo,
1394 1604 1449 1647 dc

55 1675 212 1719 fiscinis
239 1695 247 1720 :
274 1675 374 1736 quia
398 1690 478 1719 nec
501 1675 591 1735 ipse
614 1675 808 1720 Psalmus
831 1676 913 1719 hoc
935 1674 1095 1729 habet,
1133 1683 1175 1718 et
1193 1673 1291 1717 ideo
1313 1674 1448 1732 magis

55 1745 219 1789 indicat
240 1746 509 1803 mysterium.
536 1747 645 1791 Nam
668 1755 709 1789 et
732 1746 766 1790 si
801 1744 966 1806 aliquid
1004 1744 1089 1788 tale
1126 1744 1285 1788 Psalmi
1307 1753 1448 1788 textus

55 1816 313 1871 contineret,
340 1832 428 1860 non
447 1816 613 1861 deesset
635 1817 711 1877 qui
736 1825 907 1876 putaret
930 1816 984 1860 ad
1006 1815 1196 1860 litteram
1228 1831 1318 1859 esse
1341 1816 1450 1860 acci-

55 1885 212 1946 pienda
231 1886 462 1930 torcularia
485 1922 494 1941 ,
514 1903 593 1931 nec
616 1886 781 1947 aliquid
797 1886 884 1931 illic
905 1885 1089 1946 amplius
1103 1885 1414 1946 requirendum
1433 1921 1444 1941 ,

54 1973 135 2001 nec
152 1958 332 2015 mystice
350 1957 513 2018 aliquid
538 1958 755 2017 positum,
790 1967 833 2002 et
849 1967 1012 2002 sacrate
1035 1957 1349 2015 significatum3
1374 1956 1450 2001 sed

54 2028 215 2073 diceret
239 2049 247 2073 :
276 2029 535 2088 Simpliciter
559 2028 754 2072 Psalmus
776 2028 831 2073 de
855 2028 1142 2073 torcularibus
1165 2028 1373 2088 loquitur,
1406 2036 1449 2071 et

56 2111 100 2143 tu
122 2100 228 2143 mihi
252 2100 395 2144 nescio
418 2100 526 2160 quid
541 2099 659 2143 uliud
669 2100 909 2159 suspicaris.
931 2099 1050 2144 Nihil
1068 2099 1136 2143 hic
1151 2099 1234 2143 tale
1252 2098 1444 2154 audistis,

54 2186 154 2215 cum
175 2170 407 2230 legeretur.
435 2174 550 2228 Ergo
569 2171 750 2230 accipite
769 2169 1001 2215 torcularia
1024 2170 1279 2228 mysterium
1294 2169 1448 2214 Eccle-

54 2244 126 2287 siae
144 2279 154 2298 ‚
187 2243 309 2304 quod
340 2260 457 2288 nunc
491 2245 646 2301 agitur.
674 2246 726 2287 ln
749 2242 1038 2287 torcularibus
1064 2242 1448 2285 animadvertimus

54 2314 257 2375 quaedam
296 2315 374 2358 tria
393 2350 402 2368 ‚
428 2330 671 2374 pressuram
691 2349 701 2369 ‚
734 2323 777 2357 et
798 2313 853 2357 de
874 2329 1072 2373 pressura
1101 2313 1303 2373 quaedam
1326 2311 1416 2356 duo
1433 2347 1444 2368 ,

54 2401 193 2429 unum
215 2384 543 2429 recondendum
559 2420 570 2440 ,
596 2384 779 2428 alterum
816 2383 1148 2445 projiciendum.
1187 2384 1257 2427 Fit
1277 2399 1379 2441 ergo
1402 2383 1447 2426 in

55 2455 261 2500 torculari
283 2454 555 2499 conculcatio
569 2490 579 2509 ‚
606 2454 829 2499 tribulatio
847 2491 857 2510 ,
878 2455 1052 2515 pondus
1072 2475 1079 2499 :
1101 2464 1144 2499 et
1160 2454 1205 2497 in
1222 2455 1287 2498 his
1302 2453 1446 2498 oleum

55 2526 274 2587 eliquatur
306 2525 475 2571 occulte
498 2526 544 2569 in
583 2526 908 2585 gemellarium,
946 2542 1119 2570 amurca
1157 2524 1333 2585 publice
1368 2540 1446 2584 per

104 2630 109 2643 ¹
133 2622 211 2653 vide
230 2625 265 2653 D.
287 2622 407 2654 Guillou
426 2648 433 2663 ‚
454 2627 532 2654 tom.
553 2633 630 2661 xxiv,
651 2633 721 2662 pass.
748 2635 776 2663 x,
799 2631 830 2654 Ἰ.
