1926 3339
479 299 558 336 176
906 309 938 336 S.
976 309 1203 338 Auousnm
1238 311 1416 337 Er1scori

478 394 496 416 «
525 377 580 419 Et
602 376 777 419 veniens
790 375 1258 435 evangelizavitpaeem
1275 375 1396 419 vobis
1415 374 1490 434 qui
1509 375 1632 418 eratis
1653 374 1851 433 longe‚et

475 463 494 486 n
534 461 683 505 pacem
706 447 770 490 his
790 447 864 506 qui
895 449 1069 505 prope¹.
1101 465 1119 486 »
1152 449 1270 498 Quos
1301 444 1408 488 dixit
1435 444 1510 504 qui
1544 454 1665 489 erant
1686 448 1851 505 prope?

472 516 663 571 ludaeos,
686 517 788 576 quia
810 531 949 559 unum
975 519 1113 559 Deum
1131 515 1346 560 colebant.
1365 518 1482 568 Quos
1504 514 1610 559 dixit
1631 515 1706 575 qui
1728 524 1852 560 erant

471 586 630 643 longe?
659 588 817 630 Gentes
840 585 941 645 quia
963 585 1215 630 dimiserant
1236 600 1336 629 eum
1360 601 1382 629 a
1403 601 1491 645 quo
1512 584 1614 629 faeti
1636 595 1758 630 erant
1773 620 1784 640 ‚
1809 595 1853 630 et
1915 597 1919 645 ξ

470 655 672 699 colebant
692 656 765 699 illa
782 672 880 714 quae
896 655 977 715 ipsi
990 655 1196 699 fecerant.
1209 657 1306 700 Non
1323 655 1438 699 enim
1457 655 1705 713 regionibus
1724 655 1852 714 longe
1915 676 1918 712 g

470 734 533 768 est
554 726 738 785 quisque
756 742 779 769 a
797 729 886 770 Deo
902 761 912 781 ,
937 724 1013 769 sed
1036 725 1279 770 affectibus.
1302 728 1431 770 Amas
1450 729 1604 781 Deum,
1630 741 1765 785 prope
1779 740 1822 770 es
1839 744 1849 770 :

469 795 596 840 odisti
633 799 794 851 Deum,
826 795 955 855 longe
978 812 1037 841 es.
1072 798 1169 841 Uno
1197 795 1294 840 loeo
1316 805 1455 850 stans,
1489 805 1532 840 et
1552 812 1688 856 prope
1715 812 1785 852 es,
1810 805 1854 840 et
1914 810 1918 859 ξ

467 865 597 925 longe
625 882 684 911 es.
720 869 858 926 Ergo,
895 867 1076 922 fratres,
1113 867 1297 926 respexit
1325 867 1404 911 ista
1427 866 1644 926 Propheta
1670 885 1679 910 ε
1710 881 1853 926 quan-
1915 883 1918 924 3

467 952 600 996 quam
630 937 874 996 generalem
896 937 1004 982 vidit
1034 937 1373 982 misericordiam
1403 938 1482 982 Dei
1512 953 1642 997 super
1672 953 1850 993 omnes,
1915 961 1917 997 3

469 1017 614 1053 tamen
636 1008 801 1069 ali‘quid
823 1009 1006 1069 speciale
1029 1019 1071 1053 et
1092 1010 1318 1069 proprium
1340 1009 1451 1054 vidit
1471 1009 1514 1052 in
1538 1018 1665 1067 gente
1682 1008 1850 1063 Juclaea,
1914 1022 1917 1031 ⁴

468 1088 511 1123 et
533 1079 592 1123 ait
613 1098 621 1124 ε
647 1099 667 1122 «
693 1082 1021 1124 Verumtamen.
1048 1079 1233 1124 Audiam
1258 1078 1365 1140 quid
1388 1080 1592 1139 loquetur
1610 1080 1656 1123 in
1675 1094 1742 1124 me
1763 1082 1853 1123 Do·
1914 1096 1916 1120 ;

470 1167 489 1190 »
525 1150 668 1193 minus
701 1153 814 1193 Deus
856 1170 865 1194 :
907 1150 1115 1210 quoniam
1153 1149 1358 1210 loquetur
1399 1165 1550 1209 pacem
1593 1149 1638 1192 in
1680 1148 1854 1208 plebem
1914 1162 1916 1194 ;

469 1239 488 1261 η
526 1236 662 1264 suam.
690 1239 709 1261 »
736 1224 793 1264 Et
814 1220 937 1280 plebs
969 1221 1101 1279 ipsius
1130 1237 1218 1264 non
1248 1220 1399 1264 Judaea
1432 1220 1522 1264 sola
1552 1220 1660 1274 erit,
1696 1218 1773 1263 sed
1799 1219 1853 1263 de
1913 1220 1916 1258 Ῑ

467 1291 669 1334 omuibus
699 1292 910 1335 Gentibus
933 1291 1163 1350 colligetur
1186 1312 1194 1336 ;
1226 1311 1245 1333 ι(
1269 1291 1378 1344 Quia
1402 1307 1531 1350 super
1559 1301 1728 1335 sanctos
1755 1306 1853 1334 suos
1913 1315 1915 1348 3

468 1378 487 1400 »
522 1359 728 1420 loquetur
749 1377 915 1420 pacem,
934 1362 1039 1404 etin
1059 1377 1129 1405 eos
1148 1362 1221 1422 qui
1243 1370 1504 1406 convertunt
1525 1376 1599 1405 eor
1621 1360 1676 1404 ad
1691 1361 1849 1420 ipsum,
1912 1366 1914 1418 ξ

469 1450 487 1471 »
523 1441 566 1475 et
597 1447 746 1476 omnes
775 1433 851 1492 qui
881 1433 1130 1477 conversuri
1164 1442 1266 1477 sunt
1288 1448 1362 1476 cor
1389 1433 1445 1476 ad
1477 1432 1619 1491 ipsum
1645 1431 1700 1475 de
1735 1432 1854 1476 omui

467 1519 486 1542 >›
524 1502 629 1546 orbe
652 1512 878 1546 terrarum.
906 1505 1217 1547 Verumtamen
1239 1519 1374 1562 prope
1397 1504 1596 1547 timentes
1619 1518 1721 1546 eum
1742 1501 1854 1546 salu-

466 1590 486 1613 »
523 1581 613 1616 tare
634 1573 792 1632 ipsius,
812 1583 861 1617 ut
880 1573 1095 1618 inhabitet
1117 1573 1250 1631 gloria
1271 1574 1316 1618 in
1339 1582 1451 1617 terra
1475 1583 1644 1618 nostra:
1662 1591 1681 1614 »
1704 1573 1750 1617 id
1771 1581 1850 1627 est,

462 1642 508 1685 in
530 1659 579 1686 ea
599 1653 737 1698 terra,
764 1644 808 1686 in
831 1660 917 1704 qua
943 1653 1069 1688 natus
1093 1653 1185 1690 erat
1208 1645 1446 1703 Propheta,
1472 1643 1689 1687 inhabitet
1719 1642 1853 1700 gloria

463 1715 598 1773 major
615 1735 625 1771 3
651 1715 752 1774 quia
774 1714 876 1757 inde
894 1715 1029 1774 eoepit
1046 1715 1271 1774 praedicari
1289 1715 1498 1760 Christus.
1513 1714 1622 1758 Inde
1638 1712 1849 1773 Apostoli,

462 1793 506 1827 et
526 1783 629 1827 illue
648 1784 766 1843 prius
794 1785 911 1828 missi
932 1804 939 1828 ε
963 1784 1066 1828 inde
1090 1786 1318 1844 Prophetae
1335 1789 1357 1839 ‚'
1371 1785 1432 1828 ibi
1454 1785 1595 1843 primo
1613 1783 1849 1843 templum,

461 1854 523 1897 ibi
540 1855 861 1898 sacrificabatur
883 1858 990 1909 Deo,
1008 1855 1070 1898 ibi
1094 1856 1368 1911 Patriarehae,
1394 1855 1456 1899 ibi
1473 1855 1564 1914 ipse
1586 1854 1716 1899 etiam
1732 1854 1852 1899 venit

462 1923 516 1967 de
538 1925 699 1968 semine
722 1925 910 1968 Abrahae
925 1960 935 1979 ‚
957 1925 1018 1968 ibi
1039 1925 1338 1969 manifestatus
1362 1934 1426 1969 est
1447 1919 1643 1969 Christus
1661 1959 1671 1980 ‚
1696 1925 1756 1968 ibi
1775 1939 1854 1984 ap-

460 1995 604 2054 paruit
639 1995 834 2039 Christus
866 2014 874 2038 :
907 1994 1010 2038 inde
1041 1995 1158 2038 enim
1197 1995 1331 2054 Virgo
1368 1995 1528 2050 Maria,
1563 2011 1663 2055 quae
1684 1995 1853 2054 peperit

461 2066 695 2110 Christum.
717 2066 785 2109 Ibi
808 2065 1048 2109 ambulavit
1067 2065 1254 2126 pedibus
1281 2066 1367 2110 suis
1384 2102 1394 2121 ,
1414 2065 1476 2109 ibi
1497 2065 1710 2109 mirabilia
1730 2064 1848 2109 fecit.

460 2138 683 2180 Postremo
705 2145 877 2180 tantum
895 2137 1109 2180 honorem
1132 2135 1195 2180 illi
1213 2136 1330 2194 genti
1353 2135 1539 2191 detulit,
1560 2144 1610 2180 ut
1631 2150 1732 2180 cum
1749 2150 1852 2179 eum

459 2206 755 2267 interpellaret
776 2208 981 2267 quaedam
998 2207 1154 2251 mulier
1171 2208 1418 2252 Chananaea
1446 2206 1630 2251 salutem
1652 2221 1851 2266 quaerens

460 2277 561 2321 filiae
581 2293 691 2333 suae,
718 2277 873 2322 dixerit
888 2278 926 2322 ei
953 2297 961 2322 :
987 2280 1121 2323 «Non
1148 2293 1245 2322 sum
1261 2277 1412 2321 missus
1435 2277 1518 2321 nisi
1538 2276 1594 2321 ad
1615 2292 1730 2332 oveS,
1751 2292 1872 2337 quae·
1905 2296 1926 2324 ν

462 2366 482 2388 »
517 2348 741 2407 perierunt
763 2348 918 2393 domus
942 2348 1116 2393 Israew.
1145 2367 1165 2390 »
1191 2350 1284 2393 Hoc
1306 2363 1409 2406 ergo
1426 2347 1578 2393 videns
1602 2348 1817 2407 Propheta
1832 2381 1843 2402 ‚

459 2418 519 2462 ait
545 2438 553 2463 2
584 2438 603 2461 «
628 2421 940 2463 Verumtamen
962 2434 1098 2479 prope
1121 2418 1323 2463 timentes
1345 2433 1446 2461 eum
1467 2417 1653 2462 salutare
1687 2417 1817 2477 ipsius
1832 2451 1844 2472 ,

461 2505 482 2530 >›
517 2499 568 2533 ut
589 2489 805 2534 inhabitet
826 2488 959 2548 gloria
984 2490 1031 2532 in
1053 2497 1166 2533 terra
1190 2497 1352 2533 nostra.
1382 2506 1403 2529 »

516 2562 620 2604 XII.
645 2579 666 2603 «
685 2559 976 2605 Misericordia
994 2570 1038 2604 et
1054 2560 1212 2604 veritas
1234 2567 1519 2604 occurrerunt
1539 2558 1659 2602 sibiss.
1681 2575 1702 2599 »
1728 2556 1848 2602 Veri—

507 2650 516 2666 ¹
539 2645 654 2687 EPhes.
675 2655 709 2686 n,
726 2655 775 2686 ¹7-
797 2662 838 2667 -
858 2651 871 2667 ²
890 2643 1002 2677 Matth.
1023 2655 1077 2685 xv,
1095 2643 1149 2686 24.
1173 2660 1213 2666 -
1234 2642 1247 2667 3
1268 2643 1347 2676 Psal.
1369 2654 1502 2679 Lxxxw,
1530 2653 1580 2674 11.
